2132 3730
444 201 957 266 VSYMBOLA
1010 205 1485 272 pot-JTVJCA.
1687 273 1691 274 f
1814 225 1893 266 155

263 340 350 402 (a)
388 338 526 408 Celsa
551 337 978 408 potestatisspecies
1006 358 1100 390 non
1134 357 1245 393 voce
1260 338 1445 405 feroci,

257 409 380 460 Non
402 410 495 463 alto
509 408 742 480 simulata
759 409 948 481 gradu,
982 429 1078 460 non
1101 411 1325 477 improba
1343 413 1485 482 gesta.

257 521 353 565 Tam
371 526 526 566 terribili
543 524 697 578 aspectu
713 533 794 565 erat
818 524 996 565 Affuerus
1022 523 1108 563 Rex
1127 533 1169 563 ut
1195 524 1353 578 ingressa
1370 527 1418 567 ad
1437 528 1518 580 eJ‘us
1543 529 1750 582 alloquium
1776 527 1894 585 Regi-

81 593 129 622 na
146 579 282 623 Esther
308 584 335 634 (
346 584 407 638 b)
438 588 566 627 animo
597 584 851 638 linqueretur:
882 595 997 637 atque
1019 592 1062 622 ut
1090 582 1137 622 ad
1163 584 1201 623 se
1228 585 1370 626 rediret
1396 587 1548 628 neceffe
1577 588 1672 639 fuit,
1702 599 1744 631 ut
1763 591 1895 644 spiritu

74 642 192 694 Regis
222 643 405 685 divinitus
431 646 470 686 in
500 646 828 687 mansuetudinem
853 643 921 700 (c)
949 643 1138 684 converso
1156 673 1168 690 ‚
1201 645 1393 697 sceptrum
1417 657 1573 701 tangere
1597 649 1818 702 juberetur,
1849 662 1894 692 ut

84 701 253 753 videret,
281 717 363 745 non
387 705 462 746 effe
477 707 545 748 nifi
570 716 748 747 truncum
773 707 995 746 deauratum
1014 703 1051 742 &
1066 703 1263 745 hominem
1296 705 1373 760 (d)
1404 720 1483 747 non
1503 707 1712 758 visionem,
1741 713 1893 762 qualem

71 760 139 800 fibi
158 761 284 804 fuerat
316 765 384 820 (e)
414 767 632 819 imaginata.
695 767 735 807 Si
757 765 855 806 istud
875 766 914 805 in
933 763 1080 816 Regina
1113 764 1264 805 efficere
1288 768 1418 817 potuit
1441 766 1622 819 Majestas
1648 771 1806 811 nimium
1838 773 1894 813 se.

19 858 21 862 .
73 832 163 861 vera
182 823 220 863 &
245 825 464 876 incondita,
495 827 588 880 quid
609 839 689 866 non
718 826 834 867 saciet
849 826 888 864 in
910 825 1070 864 homine
1089 825 1216 876 aliquo
1243 825 1482 878 pauperculo
1508 827 1546 868 &
1569 827 1738 868 afflicto?
1769 829 1893 871 Sacrae

67 884 213 934 paginae
235 885 451 938 Principem
465 887 660 939 appellant
689 884 776 941 (f)
805 884 1009 925 Medicum
1027 884 1147 924 immo
1176 884 1258 940 (g)
1286 886 1438 928 Patrem
1454 918 1468 938 ,
1493 888 1559 929 sed
1575 900 1649 928 nec
1670 890 1734 928 ille
1752 901 1894 942 aegrum

68 952 198 994 curat,
227 957 303 985 nec
332 946 396 986 hic
411 945 531 987 filium
549 948 736 1000 gubernat
760 945 1027 985 inhumaniter.
1517 969 1520 971 Δ

244 1005 279 1057 §.
313 1006 434 1058 Quod
458 1007 486 1048 si
519 1019 568 1047 ex
585 1005 788 1046 occasione
809 1004 1003 1045 interdum
1024 1004 1254 1045 conturbata
1268 1004 1377 1047 frons
1393 1007 1578 1060 Principis
1592 1038 1605 1058 ,
1635 1008 1803 1049 nubibus
1818 1010 1889 1050 ob-

71 1059 234 1103 ducetur
255 1076 388 1105 contra
407 1066 597 1106 subditum
614 1096 626 1116 ‚
658 1066 795 1105 talibus
826 1066 864 1104 in
893 1064 1202 1116 reprehensione
1220 1076 1349 1106 utatur
1373 1069 1523 1117 verbis,
1554 1070 1781 1109 ut.virtutes
1806 1072 1887 1122 ejus

15 1143 17 1147 ι
65 1122 259 1164 collaudet
277 1128 464 1176 primum,
495 1126 532 1166 ὅτ.
559 1124 698 1166 deinde
716 1124 995 1177 turpitudinem
1014 1123 1140 1165 delicti
1160 1126 1194 1165 ei
1214 1135 1336 1178 ponat
1356 1128 1408 1167 ob
1433 1127 1592 1177 oculos,
1621 1138 1737 1180 atque
1758 1131 1810 1169 ita
1826 1142 1891 1183 ge-

16 1221 17 1224 ,
65 1184 241 1223 nerosum
258 1186 310 1224 illi
332 1185 523 1237 pudorem
547 1187 733 1236 incutiat,
763 1185 951 1237 siquidem
974 1184 1022 1225 ad
1046 1186 1197 1225 virtutis
1222 1187 1349 1227 lucem
1367 1189 1450 1227 vitii
1470 1188 1607 1229 umbra*
1625 1190 1791 1241 apertius
1812 1190 1888 1231 sese

14 1268 17 1273 ,
63 1241 207 1291 prodit.
268 1244 496 1285 Cavendum
529 1257 709 1297 quoque,
741 1257 792 1285 ne
821 1245 1068 1296 reprehensio
1088 1255 1177 1285 tam.
1195 1248 1322 1297 gravis
1352 1247 1398 1287 sit
1415 1248 1452 1288 &
1473 1249 1654 1301 publica,
1675 1258 1718 1288 ut
1735 1250 1885 1301 perdita

61 1298 137 1351 jam
158 1301 459 1353 existimatione,
493 1303 643 1344 subdito
663 1304 823 1356 amplius
840 1305 1030 1357 integrum
1047 1317 1131 1359 non,
1148 1305 1192 1344 fit
1215 1305 1379 1347 eandem
1395 1319 1600 1360 reparare,
1638 1320 1741 1348 neve
1762 1311 1801 1348 in
1822 1310 1887 1349 de-

14 1388 15 1393 η
59 1358 152 1400 Ιίἃο
191 1362 359 1403 obstinet
387 1364 567 1403 animum.
628 1362 958 1403 Commisceantur
980 1375 1074 1417 ergo
1098 1366 1197 1404 inter
1227 1365 1266 1404 se
1297 1367 1351 1405 ira
1381 1366 1419 1406 δι
1441 1368 1675 1420 benignitas,
1705 1381 1819 1420 poeua
1848 1370 1885 1409 δι

14 1452 15 1458 ,
57 1423 278 1471 proemium:
311 1423 514 1475 quomodo
541 1424 578 1463 in
604 1424 749 1463 vellere
766 1435 884 1463 aureo
911 1425 1039 1463 annuli
1059 1423 1252 1463 testentur
1264 1425 1451 1475 filicibus,
1475 1427 1513 1466 &
1535 1429 1634 1466 inter
1650 1428 1736 1467 illos
1753 1430 1791 1468 in
1805 1441 1884 1469 me-

58 1478 125 1519 dio
143 1480 307 1523 flammae
330 1485 470 1536 igneae,
501 1483 549 1523 ad
570 1483 858 1536 significandum
885 1495 955 1524 cor
978 1483 1162 1537 Principis
1186 1485 1304 1535 pyriti
1323 1487 1388 1525 vel
1411 1485 1504 1526 filici
1528 1486 1673 1527 debere
1695 1486 1771 1528 ess'e
1787 1488 1885 1529 fimi-

11 1540 15 1583 ?
60 1539 117 1586 le,
144 1542 250 1592 quod
268 1545 330 1582 irae
350 1544 421 1583 suae
438 1544 612 1583 scintillas
630 1553 760 1584 teneat
780 1544 954 1593 abditas,
981 1555 1031 1584 ne
1048 1545 1109 1584 cui
1135 1554 1283 1584 temere
1302 1555 1496 1594 noceant3
1526 1548 1580 1587 ita
1605 1556 1734 1588 tamen
1757 1548 1883 1601 dispo-

12 1601 13 1605 ’
58 1598 168 1640 fitum
186 1632 198 1650 ,
229 1613 271 1642 ut
293 1603 321 1643 fi
351 1602 456 1643 forte
480 1602 501 1643 a
523 1605 706 1656 quopiam
726 1603 971 1652 offendatur,
1002 1613 1067 1642 aut
1083 1604 1266 1643 afficiatur
1278 1604 1432 1656 injuria,
1462 1607 1502 1646 in
1530 1605 1710 1647 vindictae
1739 1618 1805 1648 aut
1819 1609 1882 1660 ju.

56 1657 162 1700 stitiae
182 1661 353 1703 flammas
373 1662 614 1709 exardescat3
643 1675 724 1703 non
743 1673 873 1703 tamen
890 1663 942 1701 ita
969 1674 1112 1713 pronas
1140 1664 1180 1702 in
1205 1666 1502 1714 executionem,
1531 1668 1623 1717 quin
1645 1679 1773 1707 rorem
1802 1670 1882 1708 vel·

55 1720 141 1759 leris
167 1720 242 1762 una
267 1724 305 1762 in
328 1732 514 1774 promptu
531 1723 672 1762 habeat
687 1721 734 1761 ad
761 1720 1041 1773 extinguendas
1069 1723 1170 1770 illas,
1201 1732 1267 1762 aut
1290 1722 1421 1764 saltem
1454 1724 1722 1766 moderandas.
1781 1725 1881 1770 Eze-

57 1779 153 1819 chiae
178 1781 332 1822 dicebat
358 1783 488 1823 Deus:
534 1781 612 1836 (h)
650 1781 703 1822 Ut
725 1781 970 1830 adamantem,
1001 1780 1053 1826 &³
1073 1789 1114 1820 ut
1128 1781 1253 1835 filicem
1278 1780 1356 1822 dedi
1373 1781 1507 1833 faciem
1527 1792 1645 1834 tuam,
1676 1798 1747 1838 per
1775 1787 1881 1831 hunc

52 1837 203 1889 justitiae
223 1842 495 1890 constantiam,
526 1854 596 1893 per
617 1841 720 1880 illum
751 1853 849 1880 vero
867 1842 995 1891 ignem
1016 1841 1169 1890 pietatis
1190 1841 1403 1890 symbolice
1441 1844 1618 1889 innuens.

223 1901 258 1952 ἕ.
294 1900 414 1953 Quod
430 1900 458 1939 fi
484 1900 666 1950 Princeps
681 1907 853 1938 naturam
878 1896 981 1937 suam
1000 1898 1168 1950 asperam
1186 1900 1484 1942 &inhumanam
1508 1901 1667 1944 domare
1689 1916 1872 1958 nequeat,

9 1970 10 1973 ¹
55 1956 256 2009 benignam
288 1960 419 1999 saltem
454 1960 526 1998 alat
555 1957 755 2006 familiam,
788 1969 872 2009 quae
906 1958 1036 1996 vicem
1064 1958 1162 1997 illius
1188 1958 1386 2010 suppleat,
1415 1962 1612 2002 benevole
1639 1975 1707 2004 eos
1736 1968 1875 2019 accipi-

53 2017 177 2069 endo,
209 2020 272 2070 qui
291 2021 538 2073 negotiorum
553 2017 662 2057 causa
680 2017 728 2057 ad
746 2020 870 2057 aulam
897 2016 1014 2068 ipfius
1042 2017 1223 2062 invisunt.
1285 2018 1396 2071 Saepe
1421 2031 1567 2061 amatur
1594 2022 1776 2076 Princeps
1808 2037 1872 2068 aut

51 2077 145 2117 odio
161 2080 323 2119 habetur
344 2081 396 2119 ob
415 2078 501 2119 suos
527 2076 770 2119 domestico&
833 2076 1008 2117 Multum
1038 2077 1219 2129 equidem
1248 2079 1372 2119 celare
1396 2077 1551 2132 possunt
1575 2081 1612 2122 &
1630 2093 1761 2136 tegere
1798 2085 1872 2143 (ut

52 2138 139 2178 alibi
155 2137 356 2196 diximus)
374 2139 526 2192 asperos
544 2137 728 2191 Principis
749 2137 801 2177 sui
824 2148 953 2178 mores
969 2165 982 2186 ‚
1012 2136 1040 2177 fi
1056 2137 1267 2190 prudenter
1289 2151 1357 2180 eos
1374 2143 1546 2194 mitigare
1574 2147 1778 2195 noverint,
1801 2157 1867 2188 aut

5 2198 8 2202 ’
50 2200 230 2239 excusare
246 2212 333 2240 cum
353 2201 484 2253 gratia,
1251 2226 1253 2229 .

221 2259 257 2312 ἕ.
289 2259 485 2300 Nationes
514 2255 686 2310 quaedam
707 2254 950 2309 Majestatem
970 2255 1151 2310 Regiam,
1183 2255 1275 2298 dum
1294 2258 1524 2301 audientiam
1542 2262 1745 2313 concedit,
1776 2264 1863 2318 post

51 2318 138 2356 vela
155 2318 193 2358 &
210 2322 398 2361 cortinam
412 2319 572 2367 abdunt,
586 2328 628 2357 ut
653 2329 848 2370 nunquam
867 2318 988 2357 oculis
1019 2329 1149 2358 coram
1170 2317 1347 2359 videatur
1372 2319 1393 2359 a
1418 2323 1583 2373 populo.
1642 2321 1739 2364 Mos
1757 2326 1866 2366 inhu-

50 2387 182 2417 manus
197 2380 391 2431 Regibus,
423 2378 586 2421 crudelis
605 2390 649 2418 ac
672 2378 852 2419 barbarus
870 2377 1047 2427 subditis,
1077 2376 1106 2418 fi
1124 2378 1279 2431 quando
1304 2381 1534 2422 inmanibus
1566 2384 1780 2435 nonlicet,
1812 2397 1862 2426 ne

4 2488 5 2491 Ἰ
49 2437 87 2474 in
111 2439 305 2487 praesentia
323 2440 479 2493 quidem
497 2440 550 2479 sui
567 2438 749 2492 Principis
767 2439 940 2479 solatium
961 2439 1136 2479 invenire
1156 2440 1307 2492 poffint.
1369 2440 1516 2482 Poterit
1529 2441 1688 2484 secessus
1709 2445 1772 2485 ille
1785 2458 1862 2486 ma-

49 2497 104 2546 gis
119 2500 370 2543 metuendum
386 2500 548 2542 reddere
565 2498 801 2553 Principem;
832 2500 950 2552 magis
973 2499 1174 2540 amabilem
1188 2500 1339 2540 efficere
1355 2512 1550 2553 nunquam
1566 2505 1724 2554 poterit.
1785 2505 1858 2546 Per

0 2559 1 2612 l
51 2556 187 2597 oculos
210 2559 248 2599 δε
267 2572 375 2601 aures
405 2573 512 2603 amor
528 2559 604 2599 sese
625 2560 664 2600 in
681 2573 748 2601 cor
764 2568 953 2613 penetrat.
1015 2560 1138 2614 Quod
1155 2572 1229 2600 nec
1249 2561 1352 2610 visu,
1381 2573 1455 2601 nec
1477 2561 1610 2602 auditu
1631 2564 1857 2616 percipitur,

0 2621 5 2659 ᾗ,
48 2618 162 2657 amari
192 2631 272 2659 non
287 2619 396 2662 solet.
457 2621 496 2661 Si
512 2619 692 2673 Princeps
714 2618 837 2662 oculis
858 2620 895 2660 se
921 2619 1133 2670 subducat,
1167 2619 1205 2660 δι
1223 2621 1385 2673 linguae;
1415 2622 1694 2663 neceffitatibus
1727 2623 1856 2665 subdi-

46 2684 175 2718 torum
199 2679 237 2719 se
254 2681 454 2731 subtrahit,
485 2692 691 2733 earumque
708 2680 895 2723 remedio.
957 2679 1105 2732 Lingua
1124 2679 1414 2720 instrumentum
1436 2680 1549 2722 facile
1567 2681 1644 2732 est,
1675 2685 1762 2735 quia
1780 2686 1858 2725 ani-

48 2749 134 2777 mos
153 2741 326 2780 omnium
352 2743 556 2781 conciliare
574 2739 703 2782 debet.
792 2740 861 2782 Ne
890 2741 991 2781 illam
1021 2741 1154 2780 duram
1185 2740 1223 2780 &
1258 2739 1533 2783 intractabilem
1562 2742 1744 2796 Princeps
1769 2743 1862 2785 faci·

47 2808 100 2842 at.
159 2799 262 2853 Quia
283 2802 410 2853 lingua
431 2802 603 2842 breviori
618 2800 713 2852 fuit,
743 2801 781 2842 ἃ
798 2800 1033 2854 impeditiori
1055 2800 1142 2840 Rex
1155 2799 1321 2853 Joannes
1349 2800 1516 2853 Primus,
1555 2802 1635 2859 (i)
1676 2803 1856 2846 faventes

864 2862 904 2914 Q
922 2874 946 2913 q
976 2874 1005 2903 2
1778 2865 1852 2905 Lu-

148 2968 206 3015 (a)
235 2967 365 3005 Claud.
417 2969 478 3014 (b)
505 2974 661 3020 Eratque
678 2970 854 3008 terribilis
870 2967 1021 3024 ιζῷεὲἶκ.
1077 2976 1224 3024 Cumque
1238 2968 1401 3019 elevuffi’t
1411 2968 1561 3017 finciem,
1582 2970 1628 3015 όν
1646 2967 1851 3009 ardentibus

44 3015 145 3056 oculis
168 3017 325 3065 furorem
349 3021 499 3072 pelloris
522 3019 718 3069 indicafflt‚
742 3025 876 3076 Regina
897 3024 1041 3061 corruit.
1069 3024 1160 3062 Esth.
1189 3036 1244 3070 15.
1269 3036 1306 3069 9.
1337 3026 1373 3062 ὅ(
1404 3037 1461 3061 10.
1517 3028 1574 3071 (c)
1602 3025 1851 3076 Convenitque

46 3074 138 3107 Deus
145 3071 314 3126 spiritum
329 3075 431 3126 Regis
458 3075 497 3111 in
512 3071 820 3120 mansuetudinem.
849 3076 940 3115 Ihid.
959 3076 1049 3114 vers.
1073 3090 1129 3114 12.
1184 3077 1247 3126 (d)
1273 3075 1403 3114 Accede
1425 3074 1556 3129 igitur,
1585 3076 1630 3119 ὠ
1653 3086 1763 3127 tange
1775 3073 1847 3122 Jc'e-

38 3124 265 3173 ptrum.1bid.
289 3139 327 3164 v.
354 3139 411 3175 14.
464 3128 528 3175 (e)
549 3126 626 3165 Vidi
641 3137 678 3164 te
686 3130 832 3166 Domine
847 3127 949 3183 quast
960 3130 1125 3183 angelum
1136 3129 1206 3168 Dei
1217 3157 1226 3171 ‚
1255 3128 1300 3173 ὠ
1320 3129 1566 3167 conturbatum
1586 3127 1630 3178 cst
1651 3138 1705 3163 cor
1719 3141 1845 3166 meum.

46 3174 124 3211 lbid
142 3189 194 3215 v..
209 3184 266 3217 16.
325 3179 392 3224 (f)
419 3184 496 3217 Non
509 3178 591 3227 siam
621 3179 797 3222 Medicus,
817 3182 923 3220 nolite
944 3197 998 3220 me
1022 3181 1223 3234 constituere
1238 3183 1440 3237 Principem.
1468 3183 1509 3233 Is.
1532 3193 1562 3218 c.
1585 3194 1616 3227 3.
1632 3191 1667 3227 7.
1721 3182 1782 3232 (g)
1805 3188 1846 3219 In

34 3227 227 3275 judicando
243 3227 305 3282 esto
321 3231 460 3284 pupillis
480 3232 667 3279 misericors
682 3261 691 3276 ,
716 3244 758 3272 ut
768 3245 888 3289 pater.
914 3236 1044 3274 Eccles.
1074 3249 1150 3286 cap.
1174 3249 1210 3285 4.
1238 3249 1293 3274 10.
1375 3242 1393 3283 (
1401 3238 1452 3279 h)
1473 3235 1599 3272 Ezech·
1626 3247 1658 3281 3·
1674 3245 1713 3279 9·
1793 3234 1845 3284 (ἰ)

46 3281 137 3318 Mar.
160 3281 250 3320 Hist.
270 3283 367 3335 Hisp.
385 3284 447 3324 lib.
481 3293 538 3330 18.
562 3299 594 3326 c.
617 3296 655 3335 7.
1168 3292 1173 3296 '
1221 3294 1223 3296 ’
