<?xml version="1.0" encoding="UTF-8"?>
<!DOCTYPE html PUBLIC "-//W3C//DTD XHTML 1.0 Transitional//EN"
    "http://www.w3.org/TR/xhtml1/DTD/xhtml1-transitional.dtd">
<html xmlns="http://www.w3.org/1999/xhtml" xml:lang="en" lang="en">
 <head>
  <title>
</title>
<meta http-equiv="Content-Type" content="text/html;charset=utf-8" />
  <meta name='ocr-system' content='tesseract 3.04.00' />
  <meta name='ocr-capabilities' content='ocr_page ocr_carea ocr_par ocr_line ocrx_word'/>
</head>
<body>
  <div class='ocr_page' id='page_1' title='image "./didacisaavedraef00saav_0045.png"; bbox 0 0 2132 3730; ppageno 0'>
   <div class='ocr_carea' id='block_1_1' title="bbox 495 185 1876 236">
    <p class='ocr_par' dir='ltr' id='par_1_1' title="bbox 495 185 1876 236">
     <span class='ocr_line' id='line_1_1' title="bbox 495 185 1876 236; baseline -0.004 -1"><span class='ocrx_word' id='word_1_1' title='bbox 495 186 1480 236; x_wconf 79' lang='lat' dir='ltr'><em>&#39;SYMBOLAPOLITICA.</em></span> <span class='ocrx_word' id='word_1_2' title='bbox 1825 185 1876 235; x_wconf 78' lang='lat'>25</span> 
     </span>
    </p>
   </div>
   <div class='ocr_carea' id='block_1_2' title="bbox 85 256 851 275">
    <p class='ocr_par' dir='ltr' id='par_1_2' title="bbox 85 256 851 275">
     <span class='ocr_line' id='line_1_2' title="bbox 85 256 851 275; baseline 0 3455"><span class='ocrx_word' id='word_1_3' title='bbox 85 256 851 275; x_wconf 95' lang='lat' dir='ltr'> </span> 
     </span>
    </p>
   </div>
   <div class='ocr_carea' id='block_1_3' title="bbox 563 329 1387 400">
    <p class='ocr_par' dir='ltr' id='par_1_3' title="bbox 563 329 1387 400">
     <span class='ocr_line' id='line_1_3' title="bbox 563 329 1387 400; baseline -0.002 0"><span class='ocrx_word' id='word_1_4' title='bbox 563 329 1202 400; x_wconf 90' lang='lat' dir='ltr'>SYMBOLUM</span> <span class='ocrx_word' id='word_1_5' title='bbox 1255 330 1387 398; x_wconf 88' lang='lat' dir='ltr'>vn.</span> 
     </span>
    </p>
   </div>
   <div class='ocr_carea' id='block_1_4' title="bbox 682 1073 1250 1090">
    <p class='ocr_par' dir='ltr' id='par_1_4' title="bbox 682 1073 1250 1090">
     <span class='ocr_line' id='line_1_4' title="bbox 682 1073 1250 1090; baseline 0 0"><span class='ocrx_word' id='word_1_6' title='bbox 682 1073 1250 1090; x_wconf 95' lang='lat' dir='ltr'> </span> 
     </span>
    </p>
   </div>
   <div class='ocr_carea' id='block_1_5' title="bbox 683 1081 1239 1091">
    <p class='ocr_par' dir='ltr' id='par_1_5' title="bbox 683 1081 1239 1091">
     <span class='ocr_line' id='line_1_5' title="bbox 683 1081 1239 1091; baseline 0 0"><span class='ocrx_word' id='word_1_7' title='bbox 683 1081 1239 1091; x_wconf 95' lang='lat' dir='ltr'> </span> 
     </span>
    </p>
   </div>
   <div class='ocr_carea' id='block_1_6' title="bbox 683 1080 1239 1094">
    <p class='ocr_par' dir='ltr' id='par_1_6' title="bbox 683 1080 1239 1094">
     <span class='ocr_line' id='line_1_6' title="bbox 683 1080 1239 1094; baseline 0 0"><span class='ocrx_word' id='word_1_8' title='bbox 683 1080 1239 1094; x_wconf 95' lang='lat' dir='ltr'> </span> 
     </span>
    </p>
   </div>
   <div class='ocr_carea' id='block_1_7' title="bbox 683 1080 1239 1094">
    <p class='ocr_par' dir='ltr' id='par_1_7' title="bbox 683 1080 1239 1094">
     <span class='ocr_line' id='line_1_7' title="bbox 683 1080 1239 1094; baseline 0 0"><span class='ocrx_word' id='word_1_9' title='bbox 683 1080 1239 1094; x_wconf 95' lang='lat' dir='ltr'> </span> 
     </span>
    </p>
   </div>
   <div class='ocr_carea' id='block_1_8' title="bbox 463 506 1471 1704">
    <p class='ocr_par' dir='ltr' id='par_1_8' title="bbox 463 506 1471 1704">
     <span class='ocr_line' id='line_1_8' title="bbox 463 506 1471 1704; baseline 0 0"><span class='ocrx_word' id='word_1_10' title='bbox 463 506 1471 1704; x_wconf 95' lang='lat' dir='ltr'> </span> 
     </span>
    </p>
   </div>
   <div class='ocr_carea' id='block_1_9' title="bbox 81 1789 1888 1934">
    <p class='ocr_par' dir='ltr' id='par_1_9' title="bbox 81 1789 1888 1934">
     <span class='ocr_line' id='line_1_9' title="bbox 81 1789 1888 1934; baseline -0.004 -93"><span class='ocrx_word' id='word_1_11' title='bbox 81 1794 395 1934; x_wconf 87' lang='lat' dir='ltr'>NAscuntur</span> <span class='ocrx_word' id='word_1_12' title='bbox 407 1795 485 1839; x_wconf 71' lang='lat' dir='ltr'>una</span> <span class='ocrx_word' id='word_1_13' title='bbox 509 1796 708 1838; x_wconf 86' lang='lat' dir='ltr'>nobiscum</span> <span class='ocrx_word' id='word_1_14' title='bbox 736 1793 918 1843; x_wconf 46' lang='lat' dir='ltr'>affectu&amp;</span> <span class='ocrx_word' id='word_1_15' title='bbox 941 1797 1039 1836; x_wconf 85' lang='lat' dir='ltr'>ratio</span> <span class='ocrx_word' id='word_1_16' title='bbox 1054 1795 1152 1837; x_wconf 77' lang='lat' dir='ltr'>verb</span> <span class='ocrx_word' id='word_1_17' title='bbox 1175 1807 1256 1836; x_wconf 89' lang='lat' dir='ltr'>non</span> <span class='ocrx_word' id='word_1_18' title='bbox 1281 1795 1350 1836; x_wconf 86' lang='lat' dir='ltr'>nifi</span> <span class='ocrx_word' id='word_1_19' title='bbox 1369 1793 1499 1836; x_wconf 88' lang='lat' dir='ltr'>multis</span> <span class='ocrx_word' id='word_1_20' title='bbox 1527 1789 1616 1846; x_wconf 82' lang='lat' dir='ltr'>post</span> <span class='ocrx_word' id='word_1_21' title='bbox 1640 1794 1745 1834; x_wconf 86' lang='lat' dir='ltr'>annis</span> <span class='ocrx_word' id='word_1_22' title='bbox 1765 1791 1888 1834; x_wconf 84' lang='lat' dir='ltr'>subse·</span> 
     </span>
     <span class='ocr_line' id='line_1_10' title="bbox 235 1852 1887 1911; baseline -0.004 -12"><span class='ocrx_word' id='word_1_23' title='bbox 235 1861 362 1911; x_wconf 91' lang='lat' dir='ltr'>quitur</span> <span class='ocrx_word' id='word_1_24' title='bbox 376 1857 530 1908; x_wconf 89' lang='lat' dir='ltr'>quando</span> <span class='ocrx_word' id='word_1_25' title='bbox 545 1857 596 1895; x_wconf 89' lang='lat' dir='ltr'>illi</span> <span class='ocrx_word' id='word_1_26' title='bbox 610 1857 688 1905; x_wconf 80' lang='lat' dir='ltr'>Jam</span> <span class='ocrx_word' id='word_1_27' title='bbox 703 1857 905 1907; x_wconf 83' lang='lat' dir='ltr'>imperium</span> <span class='ocrx_word' id='word_1_28' title='bbox 935 1855 1079 1894; x_wconf 86' lang='lat' dir='ltr'>habent</span> <span class='ocrx_word' id='word_1_29' title='bbox 1094 1857 1132 1893; x_wconf 90' lang='lat' dir='ltr'>in</span> <span class='ocrx_word' id='word_1_30' title='bbox 1153 1857 1393 1894; x_wconf 88' lang='lat' dir='ltr'>voluntatem</span> <span class='ocrx_word' id='word_1_31' title='bbox 1411 1854 1449 1893; x_wconf 86' lang='lat'>&amp;</span> <span class='ocrx_word' id='word_1_32' title='bbox 1468 1854 1551 1894; x_wconf 86' lang='lat' dir='ltr'>haec</span> <span class='ocrx_word' id='word_1_33' title='bbox 1564 1855 1608 1893; x_wconf 91' lang='lat' dir='ltr'>iis</span> <span class='ocrx_word' id='word_1_34' title='bbox 1629 1863 1738 1905; x_wconf 90' lang='lat' dir='ltr'>paret</span> <span class='ocrx_word' id='word_1_35' title='bbox 1759 1862 1803 1892; x_wconf 90' lang='lat' dir='ltr'>ut</span> <span class='ocrx_word' id='word_1_36' title='bbox 1817 1852 1887 1892; x_wconf 91' lang='lat' dir='ltr'>do-</span> 
     </span>
    </p>
   </div>
   <div class='ocr_carea' id='block_1_10' title="bbox 82 1909 1895 3210">
    <p class='ocr_par' dir='ltr' id='par_1_10' title="bbox 82 1909 1891 2506">
     <span class='ocr_line' id='line_1_11' title="bbox 231 1909 1888 1966; baseline -0.004 -9"><span class='ocrx_word' id='word_1_37' title='bbox 231 1919 342 1958; x_wconf 89' lang='lat' dir='ltr'>minis</span> <span class='ocrx_word' id='word_1_38' title='bbox 355 1946 365 1963; x_wconf 94' lang='lat'>,</span> <span class='ocrx_word' id='word_1_39' title='bbox 394 1916 521 1966; x_wconf 87' lang='lat' dir='ltr'>specie</span> <span class='ocrx_word' id='word_1_40' title='bbox 541 1915 634 1953; x_wconf 89' lang='lat' dir='ltr'>boni</span> <span class='ocrx_word' id='word_1_41' title='bbox 655 1915 816 1954; x_wconf 87' lang='lat' dir='ltr'>inaniter</span> <span class='ocrx_word' id='word_1_42' title='bbox 831 1913 980 1962; x_wconf 88' lang='lat' dir='ltr'>delusa,</span> <span class='ocrx_word' id='word_1_43' title='bbox 1005 1912 1132 1953; x_wconf 91' lang='lat' dir='ltr'>donec</span> <span class='ocrx_word' id='word_1_44' title='bbox 1149 1915 1266 1961; x_wconf 88' lang='lat' dir='ltr'>ratio,</span> <span class='ocrx_word' id='word_1_45' title='bbox 1287 1912 1498 1953; x_wconf 86' lang='lat' dir='ltr'>instauratis</span> <span class='ocrx_word' id='word_1_46' title='bbox 1517 1914 1703 1966; x_wconf 86' lang='lat' dir='ltr'>temporis</span> <span class='ocrx_word' id='word_1_47' title='bbox 1720 1909 1888 1952; x_wconf 85' lang='lat' dir='ltr'>succeffu</span> 
     </span>
     <span class='ocr_line' id='line_1_12' title="bbox 83 1970 1891 2030; baseline -0.004 -11"><span class='ocrx_word' id='word_1_48' title='bbox 83 1980 123 2020; x_wconf 86' lang='lat'>&amp;</span> <span class='ocrx_word' id='word_1_49' title='bbox 137 1971 374 2030; x_wconf 68' lang='lat' dir='ltr'>experientia</span> <span class='ocrx_word' id='word_1_50' title='bbox 392 1974 558 2022; x_wconf 85' lang='lat' dir='ltr'>viribus,</span> <span class='ocrx_word' id='word_1_51' title='bbox 578 1972 685 2013; x_wconf 87' lang='lat' dir='ltr'>suum</span> <span class='ocrx_word' id='word_1_52' title='bbox 700 1973 876 2025; x_wconf 81' lang='lat' dir='ltr'>agnoscat</span> <span class='ocrx_word' id='word_1_53' title='bbox 895 1972 1115 2013; x_wconf 87' lang='lat' dir='ltr'>dominandi</span> <span class='ocrx_word' id='word_1_54' title='bbox 1131 1974 1212 2024; x_wconf 88' lang='lat' dir='ltr'>jus,</span> <span class='ocrx_word' id='word_1_55' title='bbox 1238 1973 1345 2025; x_wconf 90' lang='lat' dir='ltr'>quod</span> <span class='ocrx_word' id='word_1_56' title='bbox 1364 1971 1416 2013; x_wconf 92' lang='lat' dir='ltr'>illi</span> <span class='ocrx_word' id='word_1_57' title='bbox 1441 1970 1463 2012; x_wconf 75' lang='grc' dir='ltr'>ὲ</span> <span class='ocrx_word' id='word_1_58' title='bbox 1487 1982 1619 2012; x_wconf 89' lang='lat' dir='ltr'>natura</span> <span class='ocrx_word' id='word_1_59' title='bbox 1641 1970 1860 2012; x_wconf 90' lang='lat' dir='ltr'>concessum</span> <span class='ocrx_word' id='word_1_60' title='bbox 1875 2001 1891 2020; x_wconf 86' lang='lat'>,</span> 
     </span>
     <span class='ocr_line' id='line_1_13' title="bbox 82 2029 1890 2085; baseline -0.003 -7"><span class='ocrx_word' id='word_1_61' title='bbox 82 2035 346 2080; x_wconf 67' lang='lat' dir='ltr'>&amp;affectuum</span> <span class='ocrx_word' id='word_1_62' title='bbox 375 2033 564 2085; x_wconf 84' lang='lat' dir='ltr'>tyrannidi</span> <span class='ocrx_word' id='word_1_63' title='bbox 600 2032 780 2073; x_wconf 81' lang='lat' dir='ltr'>obsistere</span> <span class='ocrx_word' id='word_1_64' title='bbox 809 2034 978 2085; x_wconf 80' lang='lat' dir='ltr'>incipiat.</span> <span class='ocrx_word' id='word_1_65' title='bbox 1037 2032 1089 2073; x_wconf 94' lang='lat' dir='ltr'>Et</span> <span class='ocrx_word' id='word_1_66' title='bbox 1115 2032 1211 2073; x_wconf 90' lang='lat' dir='ltr'>solet</span> <span class='ocrx_word' id='word_1_67' title='bbox 1229 2034 1308 2073; x_wconf 88' lang='lat' dir='ltr'>hoc</span> <span class='ocrx_word' id='word_1_68' title='bbox 1335 2032 1466 2073; x_wconf 90' lang='lat' dir='ltr'>lumen</span> <span class='ocrx_word' id='word_1_69' title='bbox 1496 2033 1535 2072; x_wconf 92' lang='lat' dir='ltr'>in</span> <span class='ocrx_word' id='word_1_70' title='bbox 1551 2032 1790 2085; x_wconf 87' lang='lat' dir='ltr'>Principibus</span> <span class='ocrx_word' id='word_1_71' title='bbox 1805 2029 1890 2071; x_wconf 66' lang='lat' dir='ltr'>fere</span> 
     </span>
     <span class='ocr_line' id='line_1_14' title="bbox 83 2090 1891 2145; baseline -0.002 -7"><span class='ocrx_word' id='word_1_72' title='bbox 83 2099 225 2139; x_wconf 88' lang='lat' dir='ltr'>exoriri</span> <span class='ocrx_word' id='word_1_73' title='bbox 246 2094 405 2143; x_wconf 83' lang='lat' dir='ltr'>tardius,</span> <span class='ocrx_word' id='word_1_74' title='bbox 426 2094 475 2134; x_wconf 81' lang='lat' dir='ltr'>eo</span> <span class='ocrx_word' id='word_1_75' title='bbox 493 2092 601 2145; x_wconf 91' lang='lat' dir='ltr'>quod</span> <span class='ocrx_word' id='word_1_76' title='bbox 617 2091 775 2132; x_wconf 62' lang='lat' dir='ltr'>affectus</span> <span class='ocrx_word' id='word_1_77' title='bbox 797 2094 836 2133; x_wconf 90' lang='lat' dir='ltr'>in</span> <span class='ocrx_word' id='word_1_78' title='bbox 857 2094 900 2132; x_wconf 91' lang='lat' dir='ltr'>iis</span> <span class='ocrx_word' id='word_1_79' title='bbox 922 2093 973 2133; x_wconf 89' lang='lat' dir='ltr'>ob</span> <span class='ocrx_word' id='word_1_80' title='bbox 1006 2092 1205 2133; x_wconf 86' lang='lat' dir='ltr'>consuetas</span> <span class='ocrx_word' id='word_1_81' title='bbox 1227 2092 1320 2133; x_wconf 81' lang='lat' dir='ltr'>aulae</span> <span class='ocrx_word' id='word_1_82' title='bbox 1341 2092 1487 2133; x_wconf 83' lang='lat' dir='ltr'>delitias</span> <span class='ocrx_word' id='word_1_83' title='bbox 1520 2093 1763 2144; x_wconf 86' lang='lat' dir='ltr'>potentiores</span> <span class='ocrx_word' id='word_1_84' title='bbox 1796 2090 1891 2135; x_wconf 74' lang='lat' dir='ltr'>sintt</span> 
     </span>
     <span class='ocr_line' id='line_1_15' title="bbox 83 2149 1890 2208; baseline -0.004 -10"><span class='ocrx_word' id='word_1_85' title='bbox 83 2157 252 2208; x_wconf 78' lang='lat' dir='ltr'>cumque</span> <span class='ocrx_word' id='word_1_86' title='bbox 279 2157 325 2205; x_wconf 90' lang='lat' dir='ltr'>ii,</span> <span class='ocrx_word' id='word_1_87' title='bbox 354 2155 418 2206; x_wconf 90' lang='lat' dir='ltr'>qui</span> <span class='ocrx_word' id='word_1_88' title='bbox 432 2153 651 2205; x_wconf 87' lang='lat' dir='ltr'>Principum</span> <span class='ocrx_word' id='word_1_89' title='bbox 681 2152 872 2193; x_wconf 86' lang='lat' dir='ltr'>adhaerent</span> <span class='ocrx_word' id='word_1_90' title='bbox 888 2151 1088 2202; x_wconf 84' lang='lat' dir='ltr'>lateribus,</span> <span class='ocrx_word' id='word_1_91' title='bbox 1116 2155 1271 2205; x_wconf 84' lang='lat' dir='ltr'>gratiam</span> <span class='ocrx_word' id='word_1_92' title='bbox 1302 2163 1460 2205; x_wconf 90' lang='lat' dir='ltr'>quoque</span> <span class='ocrx_word' id='word_1_93' title='bbox 1490 2152 1702 2192; x_wconf 89' lang='lat' dir='ltr'>eorundem</span> <span class='ocrx_word' id='word_1_94' title='bbox 1723 2149 1890 2204; x_wconf 86' lang='lat' dir='ltr'>plerum-</span> 
     </span>
     <span class='ocr_line' id='line_1_16' title="bbox 85 2209 1891 2270; baseline -0.004 -13"><span class='ocrx_word' id='word_1_95' title='bbox 85 2230 162 2270; x_wconf 90' lang='lat' dir='ltr'>que</span> <span class='ocrx_word' id='word_1_96' title='bbox 190 2225 446 2267; x_wconf 88' lang='lat' dir='ltr'>aucupentur,</span> <span class='ocrx_word' id='word_1_97' title='bbox 467 2211 591 2266; x_wconf 65' lang='lat' dir='ltr'>eaque</span> <span class='ocrx_word' id='word_1_98' title='bbox 620 2213 828 2253; x_wconf 85' lang='lat' dir='ltr'>voluntatis</span> <span class='ocrx_word' id='word_1_99' title='bbox 856 2212 1049 2253; x_wconf 85' lang='lat' dir='ltr'>beneficio</span> <span class='ocrx_word' id='word_1_100' title='bbox 1073 2212 1222 2265; x_wconf 67' lang='lat' dir='ltr'>potitis,</span> <span class='ocrx_word' id='word_1_101' title='bbox 1250 2212 1363 2264; x_wconf 76' lang='lat' dir='ltr'>quam</span> <span class='ocrx_word' id='word_1_102' title='bbox 1394 2212 1550 2252; x_wconf 87' lang='lat' dir='ltr'>rationis</span> <span class='ocrx_word' id='word_1_103' title='bbox 1580 2213 1696 2264; x_wconf 89' lang='lat' dir='ltr'>potiri</span> <span class='ocrx_word' id='word_1_104' title='bbox 1728 2211 1765 2252; x_wconf 92' lang='lat' dir='ltr'>se</span> <span class='ocrx_word' id='word_1_105' title='bbox 1781 2209 1891 2263; x_wconf 85' lang='lat' dir='ltr'>poffe</span> 
     </span>
     <span class='ocr_line' id='line_1_17' title="bbox 85 2271 1890 2325; baseline -0.004 -7"><span class='ocrx_word' id='word_1_106' title='bbox 85 2279 216 2320; x_wconf 72' lang='lat' dir='ltr'>sciant.</span> <span class='ocrx_word' id='word_1_107' title='bbox 272 2275 378 2315; x_wconf 90' lang='lat' dir='ltr'>Hinc</span> <span class='ocrx_word' id='word_1_108' title='bbox 391 2285 526 2314; x_wconf 89' lang='lat' dir='ltr'>omnes</span> <span class='ocrx_word' id='word_1_109' title='bbox 545 2271 719 2312; x_wconf 86' lang='lat' dir='ltr'>adulandi</span> <span class='ocrx_word' id='word_1_110' title='bbox 737 2281 896 2312; x_wconf 88' lang='lat' dir='ltr'>utuntur</span> <span class='ocrx_word' id='word_1_111' title='bbox 914 2271 1094 2323; x_wconf 84' lang='lat' dir='ltr'>artificio,</span> <span class='ocrx_word' id='word_1_112' title='bbox 1113 2283 1227 2325; x_wconf 88' lang='lat' dir='ltr'>atque</span> <span class='ocrx_word' id='word_1_113' title='bbox 1243 2271 1344 2312; x_wconf 89' lang='lat' dir='ltr'>illam</span> <span class='ocrx_word' id='word_1_114' title='bbox 1371 2271 1526 2324; x_wconf 89' lang='lat' dir='ltr'>quidem</span> <span class='ocrx_word' id='word_1_115' title='bbox 1550 2271 1619 2312; x_wconf 80' lang='lat' dir='ltr'>sibi</span> <span class='ocrx_word' id='word_1_116' title='bbox 1641 2271 1804 2311; x_wconf 87' lang='lat' dir='ltr'>reddere</span> <span class='ocrx_word' id='word_1_117' title='bbox 1824 2271 1890 2310; x_wconf 89' lang='lat' dir='ltr'>be-</span> 
     </span>
     <span class='ocr_line' id='line_1_18' title="bbox 86 2329 1891 2386; baseline -0.004 -10"><span class='ocrx_word' id='word_1_118' title='bbox 86 2335 288 2385; x_wconf 86' lang='lat' dir='ltr'>nevolam,</span> <span class='ocrx_word' id='word_1_119' title='bbox 306 2335 396 2374; x_wconf 88' lang='lat' dir='ltr'>huic</span> <span class='ocrx_word' id='word_1_120' title='bbox 411 2345 509 2374; x_wconf 88' lang='lat' dir='ltr'>vero</span> <span class='ocrx_word' id='word_1_121' title='bbox 525 2333 721 2384; x_wconf 84' lang='lat' dir='ltr'>caliginem</span> <span class='ocrx_word' id='word_1_122' title='bbox 745 2331 947 2372; x_wconf 86' lang='lat' dir='ltr'>offundere</span> <span class='ocrx_word' id='word_1_123' title='bbox 965 2332 1147 2385; x_wconf 87' lang='lat' dir='ltr'>satagunt.</span> <span class='ocrx_word' id='word_1_124' title='bbox 1206 2331 1362 2372; x_wconf 81' lang='lat' dir='ltr'>Habeat</span> <span class='ocrx_word' id='word_1_125' title='bbox 1393 2333 1505 2386; x_wconf 89' lang='lat' dir='ltr'>igitur</span> <span class='ocrx_word' id='word_1_126' title='bbox 1529 2331 1711 2384; x_wconf 86' lang='lat' dir='ltr'>Princeps</span> <span class='ocrx_word' id='word_1_127' title='bbox 1738 2329 1891 2383; x_wconf 86' lang='lat' dir='ltr'>perspe-</span> 
     </span>
     <span class='ocr_line' id='line_1_19' title="bbox 88 2390 1891 2445; baseline -0.003 -9"><span class='ocrx_word' id='word_1_128' title='bbox 88 2395 167 2436; x_wconf 72' lang='lat' dir='ltr'>&amp;as</span> <span class='ocrx_word' id='word_1_129' title='bbox 187 2406 285 2435; x_wconf 88' lang='lat' dir='ltr'>artes</span> <span class='ocrx_word' id='word_1_130' title='bbox 302 2393 408 2442; x_wconf 86' lang='lat' dir='ltr'>istas,</span> <span class='ocrx_word' id='word_1_131' title='bbox 433 2405 548 2445; x_wconf 89' lang='lat' dir='ltr'>atque</span> <span class='ocrx_word' id='word_1_132' title='bbox 565 2402 683 2433; x_wconf 89' lang='lat' dir='ltr'>armet</span> <span class='ocrx_word' id='word_1_133' title='bbox 696 2393 734 2432; x_wconf 88' lang='lat' dir='ltr'>se</span> <span class='ocrx_word' id='word_1_134' title='bbox 758 2394 796 2433; x_wconf 88' lang='lat' dir='ltr'>in</span> <span class='ocrx_word' id='word_1_135' title='bbox 821 2391 980 2432; x_wconf 66' lang='lat' dir='ltr'>affectus</span> <span class='ocrx_word' id='word_1_136' title='bbox 1006 2393 1092 2432; x_wconf 88' lang='lat' dir='ltr'>suos</span> <span class='ocrx_word' id='word_1_137' title='bbox 1122 2393 1302 2444; x_wconf 89' lang='lat' dir='ltr'>proprios</span> <span class='ocrx_word' id='word_1_138' title='bbox 1326 2404 1408 2432; x_wconf 90' lang='lat' dir='ltr'>non</span> <span class='ocrx_word' id='word_1_139' title='bbox 1432 2390 1574 2441; x_wconf 78' lang='lat' dir='ltr'>solum,</span> <span class='ocrx_word' id='word_1_140' title='bbox 1605 2391 1670 2431; x_wconf 90' lang='lat' dir='ltr'>sed</span> <span class='ocrx_word' id='word_1_141' title='bbox 1693 2390 1731 2432; x_wconf 73' lang='grc' dir='ltr'>δι</span> <span class='ocrx_word' id='word_1_142' title='bbox 1762 2391 1800 2430; x_wconf 89' lang='lat' dir='ltr'>in</span> <span class='ocrx_word' id='word_1_143' title='bbox 1820 2401 1891 2430; x_wconf 84' lang='lat' dir='ltr'>eos</span> 
     </span>
     <span class='ocr_line' id='line_1_20' title="bbox 90 2452 1514 2506; baseline -0.004 -9"><span class='ocrx_word' id='word_1_144' title='bbox 90 2467 247 2504; x_wconf 89' lang='lat' dir='ltr'>omnes,</span> <span class='ocrx_word' id='word_1_145' title='bbox 263 2456 327 2506; x_wconf 90' lang='lat' dir='ltr'>qui</span> <span class='ocrx_word' id='word_1_146' title='bbox 347 2453 476 2494; x_wconf 89' lang='lat' dir='ltr'>iisdem</span> <span class='ocrx_word' id='word_1_147' title='bbox 498 2453 545 2492; x_wconf 86' lang='lat' dir='ltr'>ad</span> <span class='ocrx_word' id='word_1_148' title='bbox 568 2452 834 2504; x_wconf 90' lang='lat' dir='ltr'>occupandum</span> <span class='ocrx_word' id='word_1_149' title='bbox 854 2452 968 2505; x_wconf 77' lang='lat' dir='ltr'>ipsius</span> <span class='ocrx_word' id='word_1_150' title='bbox 991 2454 1156 2493; x_wconf 88' lang='lat' dir='ltr'>animum</span> <span class='ocrx_word' id='word_1_151' title='bbox 1178 2453 1282 2492; x_wconf 89' lang='lat' dir='ltr'>abuti</span> <span class='ocrx_word' id='word_1_152' title='bbox 1303 2452 1514 2492; x_wconf 87' lang='lat' dir='ltr'>voluerint.</span> 
     </span>
    </p>

    <p class='ocr_par' dir='ltr' id='par_1_11' title="bbox 89 2507 1895 3210">
     <span class='ocr_line' id='line_1_21' title="bbox 241 2507 1892 2566; baseline -0.004 -11"><span class='ocrx_word' id='word_1_153' title='bbox 241 2514 276 2565; x_wconf 86' lang='lat'>§.</span> <span class='ocrx_word' id='word_1_154' title='bbox 308 2513 453 2566; x_wconf 86' lang='lat' dir='ltr'>Magna</span> <span class='ocrx_word' id='word_1_155' title='bbox 478 2514 541 2553; x_wconf 92' lang='lat' dir='ltr'>hic</span> <span class='ocrx_word' id='word_1_156' title='bbox 567 2512 691 2564; x_wconf 85' lang='lat' dir='ltr'>paffim</span> <span class='ocrx_word' id='word_1_157' title='bbox 721 2514 865 2552; x_wconf 87' lang='lat' dir='ltr'>incuria</span> <span class='ocrx_word' id='word_1_158' title='bbox 897 2515 937 2552; x_wconf 89' lang='lat' dir='ltr'>in</span> <span class='ocrx_word' id='word_1_159' title='bbox 969 2512 1250 2564; x_wconf 87' lang='lat' dir='ltr'>componendis</span> <span class='ocrx_word' id='word_1_160' title='bbox 1279 2511 1498 2565; x_wconf 89' lang='lat' dir='ltr'>Principum</span> <span class='ocrx_word' id='word_1_161' title='bbox 1535 2510 1679 2550; x_wconf 87' lang='lat' dir='ltr'>animis.</span> <span class='ocrx_word' id='word_1_162' title='bbox 1739 2507 1892 2549; x_wconf 90' lang='lat' dir='ltr'>Herbas</span> 
     </span>
     <span class='ocr_line' id='line_1_22' title="bbox 89 2570 1893 2625; baseline -0.003 -11"><span class='ocrx_word' id='word_1_163' title='bbox 89 2575 242 2615; x_wconf 88' lang='lat' dir='ltr'>inutiles</span> <span class='ocrx_word' id='word_1_164' title='bbox 261 2572 550 2625; x_wconf 84' lang='lat' dir='ltr'>&amp;infrugiferas</span> <span class='ocrx_word' id='word_1_165' title='bbox 568 2602 581 2620; x_wconf 90' lang='lat'><strong>‚</strong></span> <span class='ocrx_word' id='word_1_166' title='bbox 608 2584 690 2623; x_wconf 86' lang='lat' dir='ltr'>quae</span> <span class='ocrx_word' id='word_1_167' title='bbox 713 2571 885 2625; x_wconf 86' lang='lat' dir='ltr'>frugibus</span> <span class='ocrx_word' id='word_1_168' title='bbox 911 2571 1188 2620; x_wconf 85' lang='lat' dir='ltr'>immiscentur,</span> <span class='ocrx_word' id='word_1_169' title='bbox 1225 2571 1407 2612; x_wconf 73' lang='lat' dir='ltr'>radicitus</span> <span class='ocrx_word' id='word_1_170' title='bbox 1433 2583 1520 2610; x_wconf 87' lang='lat' dir='ltr'>cum</span> <span class='ocrx_word' id='word_1_171' title='bbox 1552 2579 1731 2621; x_wconf 90' lang='lat' dir='ltr'>tempore</span> <span class='ocrx_word' id='word_1_172' title='bbox 1761 2570 1893 2609; x_wconf 84' lang='lat' dir='ltr'>evelli—</span> 
     </span>
     <span class='ocr_line' id='line_1_23' title="bbox 89 2630 1889 2684; baseline -0.004 -9"><span class='ocrx_word' id='word_1_173' title='bbox 89 2646 197 2682; x_wconf 88' lang='lat' dir='ltr'>mus,</span> <span class='ocrx_word' id='word_1_174' title='bbox 220 2633 257 2672; x_wconf 87' lang='lat'>&amp;</span> <span class='ocrx_word' id='word_1_175' title='bbox 277 2633 513 2673; x_wconf 88' lang='lat' dir='ltr'>succrescere</span> <span class='ocrx_word' id='word_1_176' title='bbox 539 2632 690 2671; x_wconf 85' lang='lat' dir='ltr'>finimus</span> <span class='ocrx_word' id='word_1_177' title='bbox 709 2632 869 2672; x_wconf 57' lang='lat' dir='ltr'>affectus</span> <span class='ocrx_word' id='word_1_178' title='bbox 895 2643 1037 2684; x_wconf 86' lang='lat' dir='ltr'>pravos</span> <span class='ocrx_word' id='word_1_179' title='bbox 1059 2644 1102 2671; x_wconf 89' lang='lat' dir='ltr'>ac</span> <span class='ocrx_word' id='word_1_180' title='bbox 1120 2632 1305 2684; x_wconf 73' lang='lat' dir='ltr'>pastiones</span> <span class='ocrx_word' id='word_1_181' title='bbox 1318 2662 1331 2681; x_wconf 90' lang='lat'>,</span> <span class='ocrx_word' id='word_1_182' title='bbox 1346 2630 1575 2683; x_wconf 84' lang='lat' dir='ltr'>quaerationi</span> <span class='ocrx_word' id='word_1_183' title='bbox 1596 2630 1696 2668; x_wconf 85' lang='lat' dir='ltr'>bella</span> <span class='ocrx_word' id='word_1_184' title='bbox 1714 2638 1889 2669; x_wconf 76' lang='lat' dir='ltr'>movent.</span> 
     </span>
     <span class='ocr_line' id='line_1_24' title="bbox 90 2688 1892 2744; baseline -0.003 -11"><span class='ocrx_word' id='word_1_185' title='bbox 90 2692 275 2733; x_wconf 81' lang='lat' dir='ltr'>Curando</span> <span class='ocrx_word' id='word_1_186' title='bbox 303 2692 521 2744; x_wconf 87' lang='lat' dir='ltr'>Principum</span> <span class='ocrx_word' id='word_1_187' title='bbox 546 2692 697 2743; x_wconf 88' lang='lat' dir='ltr'>corpori</span> <span class='ocrx_word' id='word_1_188' title='bbox 723 2692 859 2732; x_wconf 87' lang='lat' dir='ltr'>Galeni</span> <span class='ocrx_word' id='word_1_189' title='bbox 886 2692 1102 2744; x_wconf 87' lang='lat' dir='ltr'>complures</span> <span class='ocrx_word' id='word_1_190' title='bbox 1129 2691 1266 2744; x_wconf 81' lang='lat' dir='ltr'>praesto</span> <span class='ocrx_word' id='word_1_191' title='bbox 1300 2693 1403 2740; x_wconf 86' lang='lat' dir='ltr'>sunt,</span> <span class='ocrx_word' id='word_1_192' title='bbox 1425 2690 1551 2730; x_wconf 90' lang='lat' dir='ltr'>animo</span> <span class='ocrx_word' id='word_1_193' title='bbox 1575 2688 1673 2741; x_wconf 79' lang='lat' dir='ltr'>saepe</span> <span class='ocrx_word' id='word_1_194' title='bbox 1695 2691 1762 2728; x_wconf 81' lang='lat' dir='ltr'>vix</span> <span class='ocrx_word' id='word_1_195' title='bbox 1794 2701 1892 2729; x_wconf 89' lang='lat' dir='ltr'>unus</span> 
     </span>
     <span class='ocr_line' id='line_1_25' title="bbox 89 2750 1893 2806; baseline -0.004 -11"><span class='ocrx_word' id='word_1_196' title='bbox 89 2752 314 2806; x_wconf 44' lang='lat' dir='ltr'>Epictetum</span> <span class='ocrx_word' id='word_1_197' title='bbox 335 2762 462 2803; x_wconf 86' lang='lat' dir='ltr'>neque</span> <span class='ocrx_word' id='word_1_198' title='bbox 482 2762 609 2792; x_wconf 87' lang='lat' dir='ltr'>tamen</span> <span class='ocrx_word' id='word_1_199' title='bbox 623 2753 788 2792; x_wconf 89' lang='lat' dir='ltr'>minores</span> <span class='ocrx_word' id='word_1_200' title='bbox 807 2753 886 2804; x_wconf 92' lang='lat' dir='ltr'>pati</span> <span class='ocrx_word' id='word_1_201' title='bbox 906 2751 1142 2792; x_wconf 86' lang='lat' dir='ltr'>infirmitates</span> <span class='ocrx_word' id='word_1_202' title='bbox 1167 2753 1196 2790; x_wconf 87' lang='lat' dir='ltr'>is</span> <span class='ocrx_word' id='word_1_203' title='bbox 1226 2750 1341 2799; x_wconf 88' lang='lat' dir='ltr'>solet,</span> <span class='ocrx_word' id='word_1_204' title='bbox 1367 2750 1482 2802; x_wconf 76' lang='lat' dir='ltr'>quam</span> <span class='ocrx_word' id='word_1_205' title='bbox 1504 2761 1665 2801; x_wconf 83' lang='lat' dir='ltr'>corpus,</span> <span class='ocrx_word' id='word_1_206' title='bbox 1692 2750 1783 2800; x_wconf 90' lang='lat' dir='ltr'>quin</span> <span class='ocrx_word' id='word_1_207' title='bbox 1813 2758 1893 2788; x_wconf 85' lang='lat' dir='ltr'>tan-</span> 
     </span>
     <span class='ocr_line' id='line_1_26' title="bbox 92 2808 1892 2866; baseline -0.003 -13"><span class='ocrx_word' id='word_1_208' title='bbox 92 2814 136 2853; x_wconf 77' lang='lat' dir='ltr'>to</span> <span class='ocrx_word' id='word_1_209' title='bbox 159 2813 374 2866; x_wconf 84' lang='lat' dir='ltr'>graviores,</span> <span class='ocrx_word' id='word_1_210' title='bbox 404 2811 548 2863; x_wconf 78' lang='lat' dir='ltr'>quanto</span> <span class='ocrx_word' id='word_1_211' title='bbox 576 2812 654 2851; x_wconf 89' lang='lat' dir='ltr'>hoc</span> <span class='ocrx_word' id='word_1_212' title='bbox 675 2812 737 2852; x_wconf 90' lang='lat' dir='ltr'>ille</span> <span class='ocrx_word' id='word_1_213' title='bbox 756 2811 1001 2864; x_wconf 79' lang='lat' dir='ltr'>praestantior.</span> <span class='ocrx_word' id='word_1_214' title='bbox 1063 2811 1103 2851; x_wconf 89' lang='lat' dir='ltr'>Si</span> <span class='ocrx_word' id='word_1_215' title='bbox 1123 2812 1254 2850; x_wconf 90' lang='lat' dir='ltr'>vultus</span> <span class='ocrx_word' id='word_1_216' title='bbox 1290 2812 1343 2850; x_wconf 91' lang='lat' dir='ltr'>illi</span> <span class='ocrx_word' id='word_1_217' title='bbox 1364 2809 1456 2851; x_wconf 87' lang='lat' dir='ltr'>effet</span> <span class='ocrx_word' id='word_1_218' title='bbox 1483 2808 1717 2861; x_wconf 59' lang='lat' dir='ltr'>aspectabilis</span> <span class='ocrx_word' id='word_1_219' title='bbox 1748 2811 1892 2856; x_wconf 87' lang='lat' dir='ltr'>oculis,</span> 
     </span>
     <span class='ocr_line' id='line_1_27' title="bbox 92 2867 1893 2924; baseline -0.003 -10"><span class='ocrx_word' id='word_1_220' title='bbox 92 2875 131 2914; x_wconf 88' lang='lat' dir='ltr'>in</span> <span class='ocrx_word' id='word_1_221' title='bbox 152 2884 230 2924; x_wconf 90' lang='lat' dir='ltr'>quo</span> <span class='ocrx_word' id='word_1_222' title='bbox 257 2872 437 2912; x_wconf 88' lang='lat' dir='ltr'>malarum</span> <span class='ocrx_word' id='word_1_223' title='bbox 460 2869 706 2911; x_wconf 57' lang='lat' dir='ltr'>affectionum</span> <span class='ocrx_word' id='word_1_224' title='bbox 728 2870 974 2924; x_wconf 82' lang='lat' dir='ltr'>intemperies</span> <span class='ocrx_word' id='word_1_225' title='bbox 997 2870 1073 2911; x_wconf 91' lang='lat' dir='ltr'>sese</span> <span class='ocrx_word' id='word_1_226' title='bbox 1104 2869 1228 2923; x_wconf 92' lang='lat' dir='ltr'>posset</span> <span class='ocrx_word' id='word_1_227' title='bbox 1253 2870 1441 2922; x_wconf 87' lang='lat' dir='ltr'>prodere,</span> <span class='ocrx_word' id='word_1_228' title='bbox 1465 2868 1676 2909; x_wconf 84' lang='lat' dir='ltr'>multorum</span> <span class='ocrx_word' id='word_1_229' title='bbox 1707 2867 1793 2908; x_wconf 79' lang='lat' dir='ltr'>sane</span> <span class='ocrx_word' id='word_1_230' title='bbox 1826 2868 1893 2908; x_wconf 90' lang='lat' dir='ltr'>do-</span> 
     </span>
     <span class='ocr_line' id='line_1_28' title="bbox 91 2929 1893 2985; baseline -0.003 -12"><span class='ocrx_word' id='word_1_231' title='bbox 91 2935 256 2974; x_wconf 90' lang='lat' dir='ltr'>leremus</span> <span class='ocrx_word' id='word_1_232' title='bbox 277 2933 405 2977; x_wconf 84' lang='lat' dir='ltr'>vices,</span> <span class='ocrx_word' id='word_1_233' title='bbox 422 2943 520 2982; x_wconf 89' lang='lat' dir='ltr'>quos</span> <span class='ocrx_word' id='word_1_234' title='bbox 544 2929 685 2970; x_wconf 90' lang='lat' dir='ltr'>febrilis</span> <span class='ocrx_word' id='word_1_235' title='bbox 701 2930 762 2972; x_wconf 91' lang='lat' dir='ltr'>ille</span> <span class='ocrx_word' id='word_1_236' title='bbox 777 2932 1016 2985; x_wconf 83' lang='lat' dir='ltr'>appetituum</span> <span class='ocrx_word' id='word_1_237' title='bbox 1035 2929 1143 2971; x_wconf 86' lang='lat' dir='ltr'>aestus</span> <span class='ocrx_word' id='word_1_238' title='bbox 1167 2930 1218 2970; x_wconf 82' lang='lat' dir='ltr'>sle</span> <span class='ocrx_word' id='word_1_239' title='bbox 1232 2929 1365 2970; x_wconf 77' lang='lat' dir='ltr'>misere</span> <span class='ocrx_word' id='word_1_240' title='bbox 1382 2930 1614 2982; x_wconf 83' lang='lat' dir='ltr'>depascitur;</span> <span class='ocrx_word' id='word_1_241' title='bbox 1629 2930 1778 2969; x_wconf 87' lang='lat' dir='ltr'>interim</span> <span class='ocrx_word' id='word_1_242' title='bbox 1807 2930 1893 2980; x_wconf 87' lang='lat' dir='ltr'>quia</span> 
     </span>
     <span class='ocr_line' id='line_1_29' title="bbox 92 2985 1893 3046; baseline -0.003 -14"><span class='ocrx_word' id='word_1_243' title='bbox 92 2991 287 3045; x_wconf 68' lang='lat' dir='ltr'>aspe&amp;um</span> <span class='ocrx_word' id='word_1_244' title='bbox 309 2990 479 3043; x_wconf 88' lang='lat' dir='ltr'>fugiunt,</span> <span class='ocrx_word' id='word_1_245' title='bbox 509 2989 641 3030; x_wconf 88' lang='lat' dir='ltr'>felices</span> <span class='ocrx_word' id='word_1_246' title='bbox 667 3002 735 3030; x_wconf 88' lang='lat' dir='ltr'>eos</span> <span class='ocrx_word' id='word_1_247' title='bbox 757 2993 992 3035; x_wconf 85' lang='lat' dir='ltr'>arbitramur.</span> <span class='ocrx_word' id='word_1_248' title='bbox 1054 2989 1128 3046; x_wconf 72' lang='lat' dir='ltr'>(a)</span> <span class='ocrx_word' id='word_1_249' title='bbox 1160 2990 1284 3044; x_wconf 82' lang='lat' dir='ltr'>Neque</span> <span class='ocrx_word' id='word_1_250' title='bbox 1300 2985 1893 3045; x_wconf 75' lang='lat' dir='ltr'>frustrapraestcmtiffimusfhpien-</span> 
     </span>
     <span class='ocr_line' id='line_1_30' title="bbox 95 3046 1891 3105; baseline -0.004 -13"><span class='ocrx_word' id='word_1_251' title='bbox 95 3055 154 3093; x_wconf 78' lang='lat' dir='ltr'>tiae</span> <span class='ocrx_word' id='word_1_252' title='bbox 167 3049 362 3105; x_wconf 71' lang='lat' dir='ltr'>adfimnare</span> <span class='ocrx_word' id='word_1_253' title='bbox 376 3047 495 3101; x_wconf 72' lang='lat' dir='ltr'>ffilitus</span> <span class='ocrx_word' id='word_1_254' title='bbox 516 3049 583 3105; x_wconf 80' lang='lat' dir='ltr'>est3</span> <span class='ocrx_word' id='word_1_255' title='bbox 600 3049 638 3102; x_wconf 89' lang='lat' dir='ltr'><em>fi</em></span> <span class='ocrx_word' id='word_1_256' title='bbox 657 3050 877 3105; x_wconf 64' lang='lat' dir='ltr'>recludantur</span> <span class='ocrx_word' id='word_1_257' title='bbox 902 3058 1126 3105; x_wconf 73' lang='lat' dir='ltr'>tyrannorum</span> <span class='ocrx_word' id='word_1_258' title='bbox 1141 3058 1265 3090; x_wconf 78' lang='lat' dir='ltr'>mentes</span> <span class='ocrx_word' id='word_1_259' title='bbox 1279 3079 1290 3098; x_wconf 93' lang='lat'>,</span> <span class='ocrx_word' id='word_1_260' title='bbox 1305 3047 1392 3103; x_wconf 68' lang='lat' dir='ltr'>pff</span> <span class='ocrx_word' id='word_1_261' title='bbox 1415 3046 1515 3101; x_wconf 63' lang='lat' dir='ltr'>aspici</span> <span class='ocrx_word' id='word_1_262' title='bbox 1535 3049 1686 3089; x_wconf 75' lang='lat' dir='ltr'>laniatus</span> <span class='ocrx_word' id='word_1_263' title='bbox 1701 3047 1752 3092; x_wconf 72' lang='lat'>&amp;³</span> <span class='ocrx_word' id='word_1_264' title='bbox 1780 3047 1891 3093; x_wconf 53' lang='lat' dir='ltr'>istun</span> 
     </span>
     <span class='ocr_line' id='line_1_31' title="bbox 95 3105 1878 3166; baseline -0.003 -14"><span class='ocrx_word' id='word_1_265' title='bbox 95 3111 250 3166; x_wconf 85' lang='lat' dir='ltr'>quando,</span> <span class='ocrx_word' id='word_1_266' title='bbox 283 3119 325 3151; x_wconf 81' lang='lat' dir='ltr'>ut</span> <span class='ocrx_word' id='word_1_267' title='bbox 352 3119 494 3162; x_wconf 77' lang='lat' dir='ltr'>corpora</span> <span class='ocrx_word' id='word_1_268' title='bbox 521 3109 742 3159; x_wconf 72' lang='lat' dir='ltr'>verberibus,</span> <span class='ocrx_word' id='word_1_269' title='bbox 769 3113 821 3152; x_wconf 83' lang='lat' dir='ltr'>ita</span> <span class='ocrx_word' id='word_1_270' title='bbox 838 3109 1002 3163; x_wconf 63' lang='lat' dir='ltr'>fhvitid,</span> <span class='ocrx_word' id='word_1_271' title='bbox 1035 3108 1189 3160; x_wconf 72' lang='lat' dir='ltr'>libidine,</span> <span class='ocrx_word' id='word_1_272' title='bbox 1219 3108 1316 3150; x_wconf 82' lang='lat' dir='ltr'>malis</span> <span class='ocrx_word' id='word_1_273' title='bbox 1341 3105 1491 3161; x_wconf 75' lang='lat' dir='ltr'>conficltis</span> <span class='ocrx_word' id='word_1_274' title='bbox 1521 3111 1654 3148; x_wconf 78' lang='lat' dir='ltr'>animus</span> <span class='ocrx_word' id='word_1_275' title='bbox 1674 3107 1878 3147; x_wconf 73' lang='lat' dir='ltr'>dilaceretur</span> 
     </span>
     <span class='ocr_line' id='line_1_32' title="bbox 960 3164 1895 3210; baseline -0.005 0"><span class='ocrx_word' id='word_1_276' title='bbox 960 3171 1000 3210; x_wconf 90' lang='lat' dir='ltr'>G</span> <span class='ocrx_word' id='word_1_277' title='bbox 1796 3164 1895 3206; x_wconf 82' lang='lat' dir='ltr'>Pro!</span> 
     </span>
    </p>
   </div>
   <div class='ocr_carea' id='block_1_11' title="bbox 98 3231 344 3242">
    <p class='ocr_par' dir='ltr' id='par_1_12' title="bbox 98 3231 344 3242">
     <span class='ocr_line' id='line_1_33' title="bbox 98 3231 344 3242; baseline 0 488"><span class='ocrx_word' id='word_1_278' title='bbox 98 3231 344 3242; x_wconf 95' lang='lat' dir='ltr'> </span> 
     </span>
    </p>
   </div>
   <div class='ocr_carea' id='block_1_12' title="bbox 347 3234 603 3241">
    <p class='ocr_par' dir='ltr' id='par_1_13' title="bbox 347 3234 603 3241">
     <span class='ocr_line' id='line_1_34' title="bbox 347 3234 603 3241; baseline 0 489"><span class='ocrx_word' id='word_1_279' title='bbox 347 3234 603 3241; x_wconf 95' lang='lat' dir='ltr'> </span> 
     </span>
    </p>
   </div>
   <div class='ocr_carea' id='block_1_13' title="bbox 1618 3228 1843 3239">
    <p class='ocr_par' dir='ltr' id='par_1_14' title="bbox 1618 3228 1843 3239">
     <span class='ocr_line' id='line_1_35' title="bbox 1618 3228 1843 3239; baseline 0 491"><span class='ocrx_word' id='word_1_280' title='bbox 1618 3228 1843 3239; x_wconf 95' lang='lat' dir='ltr'> </span> 
     </span>
    </p>
   </div>
   <div class='ocr_carea' id='block_1_14' title="bbox 193 3250 637 3297">
    <p class='ocr_par' dir='ltr' id='par_1_15' title="bbox 193 3250 637 3297">
     <span class='ocr_line' id='line_1_36' title="bbox 193 3250 637 3297; baseline 0.002 -11"><span class='ocrx_word' id='word_1_281' title='bbox 193 3253 250 3297; x_wconf 85' lang='lat' dir='ltr'>(a)</span> <span class='ocrx_word' id='word_1_282' title='bbox 275 3250 390 3290; x_wconf 84' lang='lat' dir='ltr'>Tacit.</span> <span class='ocrx_word' id='word_1_283' title='bbox 406 3251 428 3288; x_wconf 90' lang='lat' dir='ltr'>l.</span> <span class='ocrx_word' id='word_1_284' title='bbox 453 3256 487 3292; x_wconf 84' lang='lat'>6.</span> <span class='ocrx_word' id='word_1_285' title='bbox 507 3251 637 3289; x_wconf 87' lang='lat' dir='ltr'>Annal.</span> 
     </span>
    </p>
   </div>
  </div>
 </body>
</html>
