2132 3730
275 275 363 324 '104
702 260 1048 306 DIDACI
1109 259 1636 303 SAAVEDRAE

283 329 695 343 Μ

271 354 325 395 V.
355 354 453 405 Regi
480 352 592 389 Petro
621 347 776 386 Crudeli
801 347 949 385 tertiam
973 355 1121 397 partem
1150 343 1383 384 decimarum
1414 356 1463 384 ex
1488 345 1683 385 beneficiis
1710 345 1978 386 Ecclefiasticis
2003 348 2075 387 Ca-

259 414 399 455 istellae.
460 407 636 448 Pontifici
652 406 761 445 Sixto
791 407 941 459 Quarto
972 404 1138 457 placuit,
1168 412 1210 442 ut
1232 404 1365 444 Clerus
1390 417 1465 444 una
1491 406 1579 445 vice
1608 406 1750 445 centies
1774 407 1876 445 mille
1897 406 2078 446 Ducatos

271 486 345 527 pro
377 470 479 509 bello
513 467 736 507 Granatensi
761 467 1044 513 contribueret,
1077 463 1115 503 &
1152 462 1368 504 Cruciatam
1389 466 1590 516 impertiit:
1621 477 1735 516 quam
1757 467 1911 517 gratiam
1936 465 2075 505 deinde

271 535 398 585 plures
436 529 496 566 alii
526 526 732 566 Pontifices
765 534 1032 578 prorogarunt.
1100 522 1217 575 JUIius
1249 523 1293 562 II.
1323 524 1420 578 Regi
1453 524 1654 564 Emanueli
1687 524 1869 564 Lusitano
1896 526 2075 565 conceffit

271 591 420 631 tertiam
444 586 638 626 fru&uum
657 596 825 638 partem,
856 598 940 637 quae
958 582 1006 624 ad
1021 582 1200 640 Ecelefiae
1213 581 1394 623 fabricam
1413 585 1650 636 pertinebat,
1680 584 1719 624 &
1737 593 1779 623 ut
1802 586 1927 625 eidem
1947 597 1995 625 ex
2018 598 2077 625 re-

272 650 382 702 liquis
400 646 653 687 Ecclefiarum
669 646 853 686 reditibus
871 646 1018 684 decima
1041 655 1174 683 eorum
1190 654 1275 694 pars
1299 642 1465 683 cederet.

444 706 480 758 ἕ,
511 706 607 746 Haec
628 716 754 746 tamen
771 705 929 745 subfidia
956 706 994 744 in
1016 703 1313 750 necessitatibus,
1345 702 1382 741 ὃς
1414 704 1501 743 usus
1519 702 1718 753 publicos,
1749 703 1885 753 quibus
1915 703 2073 743 destina-

272 777 310 808 ta
328 766 488 814 fuerint,
528 766 696 819 impendi
722 766 887 813 debent3
920 777 993 816 qua
1024 766 1062 803 in
1089 776 1129 803 re
1152 773 1228 802 tam
1252 762 1422 813 religiosa
1450 763 1522 802 fuit
1547 763 1693 815 Regina
1717 761 1893 811 Isabella,
1923 764 1999 817 (b)
2029 772 2073 804 ut

272 840 362 867 cum
393 826 578 866 colleetos
609 826 758 866 videret
787 825 809 864 ὲ
837 823 944 864 Bulla
973 825 1137 863 cruciata
1162 823 1366 874 nonaginta
1401 822 1608 870 milliones,
1634 820 1777 870 jusserit
1805 822 1908 862 illico
1938 824 1976 862 in
2003 835 2073 863 eos

273 888 451 927 converti
489 886 571 926 usus
594 915 605 934 ,
637 898 733 937 quos
773 885 891 924 Bullae
927 882 1160 936 Apostolicae
1190 882 1486 933 praescriberent.
1543 881 1671 933 Magis
1704 882 1919 921 elucescent
1945 885 2073 935 gratiae

271 947 371 996 istae,
389 946 603 997 &majores
625 957 673 984 ex
697 947 738 984 iis
756 945 954 984 nascentur
975 943 1142 991 fructus,
1172 942 1198 981 si
1218 942 1269 981 sic
1288 941 1464 993 impensae
1484 939 1637 980 fuerint.
1696 940 1907 981 Neceffitas
1930 952 2071 991 tamen,

274 1008 312 1047 &
327 1008 538 1059 periculum
561 1004 799 1044 confundere
821 1004 942 1043 solent
960 1005 1109 1052 omnia,
1139 1003 1176 1043 &
1192 1000 1304 1041 facile
1325 1000 1563 1051 interpretari
1578 1008 1745 1040 mentem
1763 1000 2018 1051 Pontificum,
2042 1001 2071 1042 fi

274 1068 379 1106 aliter
407 1065 489 1105 fieri
507 1067 725 1117 contingat,
757 1065 958 1115 praesertim
975 1063 1133 1115 quando
1163 1063 1354 1113 sumptus,
1385 1061 1449 1111 qui
1467 1058 1617 1098 aliunde
1634 1060 1674 1098 in
1700 1058 1808 1100 istum
1826 1060 1942 1102 finem
1959 1061 2070 1112 fiunt,

271 1126 432 1178 majores
458 1126 562 1177 sunt,
593 1124 683 1166 cum
707 1124 866 1177 perinde
887 1124 950 1172 fit,
982 1135 1032 1163 ex
1046 1123 1150 1163 hisne
1167 1122 1340 1175 pecuniis
1368 1121 1586 1169 sumantur,
1612 1131 1659 1159 an
1677 1129 1726 1158 ex
1747 1121 1838 1166 aliis.

608 1264 1393 1359 SYMssoLuM
1473 1286 1701 1354 XXVI.

329 2767 547 2836 Mpiasuit
569 2781 701 2814 eorum
721 2775 879 2826 opinio,
909 2776 973 2828 qui
992 2775 1149 2817 asserere
1170 2775 1245 2816 ausi
1268 2775 1349 2816 sunt
1367 2806 1379 2825 ‚
1408 2777 1540 2829 majori
1556 2775 1781 2817 fortitudine
1800 2769 1973 2813 Gentiles
1995 2778 2060 2808 ex-

351 2830 536 2881 ceflfflffe,
567 2832 679 2884 qu'am
703 2834 950 2885 Christianos,
981 2836 1030 2877 eb
1052 2837 1156 2889 quod
1175 2838 1323 2876 illorum
1348 2837 1559 2889 superstitio
1581 2840 1697 2890 magis
1708 2833 1974 2876 corroboraret
1984 2829 2062 2868 ani-

356 2901 487 2955 mum,
519 2891 803 2935 &ferociorem
819 2895 995 2937 redderet
1011 2907 1111 2937 tetro
1129 2898 1192 2936 illo
1217 2895 1434 2947 spectaculo
1458 2907 1518 2937 tot
1544 2907 1783 2937 cruentarum
1801 2889 2061 2935 victimarum,

270 2959 364 3002 quas
385 2948 470 2989 Dus
489 2951 704 2994 offerebant
726 2956 764 2994 in
796 2955 1004 3005 sacrificiis,
1034 2968 1179 3007 eosque
1203 2955 1304 2995 solos
1326 2969 1398 3008 pro
1425 2957 1529 2996 Viris
1560 2956 1724 2997 fortibus
1751 2953 1789 2993 &
1817 2948 2063 3002 magnanimis
2116 2966 2118 2990 ι

269 3010 449 3078 haberet,
481 3013 546 3061 qui
571 3014 712 3054 robore
738 3016 853 3068 magis
879 3018 1043 3066 virium,
1073 3015 1184 3067 quam
1213 3017 1360 3055 ratione
1385 3018 1462 3056 aliis
1497 3016 1731 3057 Nationibus
1753 3012 2063 3059 dominarentur-3
2114 3023 2116 3055 5

268 3077 405 3110 contra
420 3070 517 3109 vero
533 3071 668 3113 nostrae
687 3075 894 3128 Religionis
913 3075 1121 3117 institutum
1154 3076 1337 3116 incusaret
1361 3077 1438 3116 hoc
1467 3078 1642 3124 nomine,
1673 3072 1779 3124 quod
1803 3069 2060 3111 demiffionem

269 3128 580 3180 commendaret,
609 3132 647 3172 &
668 3135 1014 3183 mansuetudinem,
1045 3148 1129 3187 quae
1146 3135 1230 3175 duae
1253 3139 1416 3176 virtutes
1432 3138 1577 3175 animos
1595 3134 1723 3174 facere
1748 3133 1881 3171 solent.
1940 3127 2059 3179 Impia
2112 3130 2113 3141 ³

265 3188 419 3242 Pl'01'sus
450 3190 603 3243 Opinio,
635 3192 673 3231 ¹31
701 3192 721 3231 ὲ
753 3198 914 3237 veritate
944 3197 1101 3236 nimium
1128 3205 1310 3247 quantum
1339 3197 1474 3235 aliena!
1504 3194 1659 3246 Sanguis
1687 3190 1865 3244 profusus
1892 3189 2056 3229 animum

267 3249 470 3291 barbarum
496 3253 640 3305 magis,
668 3251 707 3292 δε
736 3256 930 3297 erudelem
958 3254 1120 3297 reddere
1140 3255 1290 3309 potest,
1319 3255 1520 3296 fortiorem
1550 3266 1595 3294 ac
1622 3254 1739 3307 magis
1759 3250 1953 3293 strenuum
1979 3257 2058 3287 non

1988 3316 2058 3359 po-
