2132 3730
493 192 1462 244 SYMBOLAPOLJTJCA.
1806 219 1857 257 71

99 281 204 319 tione
227 281 278 318 ita
295 290 382 316 eum
402 275 487 315 fore
504 276 742 328 dispositum,
762 286 804 316 ut
824 289 895 329 pro
912 289 953 317 re
969 288 1053 318 nata
1071 280 1267 320 immutare
1291 293 1354 321 eas
1375 283 1463 322 sciat
1478 282 1515 323 &
1532 286 1661 336 poffit,
1688 286 1864 339 adeoque

95 338 147 379 fic
166 340 203 378 in
231 337 342 376 rebus
363 336 538 375 omnibus
561 348 690 389 agere,
714 345 830 388 prout
851 336 1031 389 expedire
1048 338 1346 389 judicaverit,&
1362 344 1488 382 tulerit
1509 345 1671 385 occasio.
1732 349 1864 398 Atque

95 398 172 438 hoc
199 395 316 447 ipsum
340 396 555 447 cumprimis
577 395 820 436 necessarium
839 396 913 436 effe
951 398 1000 436 ait
1024 399 1062 436 in
1079 399 1122 436 iis
1143 397 1376 449 Principibus
1397 404 1460 451 qui
1491 405 1644 444 noviter
1660 404 1707 444 ad
1721 405 1865 458 Reipu-

94 457 199 497 blicae
221 454 471 507 gubernacula
498 453 728 494 accefferunt
746 484 759 503 ,
788 468 884 507 quos
908 467 1058 507 paratos
1079 456 1224 508 semper
1251 458 1288 496 δι
1308 460 1510 510 expeditos
1535 462 1609 503 effe
1631 474 1787 516 oportet
1817 465 1865 506 ad

93 512 280 555 utendum
302 515 396 554 velis
421 544 434 562 ,
463 523 579 566 prout
592 510 622 553 F
625 524 769 554 ortunae
791 517 897 554 venti
917 516 1134 566 spiraverint
1160 545 1172 564 ,
1203 516 1240 555 &
1257 517 1450 567 postularit
1474 523 1676 564 necessitas.
1752 524 1865 577 Impi-

93 584 157 613 um
180 573 330 624 prorsus
346 602 359 622 ,
389 573 662 625 &imprudens
681 574 876 614 confilium
904 574 1009 626 quod
1030 575 1188 613 virtutes
1206 574 1336 616 suadet
1357 589 1436 617 non
1450 583 1629 630 genuinas
1650 613 1663 631 ,
1692 583 1756 623 sed
1773 596 1865 625 con-

91 631 195 672 fidas
211 631 331 672 solum
360 631 397 673 δι
421 634 626 685 putatitias.
688 633 901 687 Quomodo
922 635 1021 672 enim
1039 632 1119 672 fieri
1135 635 1298 684 poterit,
1330 636 1489 676 utidem
1527 641 1659 679 umbra
1687 642 1866 693 praestet,

90 690 196 743 quod
220 692 358 731 veritas
380 692 401 730 2
430 703 600 743 quaenam
627 705 684 732 ars
698 723 711 742 ,
741 704 875 744 quaeve
893 690 1066 732 industria
1085 692 1243 741 crystalli
1267 704 1437 736 naturam
1460 696 1510 735 fic
1520 697 1692 748 perficiet
1706 729 1719 748 ‚
1740 711 1782 741 ut
1795 705 1868 742 cla-

87 752 198 790 ritate
220 750 280 789 sua
310 763 355 790 ac
380 752 465 791 luce
495 752 731 792 adamantem
758 762 930 803 exsequet
947 751 967 789 ἓ
996 753 1125 802 ecquis
1148 765 1226 792 non
1255 753 1355 793 illico
1372 784 1384 802 ,
1415 755 1461 793 ad
1479 757 1642 807 primum
1677 759 1867 809 aspeetum

83 809 127 849 &
152 810 455 860 explorationem
473 839 485 859 ‚
516 813 569 850 rei
606 813 781 864 agnoscet
815 812 1020 850 vanitatem
1046 840 1057 857 ‚
1095 810 1132 850 &
1163 812 1284 852 ridere
1321 814 1512 865 incipiet?
1542 815 1569 862 (
1586 816 1653 868 a)
1688 819 1778 857 Vera
1801 818 1870 870 glo-

85 870 145 918 ria
171 867 304 910 radices
334 872 433 921 agit,
476 877 580 923 arque
610 874 708 911 etiam
721 877 938 922 prqvagatur
965 883 977 908 .·
1010 867 1102 922 fici‘a
1124 874 1230 911 onmia
1257 872 1408 912 celeriter
1435 883 1598 927 tanquam
1642 873 1770 927 flosculi
1786 877 1870 918 deci-

84 927 189 976 dunt,
216 941 320 982 neque
331 929 525 981 standarum
555 932 732 984 quicquam
754 928 863 982 potest
887 926 944 982 ‘ff'
959 927 1168 968 diuturnum.
1241 930 1359 970 Nulla
1389 943 1490 972 tanta
1520 933 1574 973 est
1602 933 1732 975 astutia
1745 965 1757 985 ,
1787 948 1872 987 quae

86 996 259 1028 naturam
277 988 437 1038 aliquam
458 989 593 1028 malam
614 987 751 1029 vestire
778 987 829 1026 fic
846 988 954 1039 poffit
973 1018 984 1035 ‚
1020 998 1064 1026 ut
1083 1000 1357 1041 usquequaque
1382 993 1483 1031 bona
1501 1004 1693 1045 appareat.
1762 993 1871 1036 Nam

85 1046 112 1086 si
132 1048 170 1085 in
189 1047 276 1098 ipsis
302 1048 403 1086 veris
432 1048 661 1096 virtutibus,
691 1057 766 1087 tam
792 1057 933 1086 naturae
964 1046 1098 1086 nostrae
1131 1050 1168 1087 &
1197 1051 1427 1089 inclinationi
1459 1082 1472 1101 ,
1514 1054 1748 1093 accendente
1778 1067 1872 1105 prae-

84 1105 209 1145 sertim
260 1107 392 1145 habitu
413 1136 425 1155 ,
475 1105 513 1146 δι
548 1106 808 1146 conformibus
834 1117 909 1146 tam
940 1105 1051 1145 facile
1083 1106 1307 1156 deficimus,
1347 1109 1438 1160 quid
1472 1111 1511 1149 in
1534 1110 1631 1150 fic'tis
1663 1113 1699 1152 δε
1731 1115 1871 1164 putati-

84 1166 147 1204 tiis
169 1164 268 1204 fiet?
299 1165 499 1215 quomodo
525 1164 694 1214 Subditi,
718 1166 746 1205 si
767 1176 863 1205 artes
892 1165 929 1204 &
948 1164 1100 1205 fraudes
1129 1165 1214 1206 istas
1240 1167 1499 1218 perspexerint
1522 1199 1534 1217 ‚
1564 1170 1665 1210 ferre
1685 1181 1870 1223 poterunt

84 1223 261 1264 foetorem
281 1225 385 1263 illum
411 1254 423 1272 ,
454 1222 738 1276 ediscooperto
768 1224 844 1275 jam
874 1226 1053 1277 vitiorum
1079 1225 1306 1277 sepulchro,
1341 1236 1417 1267 tam
1457 1228 1696 1279 detestabili,
1727 1232 1872 1283 absque

82 1285 188 1322 omni
213 1285 398 1321 virtutum
434 1293 658 1322 ornamento
676 1284 696 1322 ?
725 1283 924 1334 quomodo
948 1284 994 1322 ab
1025 1285 1174 1324 interno
1197 1288 1261 1325 illo
1285 1288 1444 1327 vulnere
1478 1299 1650 1329 avertere
1688 1299 1873 1341 poterunt

81 1343 238 1388 oculos,
271 1341 299 1380 fi
331 1340 502 1380 detracto
518 1342 596 1392 jam
626 1341 699 1396 (b)
722 1344 834 1390 velo,
853 1342 918 1381 sub
943 1354 1021 1393 quo
1052 1343 1316 1393 delitescebat,
1345 1348 1467 1396 palam
1496 1348 1570 1386 sese
1593 1348 1684 1387 illud
1713 1350 1873 1401 conspe-

81 1400 146 1440 ‹stu
165 1399 327 1440 offerat?
354 1399 456 1439 unde
481 1400 599 1451 porro
617 1400 683 1440 fiet
702 1431 715 1449 ,
746 1411 788 1440 ut
805 1401 984 1453 Princeps
996 1402 1068 1441 suis
1087 1401 1192 1442 domi
1206 1407 1444 1456 contemptui
1467 1404 1618 1446 futurus
1635 1408 1702 1457 fit,
1727 1408 1764 1447 δε
1776 1409 1871 1448 ludi-

81 1461 187 1511 brio3
212 1461 398 1499 extraneis
428 1459 527 1499 verb
545 1459 719 1512 supecffis
744 1462 782 1501 in
811 1461 1002 1505 omnibus.
1059 1461 1245 1514 Utrisque
1267 1463 1372 1502 certe
1394 1464 1487 1503 odio
1505 1467 1594 1514 erit,
1613 1469 1753 1508 nemini
1771 1470 1873 1509 enim

83 1521 131 1559 ab
158 1521 222 1558 illo
247 1520 376 1559 licebit
398 1519 530 1558 securo
562 1521 708 1564 vivere.
770 1519 890 1560 Nulla
906 1522 974 1560 alia
1001 1532 1060 1560 res
1083 1523 1198 1574 magis
1221 1521 1498 1564 formidandam
1533 1526 1657 1566 reddit
1691 1529 1874 1579 principis

80 1578 318 1629 tyrannidem
334 1609 345 1627 ‚
375 1577 487 1630 quam
511 1578 539 1618 fi
569 1580 729 1619 virtutes
755 1579 832 1631 ipse
853 1577 993 1632 fingat:
1023 1592 1073 1619 ex
1099 1592 1149 1620 eo
1185 1583 1285 1621 enirn
1311 1581 1450 1622 deinde
1475 1585 1617 1635 majora
1644 1588 1872 1638 plerumque

85 1638 273 1690 pullulant
295 1639 386 1678 vitia
405 1668 416 1686 ,
447 1638 647 1689 quomodo
677 1640 784 1678 multi
808 1637 875 1693 (c)
901 1638 1102 1679 Othonem
1125 1641 1348 1679 metuebant
1372 1654 1385 1687 ς
1416 1642 1505 1681 cum
1529 1646 1689 1684 ambiret
1716 1646 1872 1698 Imperi-

81 1708 161 1736 um.
219 1697 366 1737 Malam
384 1698 564 1748 Principis
585 1708 756 1736 naturam
775 1726 788 1745 ,
824 1698 852 1737 si
870 1699 1022 1748 cognita
1045 1697 1114 1745 slt,
1142 1697 1330 1736 declinare
1356 1698 1467 1738 facile
1493 1704 1576 1751 quis
1606 1704 1734 1754 potest
1754 1735 1767 1752 ,
1794 1706 1867 1744 vir-

83 1765 185 1795 tutes
208 1755 314 1795 falsas
335 1756 372 1794 &
387 1756 572 1794 simulatas
589 1767 668 1794 non
691 1757 796 1794 item.
855 1754 898 1794 In
918 1755 1058 1807 apertis
1076 1757 1177 1795 vitiis
1196 1755 1384 1809 fragilitati
1399 1759 1508 1798 locus
1528 1759 1608 1808 est;
1637 1761 1734 1803 fietis
1751 1765 1874 1803 virtu-

83 1817 183 1854 tibus
215 1815 325 1854 dolus
340 1815 377 1854 δε
400 1815 499 1855 fraus
529 1812 762 1854 commisceri
783 1813 936 1860 solent3
965 1826 1091 1864 neque
1107 1816 1184 1853 hoc
1199 1814 1362 1854 fortuito
1379 1815 1502 1857 solum
1526 1819 1564 1858 δε
1588 1822 1674 1859 casu
1695 1835 1708 1868 ,-
1735 1821 1800 1861 sed
1821 1822 1872 1863 ad

82 1876 202 1914 malos
218 1876 442 1925 plerumque
458 1873 551 1912 fines
569 1901 582 1921 ,
615 1881 728 1921 atque
751 1871 849 1910 adet>
877 1873 993 1922 magis
1010 1873 1135 1910 noxiae
1170 1873 1241 1910 illae
1264 1872 1368 1922 sunt,
1387 1874 1499 1925 quam
1520 1877 1596 1928 ipsa
1610 1879 1715 1928 vitia,
1739 1892 1872 1931 quem--

83 1933 290 1972 admodum
303 1934 342 1971 in
353 1930 422 1986 (d)
432 1931 567 1980 Sejano
583 1930 734 1969 notavit
743 1928 911 1968 Tacitus.
974 1927 1038 1985 (e)
1059 1931 1233 1970 Extrema
1250 1931 1297 1986 {st
1309 1934 1525 1985 pervetfitas
1542 1966 1553 1983 ,
1582 1948 1656 1976 cum
1668 1937 1873 1994 prmficsju-

69 1991 176 2047 stitia*
201 2003 304 2030 vaces
328 2020 340 2039 ,
370 1989 420 2029 ad
438 1988 477 2029 id
492 1991 580 2038 m'ti,
608 1996 648 2028 ut
670 1987 850 2028 virbonus
867 1985 925 2041 cffi’
949 1987 1116 2029 videaris.
1174 1988 1271 2029 Labi
1292 1992 1330 2029 in
1362 2002 1534 2043 apertum
1568 1993 1688 2035 scelus
1707 2027 1719 2046 ,
1751 1999 1873 2039 imbe-

82 2052 223 2090 cellitas
245 2049 416 2101 quaedam
440 2047 519 2096 est‚·
543 2050 703 2088 virtutes
722 2047 892 2087 fimulare
905 2077 918 2096 ‚
944 2059 1047 2087 mera
1068 2050 1217 2089 malitia.
1279 2049 1386 2090 Vitia
1405 2053 1473 2091 alia
1487 2052 1632 2095 facilius
1650 2055 1780 2097 ferunt
1794 2059 1871 2098 ho-

81 2111 201 2150 mines
225 2121 238 2156 3
268 2119 305 2148 at
329 2108 546 2160 hypocrisin
571 2108 833 2148 abominantur
849 2119 982 2146 omnes
1003 2120 1089 2148 nam
1116 2110 1185 2148 illis
1209 2108 1456 2161 nosmetipsos
1487 2112 1607 2153 solum
1633 2114 1869 2169 decipimus,

80 2170 153 2209 hac
175 2169 269 2209 verb
287 2170 400 2208 etiam
424 2169 528 2207 alios.
591 2166 728 2220 Quid?
756 2166 860 2218 quod
885 2165 1053 2206 actiones
1071 2169 1184 2208 etiam
1201 2169 1311 2208 bonae
1325 2173 1519 2211 contemni
1541 2173 1682 2223 solent,
1701 2175 1728 2215 fi
1749 2177 1795 2215 ab
1814 2190 1870 2217 ar-

83 2238 122 2269 te
142 2259 154 2277 ,
182 2240 261 2268 non
283 2227 304 2267 a
322 2229 463 2267 virtute
483 2238 609 2267 ortum
631 2227 782 2266 ducant.
841 2225 968 2266 Multa
992 2226 1157 2266 faciebat
1171 2227 1368 2278 Vitellius,
1381 2239 1422 2268 ut
1438 2233 1592 2281 gratiam
1611 2232 1867 2288 favoremque

83 2290 215 2338 populi
231 2297 479 2340 aucuparetur
493 2317 505 2335 ,
535 2286 599 2326 sed
617 2285 643 2338 ζ
641 2283 678 2337 f
677 2287 705 2339 )
727 2298 801 2338 quae
814 2284 1012 2339 gratasane}
1031 2285 1183 2327 fuiffent
1213 2286 1264 2332 ξεί)
1271 2288 1472 2340 popularia,
1504 2293 1553 2330 ιὰ
1578 2294 1867 2347 υἱνῑιιῐὶὺιιςῑρνο-

76 2344 305 2400 ficifierentzst·
322 2379 335 2397 ,
369 2348 523 2386 memoria
544 2348 630 2385 ἐἰπε
644 2347 796 2397 prioris,
826 2345 864 2385 δε
885 2350 971 2397 quia
994 2358 1110 2386 nemo
1146 2359 1226 2386 non
1248 2348 1432 2388 videbat:
1461 2349 1549 2389 fieta
1572 2363 1616 2390 ea
1645 2352 1719 2392 effe
1736 2383 1748 2402 ,
1776 2356 1868 2394 inde-

83 2405 227 2450 cora&
249 2406 334 2446 vilia
352 2406 606 2458 acciviehantmz
664 2404 714 2444 Et
731 2405 876 2456 quaeso,
898 2408 957 2445 cui
979 2406 1085 2445 bono
1107 2408 1288 2447 virtutem
1307 2406 1450 2460 fingere
1468 2440 1479 2457 ,
1511 2410 1539 2449 fi
1562 2410 1696 2452 eadem
1717 2413 1867 2454 solertia

85 2475 198 2516 atque
215 2464 389 2507 industria
414 2465 462 2504 ad
485 2477 567 2504 eam
585 2476 664 2504 rem
692 2477 789 2516 opus
815 2463 868 2506 est
886 2495 898 2513 ‚
935 2474 1047 2516 atque
1068 2465 1115 2505 ad
1140 2470 1301 2506 virtutes
1333 2479 1442 2507 veras
1466 2468 1504 2508 &
1535 2470 1668 2510 solidas
1699 2472 1719 2510 2
1757 2473 1784 2512 s1
1808 2475 1868 2513 hae

85 2523 172 2576 ipsae
195 2524 246 2564 ob
272 2537 420 2564 morum
437 2526 662 2577 pravitatem
682 2526 748 2564 vix
766 2525 914 2564 roboris
939 2525 1084 2565 habent
1101 2526 1183 2565 satis
1201 2538 1245 2565 ac
1273 2528 1408 2567 virium
1423 2557 1434 2576 ,
1470 2531 1533 2579 qui
1554 2528 1651 2568 fictae
1671 2531 1867 2573 subsistent

87 2585 124 2623 &
157 2583 371 2623 umbratiles
392 2585 412 2623 ἱ)
440 2584 536 2624 Non
561 2583 609 2623 de
624 2595 802 2623 coronam
818 2615 829 2632 ,
859 2584 1015 2635 ejusque
1036 2586 1367 2625 conservationem
1396 2597 1592 2639 acceptam
1616 2588 1757 2640 refert,
1791 2604 1867 2632 nec

84 2645 241 2695 proemia
263 2654 349 2682 eum
370 2673 382 2692 ,
412 2655 475 2683 aut
489 2644 668 2695 supplicia
688 2643 807 2683 credit
825 2644 1030 2684 decernere
1043 2675 1055 2693 ,
1075 2647 1242 2697 quisquis
1268 2646 1324 2683 his
1343 2647 1482 2685 artibus
1500 2646 1652 2698 potius,
1675 2661 1786 2700 quam
1809 2652 1866 2692 di·
1894 2684 1900 2689 .

86 2704 186 2741 vinae
211 2700 369 2741 confidit
388 2704 648 2753 providentiae.
705 2702 743 2743 Si
764 2705 856 2743 vitia
871 2704 1052 2755 Principis
1073 2706 1119 2743 ab
1135 2703 1394 2744 imbecillitate
1406 2718 1509 2755 ,non
1527 2707 1572 2746 ab
1589 2707 1795 2750 affectione
1813 2711 1867 2758 es·

85 2763 166 2801 ient
183 2775 193 2800 ε
222 2760 367 2801 facilius
385 2762 523 2801 secreta
542 2775 585 2802 ea
605 2763 732 2802 haberi
754 2773 924 2815 paterer,
953 2775 1003 2802 ne
1021 2761 1121 2803 malo
1143 2765 1322 2814 exemplo
1341 2764 1433 2812 fint;
1461 2778 1547 2806 narn
1564 2766 1653 2807 ideo
1674 2780 1718 2808 ea
1737 2771 1866 2810 occul-

86 2832 166 2861 tare
180 2851 192 2869 ,
221 2821 431 2873 hypocrisis
453 2822 591 2862 censeri
611 2834 688 2862 non
707 2824 822 2864 debet
842 2855 852 2873 ‚
877 2834 940 2863 aut
957 2824 1095 2862 malitia
1115 2824 1162 2863 ad
1194 2822 1380 2864 fallendos
1397 2827 1553 2867 aliorum
1582 2829 1755 2877 anim033
1802 2828 1867 2870 sed

951 2881 976 2920 S
1011 2895 1033 2921 2
1697 2889 1861 2942 pruden-

181 2980 236 3026 (a)
252 2979 329 3016 Cic.
352 2980 410 3016 lib.
432 2994 468 3016 2.
499 2982 541 3016 de
558 2982 633 3018 Off.
663 2994 693 3018 c.
714 2995 769 3028 32.
825 2985 885 3031 (b)
906 2983 1027 3035 Qast
1032 2994 1170 3036 pannus
1196 2982 1410 3036 menstruatae
1441 2987 1604 3033 uniUersi
1632 2987 1784 3039 Jzestitiae
1809 3002 1865 3024 no-

78 3026 167 3078 strae.
195 3031 235 3066 Is.
258 3036 317 3079 64.
339 3037 372 3069 6.
403 3035 460 3079 (c)
477 3031 566 3068 Otho
581 3033 724 3070 interim
740 3061 748 3074 ,
768 3046 888 3071 contra
894 3035 989 3088 spem
1009 3039 1161 3073 omnium
1176 3063 1185 3077 ,
1212 3050 1277 3072 non
1301 3036 1434 3075 deliciis
1447 3066 1455 3079 ‚
1478 3052 1583 3092 neque
1612 3040 1740 3089 defidia
1758 3050 1864 3092 torpeo

79 3078 172 3124 sc'ere
185 3109 194 3122 ‚
220 3082 337 3120 dilata
355 3084 536 3135 voluptate
550 3114 559 3128 ,
586 3084 798 3136 diffi'mulata
819 3087 981 3129 luxuria,
996 3087 1041 3131 ὠ
1061 3090 1187 3125 ειιηεῗιι
1201 3087 1252 3125 ad
1272 3087 1421 3128 decorem
1435 3093 1572 3143 imperii
1589 3090 1774 3142 comptfita.
1805 3097 1865 3129 Eo·

90 3144 152 3189 qu}t
170 3133 247 3183 plus
251 3133 460 3184 formidinis
477 3133 675 3188 afflrehaszt
686 3135 786 3188 falsae
812 3141 983 3181 virtutes,
1001 3140 1046 3184 όΝ
1061 3144 1164 3179 vitia
1180 3139 1353 3178 reditum.
1403 3144 1487 3180 Tac.
1508 3144 1529 3181 l.
1544 3154 1573 3180 1.
1584 3143 1671 3178 Hist.
1692 3144 1751 3187 (d)
1761 3142 1868 3181 Haud

90 3189 329 3272 mtrIz-tlcitstnoxiae
349 3215 357 3228 ,
381 3191 510 3240 quoties
516 3189 675 3240 parando
695 3202 796 3243 regno
804 3190 1003 3244 finguntur.
1047 3196 1145 3231 Idem
1157 3194 1256 3242 lib.4.
1273 3194 1401 3233 Annal.
1428 3200 1484 3244 (e)
1498 3196 1587 3233 Plat.
1609 3193 1661 3241 (f)
1669 3194 1782 3233 Tacit.
1801 3196 1863 3235 lib·

91 3248 125 3271 2.
224 3250 277 3277 or.
