2132 3730
228 187 313 227 126
660 177 1604 223 DJDACISAAVEDRAE.

230 242 1767 258 ffl—-m——affl—‘m——Q———ss

222 271 388 312 minibus
406 281 449 307 ac
473 268 589 307 titulis
607 263 632 315 ζ
648 264 711 315 a)
743 261 924 313 explicat.
999 259 1115 299 Hisce
1132 262 1261 312 itaque
1284 259 1432 301 studeat
1465 261 1596 303 Seren.
1662 262 1800 303 Vestra
1828 260 2027 315 personam

220 331 326 373 suam
341 330 480 383 regiam
500 323 736 364 illustriorem
759 320 922 361 reddere
941 335 951 359 ε
980 319 1100 360 modo
1118 329 1245 360 tamen
1266 333 1347 361 non
1373 332 1423 361 ex
1445 322 1605 362 levitate
1623 321 1842 364 deferantur
1856 333 1920 362 aut
1938 323 2030 362 adu-

221 391 365 431 latione
384 401 397 437 3
415 386 475 426 sed
485 396 532 423 ex
553 381 754 421 universali
772 382 944 423 omnium
962 380 1143 433 applausu
1160 379 1345 429 ‚fundato
1365 383 1403 421 in
1419 383 1564 423 virtute
1581 382 1618 422 &
1635 395 1727 424 vera
1745 385 1858 424 animi
1878 382 2030 422 fortitu-

221 451 313 490 dine
335 480 347 497 ,
379 446 508 497 quales
534 440 665 491 fuere,
697 442 835 494 quibus
851 441 1030 482 honorati
1048 440 1131 479 sunt
1146 441 1236 480 olim
1248 441 1469 482 Serenitatis
1484 441 1632 483 Vestrae
1647 443 1925 491 Anteceffores,
1941 443 2030 482 Rex

219 509 252 551 F
255 504 480 549 erdinandus
497 501 656 542 Sanctus
673 533 685 551 ‚
715 502 934 554 Alphonsus
952 501 1120 554 Magnus
1137 531 1149 550 ‚
1181 499 1352 542 Sanffius
1371 501 1518 554 Fortis,
1542 503 1710 556 Jacobus
1728 504 1941 557 Pugnator,
1965 504 2030 542 Al-

220 568 389 624 phonsus
416 563 687 617 Magnanimus
705 592 718 611 ,
749 562 786 602 &
803 563 875 602 alii.

373 624 410 676 §‚
441 621 653 671 Praestantia
674 624 860 663 virtutum
886 633 898 669 ς
928 620 1087 672 aliaeque
1105 630 1248 660 naturae
1269 619 1529 678 perfectiones
1546 653 1557 670 ‚
1589 635 1674 675 quae
1688 624 1725 662 in
1750 623 1857 662 bono
1877 621 2033 661 Guber-

220 696 357 730 natore
373 685 642 736 requiruntur,
674 682 992 724 existimationem
1018 680 1056 720 δι
1072 680 1342 720 ειιόὶοῑίεειῑεηι
1365 684 1570 723 conciliant
1592 683 1767 734 Principi.
1831 682 1920 721 Una
1941 681 2033 729 sola,

220 760 306 800 quae
338 745 521 786 reluxerit
542 745 581 784 in
606 744 670 782 illo
690 742 756 783 seu
776 743 824 782 ad
843 742 1013 782 militiam
1028 743 1242 801 pertineat,
1263 742 1327 779 seu
1348 741 1395 780 ad
1412 755 1547 794 pacem
1566 774 1579 793 ,
1616 744 1770 782 aliarum
1798 739 1974 781 defectus
1998 752 2034 778 a-

218 804 351 858 bunde
374 805 551 858 supplere
567 803 663 843 solet
680 831 693 850 ,
722 811 767 842 ut
788 802 816 842 fi
831 801 991 854 seipsum
1010 802 1207 854 impendat
1220 801 1387 853 'negotiis
1404 830 1419 851 .‚
1448 801 1596 843 tametsi
1612 810 1691 842 non
1716 802 1875 841 omnino
1893 795 2034 852 satisfa-

218 855 294 909 ciat
314 882 323 907 :
352 876 441 907 nam
469 865 596 904 omnia
620 862 667 902 ad
689 861 889 913 Ministros
904 861 1138 902 remittendo
1161 894 1173 912 ,
1203 861 1316 901 valde
1336 862 1396 901 vis
1419 860 1629 912 Majestatis
1650 863 1884 903 imminu-{tor
1901 892 1912 910 ,
1944 872 2034 913 qua-

218 941 261 970 re
278 928 316 968 δι
337 925 408 980 (b)
427 922 608 977 Sullzfi‘ias
636 919 774 974 Crispas
800 920 950 962 Liviam
971 923 1095 962 vwnuit
1118 954 1130 972 ,
1161 936 1202 962 ne
1231 921 1392 962 Tiberius
1404 923 1478 970 vim
1503 923 1728 973 Principatus
1744 919 2036 973 refilveretsmz-

217 991 276 1030 ἑῖα
292 987 343 1028 ad
356 986 520 1026 Setmtmn
539 981 742 1022 revocando.
801 980 894 1021 Una
911 981 1034 1032 aliqua
1050 994 1110 1023 res
1134 982 1320 1035 sapienter
1337 980 1652 1034 laudabiliterque
1672 981 1807 1022 statuta
1828 976 2036 1032 aPrincipe

219 1056 448 1102 opportuno
479 1052 659 1094 tempore
676 1041 756 1080 fine
780 1041 1061 1092 consultatione
1081 1044 1225 1091 aliena:
1256 1054 1332 1094 una
1349 1042 1559 1095 indignatio
1580 1072 1592 1092 ,
1623 1041 1660 1081 δε
1678 1043 1863 1094 potentiae
1886 1041 1957 1080 suae
1979 1041 2037 1079 vi·

216 1121 278 1150 res
300 1108 367 1146 vel
391 1104 531 1144 leviter
550 1099 753 1141 ostendisse
771 1131 783 1151 ,
813 1103 939 1141 timeri
972 1113 1061 1142 eum
1079 1102 1227 1143 faciunt
1248 1101 1286 1142 &
1308 1100 1453 1154 suspici.
1517 1102 1646 1142 Animi
1660 1103 1751 1142 item
1765 1099 1976 1140 constantia
1998 1099 2037 1138 in

216 1177 380 1220 utraque
398 1163 556 1204 fortuna
580 1175 590 1200 :
624 1160 814 1201 existimat
834 1163 937 1201 enim
965 1163 1104 1215 vulgus
1120 1159 1230 1214 supra
1263 1174 1510 1202 communem
1535 1161 1608 1202 esse
1626 1171 1798 1201 naturam
1818 1190 1831 1209 .,
1863 1158 2038 1199 secundis

217 1230 335 1270 rebus
351 1237 433 1267 non
454 1223 599 1271 attolli,
629 1221 798 1261 adversis
824 1234 904 1261 non
923 1220 1061 1272 dejici-3
1092 1218 1211 1262 immo
1226 1221 1399 1262 divinum
1419 1222 1559 1274 aliquid
1579 1224 1617 1262 in
1633 1223 1694 1261 tali
1717 1219 1832 1261 inesse
1850 1219 2038 1271 Principe.

392 1284 427 1337 §.
455 1282 709 1335 AEquabilitas
731 1283 771 1321 in
794 1282 995 1334 operando
1014 1295 1189 1335 magnam
1217 1282 1368 1333 insuper
1394 1282 1713 1322 existimationem
1739 1281 1906 1332 Principi
1931 1292 2040 1319 com·

215 1355 343 1402 parat:
369 1344 501 1397 judicii
517 1344 619 1382 enirn
642 1341 849 1394 compositi
866 1342 903 1380 &
927 1342 1127 1393 prudentis
1150 1341 1333 1381 indicium
1357 1340 1424 1380 est.
1485 1341 1524 1380 Si
1549 1341 1706 1380 favores
1733 1340 1819 1379 suos
1846 1341 2038 1391 intempe-

215 1407 316 1450 stive
333 1404 590 1457 impertiverit
606 1403 708 1450 aliis,
739 1410 804 1440 aut
821 1399 984 1440 offensas
1001 1403 1139 1441 leviter
1164 1401 1290 1440 ulcisci
1310 1403 1501 1449 voluerit,
1531 1400 1727 1440 timebitur
1758 1398 1944 1451 quidem3
1972 1396 2037 1438 sed

214 1481 297 1510 non
324 1465 579 1512 aestimabitur,
596 1459 811 1513 quomodo,
826 1459 892 1515 (c)
918 1458 1225 1512 Vitelliumfithim
1239 1458 1384 1515 ff'fi5>
1393 1468 1458 1501 cust
1471 1458 1713 1513 intempestivis
1727 1457 1905 1499 blanditiis
1924 1466 2038 1498 mma-

215 1528 312 1569 bilem
331 1523 606 1570 contenmelmnt‚
636 1520 906 1573 metuebamque.
1328 1567 1329 1570 Ἴ

393 1589 430 1635 §.
462 1583 527 1623 Ad
553 1580 736 1621 tuendam
752 1577 938 1631 praeterea
964 1578 1286 1620 existimationem
1303 1579 1418 1619 etiam
1443 1577 1650 1617 Prudentia
1670 1576 1875 1625 conducit,
1906 1587 1957 1616 ne
1982 1577 2042 1615 vi-

217 1645 361 1685 delicet
382 1651 547 1682 conetur
568 1639 752 1689 Princeps
764 1668 777 1686 ‚
808 1637 916 1688 quod
926 1641 1103 1690 potentia
1118 1640 1294 1679 obtinere
1310 1650 1392 1679 non
1401 1636 1542 1689 potest.
1600 1637 1787 1677 Immensa
1805 1649 1850 1676 ea
1867 1636 2039 1688 sitopor-

215 1714 296 1751 tet,
327 1703 357 1743 fi
390 1702 574 1752 Princeps
606 1699 750 1736 bellum
778 1696 972 1749 suscipiat,
1003 1700 1042 1738 in
1075 1711 1154 1750 quo
1187 1700 1289 1738 nulla
1311 1697 1484 1737 vie'toriae
1506 1696 1613 1749 spes,
1637 1707 1703 1737 aut
1728 1697 1818 1750 ¹plus
1837 1695 1858 1736 ὲ
1880 1696 2040 1736 subditis

217 1762 425 1816 deposcat,
456 1773 572 1814 quam
590 1759 724 1805 liceat,
744 1755 782 1796 &
803 1754 886 1806 fieri
901 1759 1033 1809 pollit,
1060 1771 1134 1799 nec
1148 1767 1278 1798 tamen
1300 1757 1543 1798 occasionem
1574 1758 1618 1797 iis
1640 1757 1707 1797 det
1727 1756 1958 1797 obedientiae
1977 1756 2043 1795 ab-

211 1823 400 1877 jiciendae.
459 1823 663 1871 Attentare
683 1816 797 1865 illud,
829 1829 902 1856 nec
918 1817 1028 1869 posse
1051 1818 1100 1858 ad
1125 1817 1309 1864 effectum
1331 1818 1574 1872 perducere,
1604 1810 1645 1858 in
1670 1817 1848 1870 Principe
1874 1816 2038 1857 indeco-

215 1897 304 1926 rum
323 1881 398 1932 est,
435 1870 679 1921 temerarium
712 1877 751 1914 in
771 1875 943 1921 subditis,

396 1939 432 1992 ἕ,
462 1939 577 1979 Tanti
597 1936 695 1975 fiunt
711 1934 928 1986 Principes,
953 1935 1084 1989 quanti
1103 1932 1292 1988 semetipsi
1310 1929 1474 1980 faciunt:
1493 1934 1562 1974 etsi
1584 1938 1686 1976 enim
1707 1936 1836 1974 honor
1859 1937 1898 1975 in
1916 1933 2041 1974 existi-

217 2002 388 2045 matione
405 2001 524 2040 aliena
542 1996 690 2050 positus
709 1993 774 2042 fit,
806 1995 889 2033 haec
922 2004 1050 2034 tamen
1070 2007 1120 2034 ex
1138 1994 1382 2048 praejudicata
1397 1995 1583 2046 opinione
1603 1995 1688 2035 fere
1719 1994 1768 2034 de
1798 2006 2041 2045 unoquoque

220 2061 379 2103 formari
398 2061 514 2108 solet,
542 2070 626 2110 quae
654 2054 774 2104 major
797 2053 871 2103 est,
903 2066 967 2094 aut
995 2056 1121 2094 minor
1149 2053 1221 2108 (fi
1244 2054 1414 2106 prudens
1441 2053 1606 2108 saltem>
1637 2064 1756 2106 prout
1784 2056 1931 2107 animus
1961 2054 2042 2105 ipse

225 2131 292 2161 aut
317 2121 465 2172 spiritus
483 2119 594 2159 sumit
613 2116 634 2156 a
656 2113 907 2163 fortitudine,
939 2127 1052 2166 quam
1075 2115 1114 2154 in
1138 2115 1334 2166 semetipsa
1361 2116 1577 2165 experitur,
1607 2124 1674 2154 aut
1696 2112 1856 2154 eosdem
1883 2113 2040 2165 perdit,

219 2182 250 2223 fi
276 2181 420 2220 meritis
451 2187 591 2219 careat.
651 2172 725 2229 (d)
757 2172 890 2227 Optimi
906 2177 1026 2228 quippe
1044 2175 1235 2215 mortalium
1254 2171 1410 2227 altifflnm
1425 2175 1581 2226 cztpizmm
1609 2174 1736 2228 ignavi
1755 2173 1851 2213 vero
1870 2174 1961 2213 nihil
1976 2185 2040 2212 au-

221 2242 337 2290 dent,
367 2240 405 2280 δι
424 2239 600 2292 indignos
627 2237 664 2277 se
683 2234 788 2274 omni
816 2236 967 2274 honore
984 2234 1166 2285 judicant.
1226 2233 1269 2273 In
1290 2234 1348 2275 his
1371 2245 1452 2273 non
1479 2233 1626 2285 semper
1646 2235 1815 2274 demiffio
1832 2235 1954 2273 virtus
1969 2231 2037 2281 est,

220 2299 481 2349 &modestia‚
513 2298 578 2338 sed
605 2298 731 2336 vilitas
750 2294 923 2345 quaedani
941 2288 1074 2342 ani‘mi3
1104 2293 1207 2334 unde
1226 2293 1310 2344 jure
1328 2294 1466 2333 merito
1492 2294 1718 2346 spernuntur
1739 2294 1786 2332 ab
1809 2294 1909 2342 aliis,
1942 2290 2036 2332 dum

221 2362 356 2401 dicunt
382 2359 473 2399 ideo
506 2359 543 2398 se
570 2359 702 2397 altiora
731 2367 811 2394 non
842 2365 1026 2408 appetere
1049 2353 1157 2407 qu'od
1186 2355 1319 2403 sciant,
1349 2353 1386 2393 se
1413 2364 1460 2392 ea
1486 2366 1567 2394 non
1595 2350 1818 2408 promereri.
1900 2352 2038 2392 Parum

221 2417 376 2468 aberat,
408 2420 500 2471 quin
528 2417 664 2458 Blaesus
690 2415 857 2467 Imperio
887 2415 1062 2469 indignus
1091 2413 1311 2464 videretur,
1340 2413 1390 2453 eb
1418 2414 1525 2465 quod
1548 2424 1701 2468 rogatus
1731 2412 1824 2452 illud
1852 2411 2039 2464 suscipere

223 2480 296 2534 (e)
317 2488 599 2519 contemneret.
661 2474 798 2515 Infelix
820 2474 958 2525 status,
988 2488 1094 2527 Cujus
1113 2485 1231 2527 caput
1245 2485 1310 2515 aut
1331 2474 1513 2527 Principis
1545 2477 1657 2515 titulo
1685 2472 1883 2526 indignum
1910 2472 1947 2512 se
1980 2483 2039 2511 re-

222 2549 335 2594 putat
348 2571 359 2589 ‚
389 2548 455 2579 aut
474 2539 561 2592 plus
582 2538 697 2578 etiarn
718 2535 831 2586 quam
856 2536 1073 2588 Principem
1087 2534 1253 2576 aestimat.
1313 2533 1479 2575 Primum
1502 2536 1593 2576 illud
1608 2565 1620 2586 ‚
1648 2532 1814 2587 abjectio
1831 2533 1945 2572 animi
1971 2530 2039 2580 est,

223 2602 304 2642 hoc
321 2602 481 2640 alterurn
497 2611 570 2652 pro
591 2596 793 2648 tyrannide
821 2597 996 2636 habetur.

380 2661 417 2713 §.
448 2660 491 2700 In
522 2657 597 2699 istis
629 2659 742 2697 animi
759 2657 915 2696 dotibus
934 2658 1049 2696 etiam
1069 2655 1172 2696 casus
1202 2657 1332 2695 locum
1357 2654 1474 2693 habet
1499 2668 1511 2701 ς
1545 2656 1731 2708 contingit
1752 2655 1854 2693 enirn
1878 2663 1966 2691 cum
1992 2652 2037 2690 iis

224 2721 312 2774 ipfis
331 2719 518 2772 vilipendi
549 2719 764 2769 Principem
784 2747 796 2765 ‚
828 2716 982 2769 quando
1007 2717 1211 2757 Prudentia
1240 2713 1364 2755 minus
1387 2713 1481 2753 felix
1506 2714 1561 2755 est
1580 2744 1592 2765 ‚
1619 2726 1683 2754 aut
1706 2723 1872 2754 eventus
1889 2723 1969 2752 non
1985 2711 2040 2749 sat

223 2780 459 2832 respondent
483 2779 660 2823 consiliis,
722 2775 966 2817 Gubernatio
983 2779 1021 2818 in
1040 2778 1077 2817 se
1098 2777 1200 2817 bona
1223 2774 1277 2815 est
1310 2773 1375 2813 sed
1403 2776 1454 2813 ita
1479 2774 1638 2816 infausta
1653 2805 1666 2824 ‚
1696 2784 1740 2814 ut
1763 2774 1889 2813 omnia
1913 2769 2040 2810 minus

226 2838 333 2882 reete
349 2840 416 2878 sub
441 2851 575 2880 manus
593 2837 811 2878 succedant.
873 2837 995 2891 Quod
1019 2850 1099 2877 non
1117 2836 1264 2886 semper
1283 2835 1540 2886 providentiae
1558 2834 1732 2876 humanae
1757 2834 1856 2872 vitio
1880 2830 2035 2877 acc-idit3

225 2899 292 2941 sed
309 2898 439 2940 divina
458 2897 590 2951 potius
612 2899 664 2939 fic
679 2898 844 2952 disponit
863 2898 900 2938 δι
920 2898 1070 2939 ordinat
1087 2928 1100 2948 ,
1131 2896 1222 2937 dum
1239 2893 1334 2935 fines
1350 2895 1390 2935 hi
1418 2894 1663 2949 particulares
1691 2893 1850 2945 hujusce
1880 2889 2037 2958 inferio-

1988 2961 2040 2990 ris

1000 3062 1019 3070 α-

224 3108 291 3155 (a)
317 3109 361 3142 Et
386 3099 574 3142 vocabitur
594 3113 714 3138 nomen
730 3101 802 3149 ejus
816 3127 825 3142 ,
851 3097 1088 3138 Admirabilis
1103 3125 1111 3139 ‚
1139 3096 1358 3148 Confiliarius
1372 3125 1381 3139 ‚
1407 3104 1501 3136 Deus
1523 3125 1532 3139 ,
1550 3094 1666 3148 fortis
1686 3123 1695 3138 ‚
1721 3101 1830 3132 Pater
1843 3091 1975 3145 futuri
1985 3094 2041 3143 fi·

226 3158 320 3199 culi,
345 3157 503 3208 Princeps
523 3155 634 3207 pacis.
662 3155 701 3190 Is.
719 3165 794 3204 cap.
822 3167 860 3199 9.
879 3159 914 3191 6.
966 3154 1026 3201 (b)
1048 3150 1164 3188 Tacit.
1188 3150 1210 3189 l.
1234 3164 1262 3188 r.
1282 3150 1410 3188 Annal.
1448 3152 1524 3199 (c)
1550 3148 1666 3186 Tacit.
1690 3147 1754 3185 lib.
1781 3163 1815 3185 2.
1830 3148 1920 3185 Hist.
1974 3151 2038 3194 (d)

228 3210 368 3250 Ibidem
383 3209 407 3245 1.
423 3222 459 3256 4.
479 3207 610 3243 Annal.
664 3206 721 3253 (e)
748 3205 843 3243 Adeo
863 3220 929 3242 non
950 3206 1170 3256 Principatus
1190 3213 1351 3258 appetens
1372 3231 1380 3247 ,
1401 3213 1443 3241 ut
1466 3213 1598 3257 parum
1625 3198 1812 3255 effugeret,
1836 3214 1880 3237 rne
1911 3198 2039 3253 dignus

229 3261 441 3304 crederetur.
467 3259 555 3300 ibid.
566 3259 590 3297 1.
616 3271 647 3306 3.
668 3257 759 3296 Hist.
1064 3256 1067 3257 ⁷
1208 3255 1210 3257 '
