<?xml version="1.0" encoding="UTF-8"?>
<!DOCTYPE html PUBLIC "-//W3C//DTD XHTML 1.0 Transitional//EN"
    "http://www.w3.org/TR/xhtml1/DTD/xhtml1-transitional.dtd">
<html xmlns="http://www.w3.org/1999/xhtml" xml:lang="en" lang="en">
 <head>
  <title>
</title>
<meta http-equiv="Content-Type" content="text/html;charset=utf-8" />
  <meta name='ocr-system' content='tesseract 3.04.00' />
  <meta name='ocr-capabilities' content='ocr_page ocr_carea ocr_par ocr_line ocrx_word'/>
</head>
<body>
  <div class='ocr_page' id='page_1' title='image "./didacisaavedraef00saav_0292.png"; bbox 0 0 2132 3730; ppageno 0'>
   <div class='ocr_carea' id='block_1_1' title="bbox 283 196 2132 266">
    <p class='ocr_par' dir='ltr' id='par_1_1' title="bbox 283 196 2132 266">
     <span class='ocr_line' id='line_1_1' title="bbox 283 196 2132 266; baseline -0.001 -25"><span class='ocrx_word' id='word_1_1' title='bbox 283 214 366 251; x_wconf 82' lang='lat'>272</span> <span class='ocrx_word' id='word_1_2' title='bbox 728 196 1079 266; x_wconf 59' lang='lat' dir='ltr'><em>D—JDACI</em></span> <span class='ocrx_word' id='word_1_3' title='bbox 1133 198 1673 242; x_wconf 80' lang='lat' dir='ltr'><em>SAAVEDRAE.</em></span> <span class='ocrx_word' id='word_1_4' title='bbox 2130 209 2132 226; x_wconf 86' lang='lat'><strong>¹</strong></span> 
     </span>
    </p>
   </div>
   <div class='ocr_carea' id='block_1_2' title="bbox 260 267 2132 3192">
    <p class='ocr_par' dir='ltr' id='par_1_2' title="bbox 269 267 2126 1170">
     <span class='ocr_line' id='line_1_2' title="bbox 285 267 2093 334; baseline 0.001 -12"><span class='ocrx_word' id='word_1_5' title='bbox 285 293 352 322; x_wconf 88' lang='lat' dir='ltr'>aut</span> <span class='ocrx_word' id='word_1_6' title='bbox 375 284 492 322; x_wconf 87' lang='lat' dir='ltr'>ruina.</span> <span class='ocrx_word' id='word_1_7' title='bbox 556 279 784 318; x_wconf 86' lang='lat' dir='ltr'>Consortern</span> <span class='ocrx_word' id='word_1_8' title='bbox 810 277 911 317; x_wconf 79' lang='lat' dir='ltr'>ferre</span> <span class='ocrx_word' id='word_1_9' title='bbox 929 279 966 319; x_wconf 64' lang='grc' dir='ltr'>ὃς</span> <span class='ocrx_word' id='word_1_10' title='bbox 981 281 1019 319; x_wconf 89' lang='lat' dir='ltr'>in</span> <span class='ocrx_word' id='word_1_11' title='bbox 1043 280 1126 331; x_wconf 87' lang='lat' dir='ltr'>ipso</span> <span class='ocrx_word' id='word_1_12' title='bbox 1141 283 1278 334; x_wconf 86' lang='lat' dir='ltr'>magis,</span> <span class='ocrx_word' id='word_1_13' title='bbox 1309 293 1423 334; x_wconf 82' lang='lat' dir='ltr'>quam</span> <span class='ocrx_word' id='word_1_14' title='bbox 1443 282 1481 320; x_wconf 90' lang='lat' dir='ltr'>in</span> <span class='ocrx_word' id='word_1_15' title='bbox 1503 281 1577 321; x_wconf 83' lang='lat' dir='ltr'>ulla</span> <span class='ocrx_word' id='word_1_16' title='bbox 1604 295 1667 332; x_wconf 89' lang='lat' dir='ltr'>re,</span> <span class='ocrx_word' id='word_1_17' title='bbox 1697 283 1861 323; x_wconf 79' lang='lat' dir='ltr'>fortunae</span> <span class='ocrx_word' id='word_1_18' title='bbox 1889 267 2093 334; x_wconf 59' lang='lat' dir='ltr'>triumphat</span> 
     </span>
     <span class='ocr_line' id='line_1_3' title="bbox 286 338 2125 393; baseline 0 -11"><span class='ocrx_word' id='word_1_19' title='bbox 286 341 547 382; x_wconf 87' lang='lat' dir='ltr'>inconstantia.</span> <span class='ocrx_word' id='word_1_20' title='bbox 609 338 863 377; x_wconf 84' lang='lat' dir='ltr'>AEmulationi</span> <span class='ocrx_word' id='word_1_21' title='bbox 881 339 919 379; x_wconf 71' lang='grc' dir='ltr'>δι</span> <span class='ocrx_word' id='word_1_22' title='bbox 940 340 1093 380; x_wconf 80' lang='lat' dir='ltr'>invidiae</span> <span class='ocrx_word' id='word_1_23' title='bbox 1119 339 1333 382; x_wconf 87' lang='lat' dir='ltr'>obnoxium</span> <span class='ocrx_word' id='word_1_24' title='bbox 1357 339 1424 381; x_wconf 90' lang='lat' dir='ltr'>est.</span> <span class='ocrx_word' id='word_1_25' title='bbox 1483 340 1572 380; x_wconf 89' lang='lat' dir='ltr'>Plus</span> <span class='ocrx_word' id='word_1_26' title='bbox 1600 343 1651 381; x_wconf 92' lang='lat' dir='ltr'>illi</span> <span class='ocrx_word' id='word_1_27' title='bbox 1673 345 1832 393; x_wconf 87' lang='lat' dir='ltr'>periculi</span> <span class='ocrx_word' id='word_1_28' title='bbox 1863 342 1883 382; x_wconf 81' lang='lat' dir='ltr'>a</span> <span class='ocrx_word' id='word_1_29' title='bbox 1908 343 2022 382; x_wconf 89' lang='lat' dir='ltr'>rebus</span> <span class='ocrx_word' id='word_1_30' title='bbox 2046 343 2096 382; x_wconf 85' lang='lat' dir='ltr'>se·</span> <span class='ocrx_word' id='word_1_31' title='bbox 2122 347 2125 375; x_wconf 71' lang='grc' dir='ltr'>ἲ</span> 
     </span>
     <span class='ocr_line' id='line_1_4' title="bbox 281 396 2126 453; baseline 0.001 -12"><span class='ocrx_word' id='word_1_32' title='bbox 281 401 438 448; x_wconf 89' lang='lat' dir='ltr'>cundis‚</span> <span class='ocrx_word' id='word_1_33' title='bbox 470 409 582 448; x_wconf 85' lang='lat' dir='ltr'>quam</span> <span class='ocrx_word' id='word_1_34' title='bbox 604 396 772 437; x_wconf 79' lang='lat' dir='ltr'>adversis</span> <span class='ocrx_word' id='word_1_35' title='bbox 799 399 1000 439; x_wconf 86' lang='lat' dir='ltr'>imminet:</span> <span class='ocrx_word' id='word_1_36' title='bbox 1028 400 1067 439; x_wconf 90' lang='lat' dir='ltr'>in</span> <span class='ocrx_word' id='word_1_37' title='bbox 1089 396 1159 438; x_wconf 88' lang='lat' dir='ltr'>illis</span> <span class='ocrx_word' id='word_1_38' title='bbox 1177 401 1278 440; x_wconf 90' lang='lat' dir='ltr'>enim</span> <span class='ocrx_word' id='word_1_39' title='bbox 1301 401 1355 441; x_wconf 90' lang='lat' dir='ltr'>sui</span> <span class='ocrx_word' id='word_1_40' title='bbox 1381 399 1485 452; x_wconf 81' lang='lat' dir='ltr'>quasi</span> <span class='ocrx_word' id='word_1_41' title='bbox 1508 401 1651 441; x_wconf 86' lang='lat' dir='ltr'>oblitus</span> <span class='ocrx_word' id='word_1_42' title='bbox 1678 404 1779 442; x_wconf 89' lang='lat' dir='ltr'>vivit</span> <span class='ocrx_word' id='word_1_43' title='bbox 1813 402 1999 450; x_wconf 76' lang='lat' dir='ltr'>securius,</span> <span class='ocrx_word' id='word_1_44' title='bbox 2026 403 2126 453; x_wconf 44' lang='lat' dir='ltr'>perd</span> 
     </span>
     <span class='ocr_line' id='line_1_5' title="bbox 280 456 2126 513; baseline -0.001 -12"><span class='ocrx_word' id='word_1_45' title='bbox 280 461 520 501; x_wconf 84' lang='lat' dir='ltr'>securitatem</span> <span class='ocrx_word' id='word_1_46' title='bbox 536 457 573 496; x_wconf 90' lang='lat' dir='ltr'>in</span> <span class='ocrx_word' id='word_1_47' title='bbox 599 456 812 509; x_wconf 84' lang='lat' dir='ltr'><strong>superbiam</strong></span> <span class='ocrx_word' id='word_1_48' title='bbox 829 459 1004 511; x_wconf 88' lang='lat' dir='ltr'>erigitur,</span> <span class='ocrx_word' id='word_1_49' title='bbox 1033 471 1103 511; x_wconf 89' lang='lat' dir='ltr'>per</span> <span class='ocrx_word' id='word_1_50' title='bbox 1122 459 1334 511; x_wconf 85' lang='lat' dir='ltr'>superbiam</span> <span class='ocrx_word' id='word_1_51' title='bbox 1361 462 1399 500; x_wconf 91' lang='lat' dir='ltr'>in</span> <span class='ocrx_word' id='word_1_52' title='bbox 1419 460 1615 500; x_wconf 85' lang='lat' dir='ltr'>interitum</span> <span class='ocrx_word' id='word_1_53' title='bbox 1639 463 1728 505; x_wconf 74' lang='lat' dir='ltr'>ruit.</span> <span class='ocrx_word' id='word_1_54' title='bbox 1788 462 1828 502; x_wconf 92' lang='lat' dir='ltr'>Si</span> <span class='ocrx_word' id='word_1_55' title='bbox 1850 474 1998 502; x_wconf 89' lang='lat' dir='ltr'>novum</span> <span class='ocrx_word' id='word_1_56' title='bbox 2028 461 2095 510; x_wconf 87' lang='lat' dir='ltr'>fit,</span> <span class='ocrx_word' id='word_1_57' title='bbox 2122 469 2126 513; x_wconf 74' lang='lat' dir='ltr'>j</span> 
     </span>
     <span class='ocr_line' id='line_1_6' title="bbox 277 516 2096 572; baseline 0.001 -12"><span class='ocrx_word' id='word_1_58' title='bbox 277 520 393 560; x_wconf 88' lang='lat' dir='ltr'>facile</span> <span class='ocrx_word' id='word_1_59' title='bbox 420 518 560 556; x_wconf 89' lang='lat' dir='ltr'>iterum</span> <span class='ocrx_word' id='word_1_60' title='bbox 593 516 826 564; x_wconf 74' lang='lat' dir='ltr'>diffolvitur3</span> <span class='ocrx_word' id='word_1_61' title='bbox 857 517 883 557; x_wconf 85' lang='lat' dir='ltr'>fi</span> <span class='ocrx_word' id='word_1_62' title='bbox 913 521 1133 570; x_wconf 88' lang='lat' dir='ltr'>antiquum,</span> <span class='ocrx_word' id='word_1_63' title='bbox 1161 531 1212 558; x_wconf 90' lang='lat' dir='ltr'>ne</span> <span class='ocrx_word' id='word_1_64' title='bbox 1238 518 1290 558; x_wconf 87' lang='lat' dir='ltr'>fic</span> <span class='ocrx_word' id='word_1_65' title='bbox 1325 519 1481 572; x_wconf 88' lang='lat' dir='ltr'>quidem</span> <span class='ocrx_word' id='word_1_66' title='bbox 1513 522 1672 560; x_wconf 88' lang='lat' dir='ltr'>omnino</span> <span class='ocrx_word' id='word_1_67' title='bbox 1697 521 1847 563; x_wconf 90' lang='lat' dir='ltr'>firmum</span> <span class='ocrx_word' id='word_1_68' title='bbox 1873 521 1937 563; x_wconf 90' lang='lat' dir='ltr'>est.</span> <span class='ocrx_word' id='word_1_69' title='bbox 1998 520 2096 561; x_wconf 89' lang='lat' dir='ltr'>Non</span> 
     </span>
     <span class='ocr_line' id='line_1_7' title="bbox 277 572 2123 630; baseline 0 -11"><span class='ocrx_word' id='word_1_70' title='bbox 277 577 401 619; x_wconf 79' lang='lat' dir='ltr'>minus</span> <span class='ocrx_word' id='word_1_71' title='bbox 421 578 458 616; x_wconf 88' lang='lat' dir='ltr'>in</span> <span class='ocrx_word' id='word_1_72' title='bbox 479 586 666 629; x_wconf 88' lang='lat' dir='ltr'>perpetua</span> <span class='ocrx_word' id='word_1_73' title='bbox 686 588 784 630; x_wconf 86' lang='lat' dir='ltr'>pace</span> <span class='ocrx_word' id='word_1_74' title='bbox 799 579 1056 630; x_wconf 76' lang='lat' dir='ltr'>periclitatur,</span> <span class='ocrx_word' id='word_1_75' title='bbox 1088 591 1132 618; x_wconf 87' lang='lat' dir='ltr'>ac</span> <span class='ocrx_word' id='word_1_76' title='bbox 1154 579 1192 618; x_wconf 91' lang='lat' dir='ltr'>in</span> <span class='ocrx_word' id='word_1_77' title='bbox 1206 579 1323 619; x_wconf 88' lang='lat' dir='ltr'>bello.</span> <span class='ocrx_word' id='word_1_78' title='bbox 1386 577 1426 617; x_wconf 91' lang='lat' dir='ltr'>Si</span> <span class='ocrx_word' id='word_1_79' title='bbox 1449 580 1559 618; x_wconf 86' lang='lat' dir='ltr'>armis</span> <span class='ocrx_word' id='word_1_80' title='bbox 1577 581 1704 621; x_wconf 89' lang='lat' dir='ltr'>alienis</span> <span class='ocrx_word' id='word_1_81' title='bbox 1729 582 1908 622; x_wconf 91' lang='lat' dir='ltr'>infestum</span> <span class='ocrx_word' id='word_1_82' title='bbox 1934 593 2014 621; x_wconf 89' lang='lat' dir='ltr'>non</span> <span class='ocrx_word' id='word_1_83' title='bbox 2039 572 2096 630; x_wconf 80' lang='lat' dir='ltr'>fit,</span> <span class='ocrx_word' id='word_1_84' title='bbox 2120 588 2123 599; x_wconf 69' lang='lat'><strong>²</strong></span> 
     </span>
     <span class='ocr_line' id='line_1_8' title="bbox 274 636 2123 691; baseline 0.001 -12"><span class='ocrx_word' id='word_1_85' title='bbox 274 639 312 679; x_wconf 91' lang='lat' dir='ltr'>se</span> <span class='ocrx_word' id='word_1_86' title='bbox 336 636 417 689; x_wconf 85' lang='lat' dir='ltr'>ipso</span> <span class='ocrx_word' id='word_1_87' title='bbox 440 636 663 686; x_wconf 87' lang='lat' dir='ltr'>collabitur,</span> <span class='ocrx_word' id='word_1_88' title='bbox 695 637 732 677; x_wconf 70' lang='grc' dir='ltr'>δε</span> <span class='ocrx_word' id='word_1_89' title='bbox 751 637 818 677; x_wconf 89' lang='lat' dir='ltr'>ubi</span> <span class='ocrx_word' id='word_1_90' title='bbox 845 638 961 678; x_wconf 89' lang='lat' dir='ltr'>semel</span> <span class='ocrx_word' id='word_1_91' title='bbox 983 651 1093 678; x_wconf 83' lang='lat' dir='ltr'>ruere</span> <span class='ocrx_word' id='word_1_92' title='bbox 1111 640 1293 691; x_wconf 84' lang='lat' dir='ltr'>coeperit,</span> <span class='ocrx_word' id='word_1_93' title='bbox 1324 637 1502 678; x_wconf 89' lang='lat' dir='ltr'>sustinere</span> <span class='ocrx_word' id='word_1_94' title='bbox 1528 638 1565 678; x_wconf 90' lang='lat' dir='ltr'>se</span> <span class='ocrx_word' id='word_1_95' title='bbox 1580 636 1667 678; x_wconf 90' lang='lat' dir='ltr'>&#39;non</span> <span class='ocrx_word' id='word_1_96' title='bbox 1680 641 1819 691; x_wconf 85' lang='lat' dir='ltr'>potest.</span> <span class='ocrx_word' id='word_1_97' title='bbox 1882 641 1984 681; x_wconf 88' lang='lat' dir='ltr'>Inter</span> <span class='ocrx_word' id='word_1_98' title='bbox 2002 641 2097 680; x_wconf 83' lang='lat' dir='ltr'>sum·</span> <span class='ocrx_word' id='word_1_99' title='bbox 2121 648 2123 656; x_wconf 72' lang='grc'>’</span> 
     </span>
     <span class='ocr_line' id='line_1_9' title="bbox 272 690 2121 751; baseline 0.001 -13"><span class='ocrx_word' id='word_1_100' title='bbox 272 709 378 738; x_wconf 87' lang='lat' dir='ltr'>mum</span> <span class='ocrx_word' id='word_1_101' title='bbox 406 695 486 748; x_wconf 87' lang='lat' dir='ltr'>ejus</span> <span class='ocrx_word' id='word_1_102' title='bbox 513 696 699 750; x_wconf 83' lang='lat' dir='ltr'>fastigium</span> <span class='ocrx_word' id='word_1_103' title='bbox 730 697 768 737; x_wconf 73' lang='grc' dir='ltr'>δε</span> <span class='ocrx_word' id='word_1_104' title='bbox 789 700 1042 750; x_wconf 84' lang='lat' dir='ltr'>praecipitium</span> <span class='ocrx_word' id='word_1_105' title='bbox 1072 699 1164 738; x_wconf 80' lang='lat' dir='ltr'>nihil</span> <span class='ocrx_word' id='word_1_106' title='bbox 1191 711 1294 751; x_wconf 86' lang='lat' dir='ltr'>pene</span> <span class='ocrx_word' id='word_1_107' title='bbox 1320 698 1542 749; x_wconf 87' lang='lat' dir='ltr'>interjicitur</span> <span class='ocrx_word' id='word_1_108' title='bbox 1574 702 1770 751; x_wconf 88' lang='lat' dir='ltr'>temporis.</span> <span class='ocrx_word' id='word_1_109' title='bbox 1830 690 2098 741; x_wconf 55' lang='lat' dir='ltr'>AEmulationiss¹</span> <span class='ocrx_word' id='word_1_110' title='bbox 2120 744 2121 747; x_wconf 11' lang='grc' dir='ltr'><strong>Ἴ</strong></span> 
     </span>
     <span class='ocr_line' id='line_1_10' title="bbox 270 756 2122 813; baseline 0.002 -16"><span class='ocrx_word' id='word_1_111' title='bbox 270 758 342 797; x_wconf 89' lang='lat' dir='ltr'>bus</span> <span class='ocrx_word' id='word_1_112' title='bbox 366 769 469 797; x_wconf 90' lang='lat' dir='ltr'>nunc</span> <span class='ocrx_word' id='word_1_113' title='bbox 493 756 736 805; x_wconf 85' lang='lat' dir='ltr'>defenditur,</span> <span class='ocrx_word' id='word_1_114' title='bbox 768 770 871 797; x_wconf 85' lang='lat' dir='ltr'>nunc</span> <span class='ocrx_word' id='word_1_115' title='bbox 893 758 1115 805; x_wconf 83' lang='lat' dir='ltr'>offenditur.</span> <span class='ocrx_word' id='word_1_116' title='bbox 1177 760 1216 799; x_wconf 87' lang='lat' dir='ltr'>Si</span> <span class='ocrx_word' id='word_1_117' title='bbox 1249 759 1431 811; x_wconf 83' lang='lat' dir='ltr'>exiguum</span> <span class='ocrx_word' id='word_1_118' title='bbox 1465 758 1581 798; x_wconf 84' lang='lat' dir='ltr'>valde</span> <span class='ocrx_word' id='word_1_119' title='bbox 1603 757 1671 807; x_wconf 86' lang='lat' dir='ltr'>fit,</span> <span class='ocrx_word' id='word_1_120' title='bbox 1700 761 1796 799; x_wconf 83' lang='lat' dir='ltr'>tueri</span> <span class='ocrx_word' id='word_1_121' title='bbox 1824 761 1860 799; x_wconf 91' lang='lat' dir='ltr'>se</span> <span class='ocrx_word' id='word_1_122' title='bbox 1883 762 2037 813; x_wconf 87' lang='lat' dir='ltr'>nequit,</span> <span class='ocrx_word' id='word_1_123' title='bbox 2067 759 2096 799; x_wconf 84' lang='lat' dir='ltr'>fi</span> <span class='ocrx_word' id='word_1_124' title='bbox 2119 771 2122 801; x_wconf 73' lang='grc' dir='ltr'>ὲ</span> 
     </span>
     <span class='ocr_line' id='line_1_11' title="bbox 271 817 2093 871; baseline 0.001 -14"><span class='ocrx_word' id='word_1_125' title='bbox 271 818 416 871; x_wconf 86' lang='lat' dir='ltr'>grande</span> <span class='ocrx_word' id='word_1_126' title='bbox 436 817 671 866; x_wconf 82' lang='lat' dir='ltr'>admodum,</span> <span class='ocrx_word' id='word_1_127' title='bbox 700 829 833 870; x_wconf 87' lang='lat' dir='ltr'>regere</span> <span class='ocrx_word' id='word_1_128' title='bbox 850 819 1008 870; x_wconf 77' lang='lat' dir='ltr'>seipsum</span> <span class='ocrx_word' id='word_1_129' title='bbox 1029 819 1160 859; x_wconf 88' lang='lat' dir='ltr'>nescit.</span> <span class='ocrx_word' id='word_1_130' title='bbox 1224 820 1308 859; x_wconf 84' lang='lat' dir='ltr'>Arti</span> <span class='ocrx_word' id='word_1_131' title='bbox 1321 819 1438 871; x_wconf 89' lang='lat' dir='ltr'>magis</span> <span class='ocrx_word' id='word_1_132' title='bbox 1457 828 1588 870; x_wconf 87' lang='lat' dir='ltr'>paret,</span> <span class='ocrx_word' id='word_1_133' title='bbox 1608 817 1722 869; x_wconf 76' lang='lat' dir='ltr'>quam</span> <span class='ocrx_word' id='word_1_134' title='bbox 1743 821 1947 864; x_wconf 72' lang='lat' dir='ltr'>violentiae,</span> <span class='ocrx_word' id='word_1_135' title='bbox 1978 821 2093 858; x_wconf 81' lang='lat' dir='ltr'>Amat</span> 
     </span>
     <span class='ocr_line' id='line_1_12' title="bbox 270 877 2122 932; baseline -0.001 -14"><span class='ocrx_word' id='word_1_136' title='bbox 270 880 468 918; x_wconf 84' lang='lat' dir='ltr'>novitates</span> <span class='ocrx_word' id='word_1_137' title='bbox 484 906 496 926; x_wconf 89' lang='lat'>,</span> <span class='ocrx_word' id='word_1_138' title='bbox 528 877 564 917; x_wconf 72' lang='grc' dir='ltr'>δε</span> <span class='ocrx_word' id='word_1_139' title='bbox 595 879 632 917; x_wconf 90' lang='lat' dir='ltr'>in</span> <span class='ocrx_word' id='word_1_140' title='bbox 652 879 710 918; x_wconf 89' lang='lat' dir='ltr'>his</span> <span class='ocrx_word' id='word_1_141' title='bbox 732 879 878 918; x_wconf 84' lang='lat' dir='ltr'>ruinam</span> <span class='ocrx_word' id='word_1_142' title='bbox 894 878 996 919; x_wconf 87' lang='lat' dir='ltr'>suam</span> <span class='ocrx_word' id='word_1_143' title='bbox 1014 880 1167 932; x_wconf 84' lang='lat' dir='ltr'>reperit·</span> <span class='ocrx_word' id='word_1_144' title='bbox 1229 879 1366 919; x_wconf 84' lang='lat' dir='ltr'>Virtus</span> <span class='ocrx_word' id='word_1_145' title='bbox 1392 877 1487 918; x_wconf 89' lang='lat' dir='ltr'>salus</span> <span class='ocrx_word' id='word_1_146' title='bbox 1512 879 1610 919; x_wconf 88' lang='lat' dir='ltr'>illius</span> <span class='ocrx_word' id='word_1_147' title='bbox 1628 877 1702 928; x_wconf 87' lang='lat' dir='ltr'>est,</span> <span class='ocrx_word' id='word_1_148' title='bbox 1735 880 1869 919; x_wconf 88' lang='lat' dir='ltr'>vitium</span> <span class='ocrx_word' id='word_1_149' title='bbox 1885 879 2095 922; x_wconf 68' lang='lat' dir='ltr'>infirmitas.</span> <span class='ocrx_word' id='word_1_150' title='bbox 2120 883 2122 886; x_wconf 83' lang='grc'><strong>’</strong></span> 
     </span>
     <span class='ocr_line' id='line_1_13' title="bbox 269 937 2094 990; baseline -0.001 -12"><span class='ocrx_word' id='word_1_151' title='bbox 269 938 401 979; x_wconf 86' lang='lat' dir='ltr'>Labor</span> <span class='ocrx_word' id='word_1_152' title='bbox 421 937 513 977; x_wconf 89' lang='lat' dir='ltr'>illud</span> <span class='ocrx_word' id='word_1_153' title='bbox 531 939 660 990; x_wconf 83' lang='lat' dir='ltr'>erigit,</span> <span class='ocrx_word' id='word_1_154' title='bbox 687 937 815 987; x_wconf 81' lang='lat' dir='ltr'>dejicit</span> <span class='ocrx_word' id='word_1_155' title='bbox 833 939 970 983; x_wconf 76' lang='lat' dir='ltr'>otium.</span> <span class='ocrx_word' id='word_1_156' title='bbox 1029 939 1286 980; x_wconf 87' lang='lat' dir='ltr'>Munimentis</span> <span class='ocrx_word' id='word_1_157' title='bbox 1317 939 1355 979; x_wconf 84' lang='lat'>&amp;</span> <span class='ocrx_word' id='word_1_158' title='bbox 1379 937 1587 978; x_wconf 72' lang='lat' dir='ltr'>foederibus</span> <span class='ocrx_word' id='word_1_159' title='bbox 1617 940 1841 988; x_wconf 84' lang='lat' dir='ltr'>roboratur,</span> <span class='ocrx_word' id='word_1_160' title='bbox 1879 939 1916 979; x_wconf 88' lang='lat'>&amp;</span> <span class='ocrx_word' id='word_1_161' title='bbox 1949 940 2094 990; x_wconf 83' lang='lat' dir='ltr'>legibus</span> 
     </span>
     <span class='ocr_line' id='line_1_14' title="bbox 269 996 2120 1052; baseline 0 -14"><span class='ocrx_word' id='word_1_162' title='bbox 269 998 466 1039; x_wconf 85' lang='lat' dir='ltr'>stabilitur.</span> <span class='ocrx_word' id='word_1_163' title='bbox 528 996 774 1049; x_wconf 85' lang='lat' dir='ltr'>Magistratus</span> <span class='ocrx_word' id='word_1_164' title='bbox 809 1010 883 1049; x_wconf 91' lang='lat' dir='ltr'>pro</span> <span class='ocrx_word' id='word_1_165' title='bbox 911 998 1030 1040; x_wconf 82' lang='lat' dir='ltr'>corde</span> <span class='ocrx_word' id='word_1_166' title='bbox 1062 1000 1114 1039; x_wconf 91' lang='lat' dir='ltr'>illi</span> <span class='ocrx_word' id='word_1_167' title='bbox 1147 999 1226 1050; x_wconf 87' lang='lat' dir='ltr'>est,</span> <span class='ocrx_word' id='word_1_168' title='bbox 1257 998 1412 1040; x_wconf 87' lang='lat' dir='ltr'>confilia</span> <span class='ocrx_word' id='word_1_169' title='bbox 1439 998 1525 1039; x_wconf 88' lang='lat' dir='ltr'>sunt</span> <span class='ocrx_word' id='word_1_170' title='bbox 1553 1011 1628 1052; x_wconf 89' lang='lat' dir='ltr'>pro</span> <span class='ocrx_word' id='word_1_171' title='bbox 1657 1000 1800 1049; x_wconf 90' lang='lat' dir='ltr'>oculis,</span> <span class='ocrx_word' id='word_1_172' title='bbox 1827 1012 1900 1052; x_wconf 88' lang='lat' dir='ltr'>pro</span> <span class='ocrx_word' id='word_1_173' title='bbox 1931 999 2094 1039; x_wconf 89' lang='lat' dir='ltr'>brachiis</span> <span class='ocrx_word' id='word_1_174' title='bbox 2118 1014 2120 1050; x_wconf 52' lang='grc' dir='ltr'><em>ς</em></span> 
     </span>
     <span class='ocr_line' id='line_1_15' title="bbox 274 1051 2120 1109; baseline -0.002 -11"><span class='ocrx_word' id='word_1_175' title='bbox 274 1071 399 1107; x_wconf 86' lang='lat' dir='ltr'>arma,</span> <span class='ocrx_word' id='word_1_176' title='bbox 432 1069 506 1109; x_wconf 92' lang='lat' dir='ltr'>pro</span> <span class='ocrx_word' id='word_1_177' title='bbox 526 1058 690 1109; x_wconf 85' lang='lat' dir='ltr'>pedibus</span> <span class='ocrx_word' id='word_1_178' title='bbox 719 1069 829 1109; x_wconf 74' lang='lat' dir='ltr'>opes.</span> <span class='ocrx_word' id='word_1_179' title='bbox 2117 1051 2120 1102; x_wconf 68' lang='lat' dir='ltr'>I</span> 
     </span>
     <span class='ocr_line' id='line_1_16' title="bbox 420 1112 2094 1170; baseline 0 -14"><span class='ocrx_word' id='word_1_180' title='bbox 420 1117 456 1169; x_wconf 83' lang='lat'>§.</span> <span class='ocrx_word' id='word_1_181' title='bbox 490 1116 594 1157; x_wconf 82' lang='lat' dir='ltr'>Istud</span> <span class='ocrx_word' id='word_1_182' title='bbox 616 1118 742 1170; x_wconf 86' lang='lat' dir='ltr'>Regni</span> <span class='ocrx_word' id='word_1_183' title='bbox 760 1117 1064 1158; x_wconf 88' lang='lat' dir='ltr'>Decachordum</span> <span class='ocrx_word' id='word_1_184' title='bbox 1087 1118 1270 1169; x_wconf 69' lang='lat' dir='ltr'>Maiestas</span> <span class='ocrx_word' id='word_1_185' title='bbox 1287 1120 1514 1168; x_wconf 80' lang='lat' dir='ltr'>comitatur,</span> <span class='ocrx_word' id='word_1_186' title='bbox 1546 1130 1631 1169; x_wconf 88' lang='lat' dir='ltr'>quae</span> <span class='ocrx_word' id='word_1_187' title='bbox 1658 1115 1713 1158; x_wconf 90' lang='lat' dir='ltr'>est</span> <span class='ocrx_word' id='word_1_188' title='bbox 1742 1116 1914 1170; x_wconf 86' lang='lat' dir='ltr'>quaedam</span> <span class='ocrx_word' id='word_1_189' title='bbox 1941 1112 2094 1157; x_wconf 83' lang='lat' dir='ltr'>harmo-</span> 
     </span>
    </p>

    <p class='ocr_par' dir='ltr' id='par_1_3' title="bbox 260 1176 2118 1829">
     <span class='ocr_line' id='line_1_17' title="bbox 264 1176 2118 1232; baseline -0.001 -14"><span class='ocrx_word' id='word_1_190' title='bbox 264 1180 326 1219; x_wconf 91' lang='lat' dir='ltr'>nia</span> <span class='ocrx_word' id='word_1_191' title='bbox 347 1176 519 1230; x_wconf 78' lang='lat' dir='ltr'>epopuli</span> <span class='ocrx_word' id='word_1_192' title='bbox 543 1179 699 1218; x_wconf 89' lang='lat' dir='ltr'>chordis</span> <span class='ocrx_word' id='word_1_193' title='bbox 720 1188 804 1217; x_wconf 88' lang='lat' dir='ltr'>orta</span> <span class='ocrx_word' id='word_1_194' title='bbox 824 1178 860 1217; x_wconf 87' lang='lat'>&amp;</span> <span class='ocrx_word' id='word_1_195' title='bbox 881 1177 902 1217; x_wconf 77' lang='lat' dir='ltr'>a</span> <span class='ocrx_word' id='word_1_196' title='bbox 933 1178 1010 1231; x_wconf 73' lang='lat' dir='ltr'>(a)</span> <span class='ocrx_word' id='word_1_197' title='bbox 1043 1181 1140 1218; x_wconf 89' lang='lat' dir='ltr'>coelo</span> <span class='ocrx_word' id='word_1_198' title='bbox 1160 1181 1386 1232; x_wconf 87' lang='lat' dir='ltr'>approbata.</span> <span class='ocrx_word' id='word_1_199' title='bbox 1450 1179 1753 1231; x_wconf 78' lang='lat' dir='ltr'>Repraesentatio</span> <span class='ocrx_word' id='word_1_200' title='bbox 1776 1177 1949 1229; x_wconf 87' lang='lat' dir='ltr'>quaedam</span> <span class='ocrx_word' id='word_1_201' title='bbox 1976 1187 2089 1228; x_wconf 87' lang='lat' dir='ltr'>pote-</span> <span class='ocrx_word' id='word_1_202' title='bbox 2116 1185 2118 1192; x_wconf 73' lang='lat'><em>¹</em></span> 
     </span>
     <span class='ocr_line' id='line_1_18' title="bbox 268 1237 2088 1292; baseline -0.001 -15"><span class='ocrx_word' id='word_1_203' title='bbox 268 1237 394 1288; x_wconf 88' lang='lat' dir='ltr'>statis,</span> <span class='ocrx_word' id='word_1_204' title='bbox 426 1238 463 1278; x_wconf 73' lang='grc' dir='ltr'>δι</span> <span class='ocrx_word' id='word_1_205' title='bbox 489 1238 669 1290; x_wconf 86' lang='lat' dir='ltr'>splendor</span> <span class='ocrx_word' id='word_1_206' title='bbox 689 1241 873 1290; x_wconf 80' lang='lat' dir='ltr'>supremae</span> <span class='ocrx_word' id='word_1_207' title='bbox 889 1237 1175 1289; x_wconf 72' lang='lat' dir='ltr'>jurisdictionis.</span> <span class='ocrx_word' id='word_1_208' title='bbox 1238 1239 1310 1278; x_wconf 89' lang='lat' dir='ltr'>Vis</span> <span class='ocrx_word' id='word_1_209' title='bbox 1331 1239 1526 1292; x_wconf 76' lang='lat' dir='ltr'>quaedam,</span> <span class='ocrx_word' id='word_1_210' title='bbox 1556 1252 1641 1291; x_wconf 89' lang='lat' dir='ltr'>quae</span> <span class='ocrx_word' id='word_1_211' title='bbox 1666 1237 1903 1278; x_wconf 65' lang='lat' dir='ltr'>aftoritatern</span> <span class='ocrx_word' id='word_1_212' title='bbox 1932 1237 1967 1276; x_wconf 84' lang='lat'>&amp;</span> <span class='ocrx_word' id='word_1_213' title='bbox 1994 1238 2088 1276; x_wconf 76' lang='lat' dir='ltr'>obe-</span> 
     </span>
     <span class='ocr_line' id='line_1_19' title="bbox 265 1295 2092 1351; baseline -0.002 -13"><span class='ocrx_word' id='word_1_214' title='bbox 265 1299 447 1339; x_wconf 90' lang='lat' dir='ltr'>dientiam</span> <span class='ocrx_word' id='word_1_215' title='bbox 466 1299 532 1338; x_wconf 85' lang='lat' dir='ltr'>sibi</span> <span class='ocrx_word' id='word_1_216' title='bbox 560 1300 752 1338; x_wconf 89' lang='lat' dir='ltr'>conciliat.</span> <span class='ocrx_word' id='word_1_217' title='bbox 815 1297 998 1338; x_wconf 87' lang='lat' dir='ltr'>Custodia</span> <span class='ocrx_word' id='word_1_218' title='bbox 1019 1299 1057 1338; x_wconf 71' lang='grc' dir='ltr'>δε</span> <span class='ocrx_word' id='word_1_219' title='bbox 1085 1299 1178 1337; x_wconf 79' lang='lat' dir='ltr'>salus</span> <span class='ocrx_word' id='word_1_220' title='bbox 1202 1298 1257 1338; x_wconf 89' lang='lat' dir='ltr'>est</span> <span class='ocrx_word' id='word_1_221' title='bbox 1285 1297 1536 1351; x_wconf 66' lang='lat' dir='ltr'>principatus.</span> <span class='ocrx_word' id='word_1_222' title='bbox 1597 1299 1745 1351; x_wconf 90' lang='lat' dir='ltr'>Opinio</span> <span class='ocrx_word' id='word_1_223' title='bbox 1764 1298 1800 1336; x_wconf 83' lang='lat'>&amp;</span> <span class='ocrx_word' id='word_1_224' title='bbox 1820 1297 1920 1337; x_wconf 84' lang='lat' dir='ltr'>sama</span> <span class='ocrx_word' id='word_1_225' title='bbox 1941 1295 2014 1336; x_wconf 84' lang='lat' dir='ltr'>effe</span> <span class='ocrx_word' id='word_1_226' title='bbox 2036 1297 2092 1335; x_wconf 84' lang='lat' dir='ltr'>su-</span> 
     </span>
     <span class='ocr_line' id='line_1_20' title="bbox 264 1356 2089 1409; baseline -0.002 -10"><span class='ocrx_word' id='word_1_227' title='bbox 264 1371 330 1399; x_wconf 89' lang='lat' dir='ltr'>um</span> <span class='ocrx_word' id='word_1_228' title='bbox 349 1361 401 1399; x_wconf 90' lang='lat' dir='ltr'>illi</span> <span class='ocrx_word' id='word_1_229' title='bbox 423 1359 621 1406; x_wconf 82' lang='lat' dir='ltr'>tribuunt3</span> <span class='ocrx_word' id='word_1_230' title='bbox 651 1371 759 1399; x_wconf 88' lang='lat' dir='ltr'>amor</span> <span class='ocrx_word' id='word_1_231' title='bbox 779 1358 1045 1407; x_wconf 84' lang='lat' dir='ltr'>securitatem,</span> <span class='ocrx_word' id='word_1_232' title='bbox 1075 1369 1201 1397; x_wconf 89' lang='lat' dir='ltr'>metus</span> <span class='ocrx_word' id='word_1_233' title='bbox 1218 1358 1512 1405; x_wconf 65' lang='lat' dir='ltr'>au&amp;oritatem;</span> <span class='ocrx_word' id='word_1_234' title='bbox 1544 1358 1750 1398; x_wconf 87' lang='lat' dir='ltr'>ostentatio</span> <span class='ocrx_word' id='word_1_235' title='bbox 1779 1356 2089 1409; x_wconf 83' lang='lat' dir='ltr'>amplitudinem;</span> 
     </span>
     <span class='ocr_line' id='line_1_21' title="bbox 265 1416 2090 1470; baseline -0.002 -12"><span class='ocrx_word' id='word_1_236' title='bbox 265 1420 493 1458; x_wconf 85' lang='lat' dir='ltr'>caeremonia</span> <span class='ocrx_word' id='word_1_237' title='bbox 509 1421 791 1465; x_wconf 80' lang='lat' dir='ltr'>reverentiam3</span> <span class='ocrx_word' id='word_1_238' title='bbox 826 1418 1006 1456; x_wconf 86' lang='lat' dir='ltr'>severitas</span> <span class='ocrx_word' id='word_1_239' title='bbox 1029 1417 1333 1463; x_wconf 70' lang='lat' dir='ltr'>observantiam:</span> <span class='ocrx_word' id='word_1_240' title='bbox 1366 1430 1512 1470; x_wconf 88' lang='lat' dir='ltr'>pompa</span> <span class='ocrx_word' id='word_1_241' title='bbox 1538 1416 1869 1458; x_wconf 85' lang='lat' dir='ltr'>existimationem.</span> <span class='ocrx_word' id='word_1_242' title='bbox 1930 1417 2090 1469; x_wconf 86' lang='lat' dir='ltr'>Quanto</span> 
     </span>
     <span class='ocr_line' id='line_1_22' title="bbox 263 1476 2092 1532; baseline -0.002 -14"><span class='ocrx_word' id='word_1_243' title='bbox 263 1480 381 1532; x_wconf 84' lang='lat' dir='ltr'>magis</span> <span class='ocrx_word' id='word_1_244' title='bbox 401 1478 603 1518; x_wconf 86' lang='lat' dir='ltr'>hominum</span> <span class='ocrx_word' id='word_1_245' title='bbox 621 1478 720 1531; x_wconf 84' lang='lat' dir='ltr'>fugit</span> <span class='ocrx_word' id='word_1_246' title='bbox 740 1477 1016 1529; x_wconf 86' lang='lat' dir='ltr'>frequentiam,</span> <span class='ocrx_word' id='word_1_247' title='bbox 1047 1487 1156 1516; x_wconf 84' lang='lat' dir='ltr'>tanto</span> <span class='ocrx_word' id='word_1_248' title='bbox 1179 1479 1297 1528; x_wconf 79' lang='lat' dir='ltr'>magis</span> <span class='ocrx_word' id='word_1_249' title='bbox 1322 1479 1359 1516; x_wconf 88' lang='lat' dir='ltr'>in</span> <span class='ocrx_word' id='word_1_250' title='bbox 1377 1479 1630 1517; x_wconf 83' lang='lat' dir='ltr'>veneratione</span> <span class='ocrx_word' id='word_1_251' title='bbox 1656 1476 1722 1517; x_wconf 85' lang='lat' dir='ltr'>est.</span> <span class='ocrx_word' id='word_1_252' title='bbox 1784 1476 2025 1525; x_wconf 83' lang='lat' dir='ltr'>Contemptu</span> <span class='ocrx_word' id='word_1_253' title='bbox 2053 1476 2092 1515; x_wconf 60' lang='grc' dir='ltr'>ἃ,</span> 
     </span>
     <span class='ocr_line' id='line_1_23' title="bbox 263 1533 2092 1587; baseline -0.003 -9"><span class='ocrx_word' id='word_1_254' title='bbox 263 1538 357 1579; x_wconf 92' lang='lat' dir='ltr'>odio</span> <span class='ocrx_word' id='word_1_255' title='bbox 388 1539 427 1578; x_wconf 89' lang='lat' dir='ltr'>in</span> <span class='ocrx_word' id='word_1_256' title='bbox 445 1538 645 1578; x_wconf 86' lang='lat' dir='ltr'>discrimen</span> <span class='ocrx_word' id='word_1_257' title='bbox 666 1539 783 1577; x_wconf 87' lang='lat' dir='ltr'>venit.</span> <span class='ocrx_word' id='word_1_258' title='bbox 847 1536 940 1576; x_wconf 83' lang='lat' dir='ltr'>Nec</span> <span class='ocrx_word' id='word_1_259' title='bbox 962 1538 1214 1587; x_wconf 73' lang='lat' dir='ltr'>aequalitatem</span> <span class='ocrx_word' id='word_1_260' title='bbox 1238 1536 1334 1585; x_wconf 86' lang='lat' dir='ltr'>fert,</span> <span class='ocrx_word' id='word_1_261' title='bbox 1367 1548 1441 1575; x_wconf 87' lang='lat' dir='ltr'>nec</span> <span class='ocrx_word' id='word_1_262' title='bbox 1468 1536 1722 1584; x_wconf 78' lang='lat' dir='ltr'>divisionem,</span> <span class='ocrx_word' id='word_1_263' title='bbox 1753 1536 1841 1586; x_wconf 89' lang='lat' dir='ltr'>quia</span> <span class='ocrx_word' id='word_1_264' title='bbox 1873 1536 1912 1574; x_wconf 91' lang='lat' dir='ltr'>in</span> <span class='ocrx_word' id='word_1_265' title='bbox 1933 1533 2092 1574; x_wconf 81' lang='lat' dir='ltr'>admira.</span> 
     </span>
     <span class='ocr_line' id='line_1_24' title="bbox 260 1593 2089 1647; baseline -0.001 -9"><span class='ocrx_word' id='word_1_266' title='bbox 260 1600 368 1638; x_wconf 95' lang='lat' dir='ltr'>tione</span> <span class='ocrx_word' id='word_1_267' title='bbox 398 1598 436 1638; x_wconf 73' lang='grc' dir='ltr'>δε</span> <span class='ocrx_word' id='word_1_268' title='bbox 457 1599 602 1637; x_wconf 87' lang='lat' dir='ltr'>unitate</span> <span class='ocrx_word' id='word_1_269' title='bbox 633 1597 689 1637; x_wconf 86' lang='lat' dir='ltr'>est</span> <span class='ocrx_word' id='word_1_270' title='bbox 717 1596 852 1647; x_wconf 80' lang='lat' dir='ltr'>polita.</span> <span class='ocrx_word' id='word_1_271' title='bbox 914 1596 956 1635; x_wconf 91' lang='lat' dir='ltr'>In</span> <span class='ocrx_word' id='word_1_272' title='bbox 986 1606 1147 1646; x_wconf 85' lang='lat' dir='ltr'>utraque</span> <span class='ocrx_word' id='word_1_273' title='bbox 1173 1595 1331 1634; x_wconf 91' lang='lat' dir='ltr'>fortuna</span> <span class='ocrx_word' id='word_1_274' title='bbox 1370 1593 1794 1647; x_wconf 67' lang='lat' dir='ltr'>constantiamlservat:</span> <span class='ocrx_word' id='word_1_275' title='bbox 1826 1595 1985 1633; x_wconf 83' lang='lat' dir='ltr'>roborat</span> <span class='ocrx_word' id='word_1_276' title='bbox 2006 1607 2089 1636; x_wconf 85' lang='lat' dir='ltr'>eam</span> 
     </span>
     <span class='ocr_line' id='line_1_25' title="bbox 260 1654 2088 1708; baseline -0.002 -11"><span class='ocrx_word' id='word_1_277' title='bbox 260 1655 417 1708; x_wconf 72' lang='lat' dir='ltr'>culeus,</span> <span class='ocrx_word' id='word_1_278' title='bbox 451 1657 592 1697; x_wconf 92' lang='lat' dir='ltr'>fovent</span> <span class='ocrx_word' id='word_1_279' title='bbox 618 1669 721 1696; x_wconf 85' lang='lat' dir='ltr'>arma</span> <span class='ocrx_word' id='word_1_280' title='bbox 750 1656 787 1695; x_wconf 89' lang='lat'>&amp;</span> <span class='ocrx_word' id='word_1_281' title='bbox 817 1657 933 1707; x_wconf 88' lang='lat' dir='ltr'>leges.</span> <span class='ocrx_word' id='word_1_282' title='bbox 996 1654 1088 1694; x_wconf 89' lang='lat' dir='ltr'>Nec</span> <span class='ocrx_word' id='word_1_283' title='bbox 1120 1656 1230 1694; x_wconf 86' lang='lat' dir='ltr'>durat</span> <span class='ocrx_word' id='word_1_284' title='bbox 1259 1656 1297 1694; x_wconf 90' lang='lat' dir='ltr'>in</span> <span class='ocrx_word' id='word_1_285' title='bbox 1327 1654 1522 1705; x_wconf 87' lang='lat' dir='ltr'>elatione,</span> <span class='ocrx_word' id='word_1_286' title='bbox 1553 1668 1627 1696; x_wconf 91' lang='lat' dir='ltr'>nec</span> <span class='ocrx_word' id='word_1_287' title='bbox 1658 1656 1695 1694; x_wconf 90' lang='lat' dir='ltr'>in</span> <span class='ocrx_word' id='word_1_288' title='bbox 1728 1654 1947 1694; x_wconf 73' lang='lat' dir='ltr'>demissione</span> <span class='ocrx_word' id='word_1_289' title='bbox 1975 1656 2088 1695; x_wconf 81' lang='lat' dir='ltr'>animi</span> 
     </span>
     <span class='ocr_line' id='line_1_26' title="bbox 261 1714 2084 1768; baseline -0.003 -10"><span class='ocrx_word' id='word_1_290' title='bbox 261 1718 444 1758; x_wconf 88' lang='lat' dir='ltr'>concidit.</span> <span class='ocrx_word' id='word_1_291' title='bbox 509 1716 640 1756; x_wconf 80' lang='lat' dir='ltr'>Vitam</span> <span class='ocrx_word' id='word_1_292' title='bbox 666 1715 716 1756; x_wconf 91' lang='lat' dir='ltr'>illi</span> <span class='ocrx_word' id='word_1_293' title='bbox 734 1714 937 1768; x_wconf 88' lang='lat' dir='ltr'>prudentia</span> <span class='ocrx_word' id='word_1_294' title='bbox 955 1714 992 1754; x_wconf 67' lang='grc' dir='ltr'>ἃ(</span> <span class='ocrx_word' id='word_1_295' title='bbox 1008 1714 1267 1755; x_wconf 83' lang='lat' dir='ltr'>beneficentia</span> <span class='ocrx_word' id='word_1_296' title='bbox 1285 1716 1478 1765; x_wconf 89' lang='lat' dir='ltr'>tribuunt,</span> <span class='ocrx_word' id='word_1_297' title='bbox 1509 1718 1675 1766; x_wconf 88' lang='lat' dir='ltr'>eripiunt</span> <span class='ocrx_word' id='word_1_298' title='bbox 1693 1716 1858 1767; x_wconf 88' lang='lat' dir='ltr'>impetus</span> <span class='ocrx_word' id='word_1_299' title='bbox 1874 1714 1910 1754; x_wconf 89' lang='lat'>&amp;</span> <span class='ocrx_word' id='word_1_300' title='bbox 1934 1715 2084 1755; x_wconf 85' lang='lat' dir='ltr'>vitium.</span> 
     </span>
     <span class='ocr_line' id='line_1_27' title="bbox 436 1770 2082 1829; baseline -0.002 -13"><span class='ocrx_word' id='word_1_301' title='bbox 436 1776 472 1828; x_wconf 86' lang='lat'>§.</span> <span class='ocrx_word' id='word_1_302' title='bbox 506 1776 747 1816; x_wconf 86' lang='lat' dir='ltr'>Cbordarum</span> <span class='ocrx_word' id='word_1_303' title='bbox 770 1777 907 1829; x_wconf 83' lang='lat' dir='ltr'>vulgus</span> <span class='ocrx_word' id='word_1_304' title='bbox 936 1775 1185 1815; x_wconf 73' lang='lat' dir='ltr'>DecacLiordi</span> <span class='ocrx_word' id='word_1_305' title='bbox 1207 1775 1310 1815; x_wconf 89' lang='lat' dir='ltr'>istius</span> <span class='ocrx_word' id='word_1_306' title='bbox 1342 1777 1511 1829; x_wconf 88' lang='lat' dir='ltr'>populus</span> <span class='ocrx_word' id='word_1_307' title='bbox 1531 1775 1607 1827; x_wconf 90' lang='lat' dir='ltr'>est,</span> <span class='ocrx_word' id='word_1_308' title='bbox 1638 1774 1743 1827; x_wconf 88' lang='lat' dir='ltr'>cujus</span> <span class='ocrx_word' id='word_1_309' title='bbox 1759 1784 1891 1815; x_wconf 84' lang='lat' dir='ltr'>natura</span> <span class='ocrx_word' id='word_1_310' title='bbox 1914 1770 2082 1814; x_wconf 83' lang='lat' dir='ltr'>monstro</span> 
     </span>
    </p>

    <p class='ocr_par' dir='ltr' id='par_1_4' title="bbox 260 1833 2132 3192">
     <span class='ocr_line' id='line_1_28' title="bbox 262 1833 2078 1888; baseline -0.001 -13"><span class='ocrx_word' id='word_1_311' title='bbox 262 1849 332 1888; x_wconf 83' lang='lat' dir='ltr'>per</span> <span class='ocrx_word' id='word_1_312' title='bbox 350 1839 478 1877; x_wconf 82' lang='lat' dir='ltr'>onmia</span> <span class='ocrx_word' id='word_1_313' title='bbox 499 1837 643 1885; x_wconf 77' lang='lat' dir='ltr'>similis,</span> <span class='ocrx_word' id='word_1_314' title='bbox 677 1836 852 1876; x_wconf 83' lang='lat' dir='ltr'>diffimilis</span> <span class='ocrx_word' id='word_1_315' title='bbox 870 1836 890 1875; x_wconf 75' lang='lat' dir='ltr'>a</span> <span class='ocrx_word' id='word_1_316' title='bbox 907 1836 942 1874; x_wconf 88' lang='lat' dir='ltr'>se</span> <span class='ocrx_word' id='word_1_317' title='bbox 961 1837 1037 1888; x_wconf 88' lang='lat' dir='ltr'>ipsa</span> <span class='ocrx_word' id='word_1_318' title='bbox 1055 1834 1127 1885; x_wconf 89' lang='lat' dir='ltr'>est,</span> <span class='ocrx_word' id='word_1_319' title='bbox 1156 1834 1374 1876; x_wconf 85' lang='lat' dir='ltr'>inconstans</span> <span class='ocrx_word' id='word_1_320' title='bbox 1392 1837 1429 1877; x_wconf 89' lang='lat'>&amp;</span> <span class='ocrx_word' id='word_1_321' title='bbox 1446 1838 1562 1877; x_wconf 86' lang='lat' dir='ltr'>varia.</span> <span class='ocrx_word' id='word_1_322' title='bbox 1622 1835 1815 1876; x_wconf 81' lang='lat' dir='ltr'>Exteriori</span> <span class='ocrx_word' id='word_1_323' title='bbox 1835 1844 1960 1875; x_wconf 85' lang='lat' dir='ltr'>rerum</span> <span class='ocrx_word' id='word_1_324' title='bbox 1980 1833 2078 1873; x_wconf 74' lang='lat' dir='ltr'>facie</span> 
     </span>
     <span class='ocr_line' id='line_1_29' title="bbox 264 1891 2086 1948; baseline -0.001 -13"><span class='ocrx_word' id='word_1_325' title='bbox 264 1898 436 1948; x_wconf 79' lang='lat' dir='ltr'>capitur,</span> <span class='ocrx_word' id='word_1_326' title='bbox 468 1898 648 1936; x_wconf 72' lang='lat' dir='ltr'>interiora</span> <span class='ocrx_word' id='word_1_327' title='bbox 680 1909 760 1936; x_wconf 90' lang='lat' dir='ltr'>non</span> <span class='ocrx_word' id='word_1_328' title='bbox 785 1906 974 1948; x_wconf 85' lang='lat' dir='ltr'>penetrat.</span> <span class='ocrx_word' id='word_1_329' title='bbox 1035 1897 1249 1936; x_wconf 84' lang='lat' dir='ltr'>Rumorem</span> <span class='ocrx_word' id='word_1_330' title='bbox 1280 1898 1317 1935; x_wconf 89' lang='lat' dir='ltr'>in</span> <span class='ocrx_word' id='word_1_331' title='bbox 1353 1897 1554 1936; x_wconf 83' lang='lat' dir='ltr'>consilium</span> <span class='ocrx_word' id='word_1_332' title='bbox 1588 1896 1757 1936; x_wconf 81' lang='lat' dir='ltr'>adhibet.</span> <span class='ocrx_word' id='word_1_333' title='bbox 1819 1891 1882 1933; x_wconf 75' lang='lat' dir='ltr'>Sic</span> <span class='ocrx_word' id='word_1_334' title='bbox 1906 1907 1926 1932; x_wconf 85' lang='lat' dir='ltr'>a</span> <span class='ocrx_word' id='word_1_335' title='bbox 1952 1895 2086 1933; x_wconf 68' lang='lat' dir='ltr'>mediis</span> 
     </span>
     <span class='ocr_line' id='line_1_30' title="bbox 264 1954 2083 2007; baseline -0.002 -11"><span class='ocrx_word' id='word_1_336' title='bbox 264 1957 300 1996; x_wconf 85' lang='lat'>&amp;</span> <span class='ocrx_word' id='word_1_337' title='bbox 331 1958 477 1996; x_wconf 89' lang='lat' dir='ltr'>ratione</span> <span class='ocrx_word' id='word_1_338' title='bbox 511 1955 734 2003; x_wconf 54' lang='lat' dir='ltr'>derelictus,</span> <span class='ocrx_word' id='word_1_339' title='bbox 765 1967 808 1994; x_wconf 90' lang='lat' dir='ltr'>ut</span> <span class='ocrx_word' id='word_1_340' title='bbox 848 1968 982 1994; x_wconf 89' lang='lat' dir='ltr'>verum</span> <span class='ocrx_word' id='word_1_341' title='bbox 1014 1954 1036 1994; x_wconf 77' lang='lat' dir='ltr'>a</span> <span class='ocrx_word' id='word_1_342' title='bbox 1062 1955 1153 1994; x_wconf 83' lang='lat' dir='ltr'>salso</span> <span class='ocrx_word' id='word_1_343' title='bbox 1179 1956 1392 1994; x_wconf 79' lang='lat' dir='ltr'>discernere</span> <span class='ocrx_word' id='word_1_344' title='bbox 1419 1967 1600 2007; x_wconf 81' lang='lat' dir='ltr'>nequeat.</span> <span class='ocrx_word' id='word_1_345' title='bbox 1661 1956 1701 1994; x_wconf 88' lang='lat' dir='ltr'>In</span> <span class='ocrx_word' id='word_1_346' title='bbox 1729 1955 1918 1994; x_wconf 77' lang='lat' dir='ltr'>deteriora</span> <span class='ocrx_word' id='word_1_347' title='bbox 1938 1955 2083 2005; x_wconf 68' lang='lat' dir='ltr'>semper</span> 
     </span>
     <span class='ocr_line' id='line_1_31' title="bbox 263 2012 2084 2068; baseline -0.002 -14"><span class='ocrx_word' id='word_1_348' title='bbox 263 2028 422 2068; x_wconf 84' lang='lat' dir='ltr'>pronus.</span> <span class='ocrx_word' id='word_1_349' title='bbox 485 2016 575 2055; x_wconf 89' lang='lat' dir='ltr'>Una</span> <span class='ocrx_word' id='word_1_350' title='bbox 596 2014 810 2067; x_wconf 86' lang='lat' dir='ltr'>eademque</span> <span class='ocrx_word' id='word_1_351' title='bbox 829 2016 924 2054; x_wconf 86' lang='lat' dir='ltr'>hora</span> <span class='ocrx_word' id='word_1_352' title='bbox 945 2014 1043 2054; x_wconf 87' lang='lat' dir='ltr'>duos</span> <span class='ocrx_word' id='word_1_353' title='bbox 1069 2016 1280 2054; x_wconf 86' lang='lat' dir='ltr'>contrarios</span> <span class='ocrx_word' id='word_1_354' title='bbox 1307 2018 1405 2054; x_wconf 88' lang='lat' dir='ltr'>inter</span> <span class='ocrx_word' id='word_1_355' title='bbox 1433 2016 1467 2052; x_wconf 79' lang='lat' dir='ltr'>se</span> <span class='ocrx_word' id='word_1_356' title='bbox 1490 2015 1613 2054; x_wconf 86' lang='lat' dir='ltr'>induit</span> <span class='ocrx_word' id='word_1_357' title='bbox 1647 2013 1818 2053; x_wconf 61' lang='lat' dir='ltr'>affeffitus.</span> <span class='ocrx_word' id='word_1_358' title='bbox 1882 2012 1954 2051; x_wconf 89' lang='lat' dir='ltr'>His</span> <span class='ocrx_word' id='word_1_359' title='bbox 1982 2016 2084 2064; x_wconf 70' lang='lat' dir='ltr'>poti-</span> 
     </span>
     <span class='ocr_line' id='line_1_32' title="bbox 263 2072 2082 2127; baseline -0.002 -12"><span class='ocrx_word' id='word_1_360' title='bbox 263 2077 307 2116; x_wconf 83' lang='lat' dir='ltr'>iis</span> <span class='ocrx_word' id='word_1_361' title='bbox 332 2077 420 2115; x_wconf 90' lang='lat' dir='ltr'>duci</span> <span class='ocrx_word' id='word_1_362' title='bbox 443 2076 480 2115; x_wconf 87' lang='lat' dir='ltr'>se</span> <span class='ocrx_word' id='word_1_363' title='bbox 502 2077 605 2124; x_wconf 82' lang='lat' dir='ltr'>sinit,</span> <span class='ocrx_word' id='word_1_364' title='bbox 636 2075 749 2126; x_wconf 73' lang='lat' dir='ltr'>quam</span> <span class='ocrx_word' id='word_1_365' title='bbox 770 2076 941 2115; x_wconf 87' lang='lat' dir='ltr'>ratione:</span> <span class='ocrx_word' id='word_1_366' title='bbox 961 2077 1078 2127; x_wconf 84' lang='lat' dir='ltr'>magis</span> <span class='ocrx_word' id='word_1_367' title='bbox 1096 2076 1244 2126; x_wconf 84' lang='lat' dir='ltr'>impetu</span> <span class='ocrx_word' id='word_1_368' title='bbox 1262 2074 1376 2125; x_wconf 72' lang='lat' dir='ltr'>quam</span> <span class='ocrx_word' id='word_1_369' title='bbox 1399 2075 1626 2127; x_wconf 85' lang='lat' dir='ltr'>prudentia,</span> <span class='ocrx_word' id='word_1_370' title='bbox 1658 2074 1791 2112; x_wconf 78' lang='lat' dir='ltr'>umbra</span> <span class='ocrx_word' id='word_1_371' title='bbox 1807 2072 2082 2124; x_wconf 76' lang='lat' dir='ltr'>potii18,qnam</span> 
     </span>
     <span class='ocr_line' id='line_1_33' title="bbox 267 2132 2084 2187; baseline -0.002 -12"><span class='ocrx_word' id='word_1_372' title='bbox 267 2138 443 2176; x_wconf 86' lang='lat' dir='ltr'>veritate.</span> <span class='ocrx_word' id='word_1_373' title='bbox 506 2136 628 2175; x_wconf 83' lang='lat' dir='ltr'>Poenis</span> <span class='ocrx_word' id='word_1_374' title='bbox 659 2135 695 2175; x_wconf 69' lang='grc' dir='ltr'>ἃ</span> <span class='ocrx_word' id='word_1_375' title='bbox 727 2134 1035 2187; x_wconf 86' lang='lat' dir='ltr'>castigationibus</span> <span class='ocrx_word' id='word_1_376' title='bbox 1061 2135 1208 2174; x_wconf 85' lang='lat' dir='ltr'>domari</span> <span class='ocrx_word' id='word_1_377' title='bbox 1237 2133 1380 2185; x_wconf 89' lang='lat' dir='ltr'>potest.</span> <span class='ocrx_word' id='word_1_378' title='bbox 1439 2134 1483 2173; x_wconf 92' lang='lat' dir='ltr'>In</span> <span class='ocrx_word' id='word_1_379' title='bbox 1509 2133 1788 2173; x_wconf 83' lang='lat' dir='ltr'>adulationibus</span> <span class='ocrx_word' id='word_1_380' title='bbox 1815 2132 2001 2172; x_wconf 75' lang='lat' dir='ltr'>difformis</span> <span class='ocrx_word' id='word_1_381' title='bbox 2030 2133 2084 2172; x_wconf 79' lang='lat' dir='ltr'>est</span> 
     </span>
     <span class='ocr_line' id='line_1_34' title="bbox 263 2192 2132 2244; baseline -0.002 -8"><span class='ocrx_word' id='word_1_382' title='bbox 263 2196 301 2236; x_wconf 82' lang='lat'>&amp;</span> <span class='ocrx_word' id='word_1_383' title='bbox 327 2197 474 2244; x_wconf 86' lang='lat' dir='ltr'>varius,</span> <span class='ocrx_word' id='word_1_384' title='bbox 505 2196 636 2235; x_wconf 86' lang='lat' dir='ltr'>laudes</span> <span class='ocrx_word' id='word_1_385' title='bbox 664 2206 774 2235; x_wconf 87' lang='lat' dir='ltr'>veras</span> <span class='ocrx_word' id='word_1_386' title='bbox 798 2194 896 2234; x_wconf 83' lang='lat' dir='ltr'>falsis</span> <span class='ocrx_word' id='word_1_387' title='bbox 930 2194 1195 2237; x_wconf 82' lang='lat' dir='ltr'>commiscens.</span> <span class='ocrx_word' id='word_1_388' title='bbox 1257 2193 1436 2233; x_wconf 84' lang='lat' dir='ltr'>Medium</span> <span class='ocrx_word' id='word_1_389' title='bbox 1467 2203 1601 2233; x_wconf 85' lang='lat' dir='ltr'>tenere</span> <span class='ocrx_word' id='word_1_390' title='bbox 1638 2194 1774 2234; x_wconf 80' lang='lat' dir='ltr'>nescit:</span> <span class='ocrx_word' id='word_1_391' title='bbox 1806 2202 1870 2231; x_wconf 89' lang='lat' dir='ltr'>aut</span> <span class='ocrx_word' id='word_1_392' title='bbox 1902 2192 2078 2232; x_wconf 71' lang='lat' dir='ltr'>extreme</span> <span class='ocrx_word' id='word_1_393' title='bbox 2130 2226 2132 2233; x_wconf 81' lang='grc'>,</span> 
     </span>
     <span class='ocr_line' id='line_1_35' title="bbox 260 2251 2074 2309; baseline -0.003 -12"><span class='ocrx_word' id='word_1_394' title='bbox 260 2267 386 2305; x_wconf 81' lang='lat' dir='ltr'>amat,</span> <span class='ocrx_word' id='word_1_395' title='bbox 419 2266 483 2295; x_wconf 82' lang='lat' dir='ltr'>aut</span> <span class='ocrx_word' id='word_1_396' title='bbox 509 2256 614 2302; x_wconf 87' lang='lat' dir='ltr'>odit;</span> <span class='ocrx_word' id='word_1_397' title='bbox 645 2265 710 2307; x_wconf 89' lang='lat' dir='ltr'>aut</span> <span class='ocrx_word' id='word_1_398' title='bbox 731 2255 876 2296; x_wconf 89' lang='lat' dir='ltr'>summe</span> <span class='ocrx_word' id='word_1_399' title='bbox 891 2265 1018 2309; x_wconf 85' lang='lat' dir='ltr'>gratus</span> <span class='ocrx_word' id='word_1_400' title='bbox 1044 2251 1121 2302; x_wconf 89' lang='lat' dir='ltr'>est,</span> <span class='ocrx_word' id='word_1_401' title='bbox 1151 2262 1216 2293; x_wconf 90' lang='lat' dir='ltr'>aut</span> <span class='ocrx_word' id='word_1_402' title='bbox 1233 2255 1427 2306; x_wconf 84' lang='lat' dir='ltr'>ingratus‚·</span> <span class='ocrx_word' id='word_1_403' title='bbox 1457 2265 1522 2293; x_wconf 86' lang='lat' dir='ltr'>aut</span> <span class='ocrx_word' id='word_1_404' title='bbox 1546 2264 1687 2305; x_wconf 82' lang='lat' dir='ltr'>pavet,</span> <span class='ocrx_word' id='word_1_405' title='bbox 1722 2261 1786 2292; x_wconf 84' lang='lat' dir='ltr'>aut</span> <span class='ocrx_word' id='word_1_406' title='bbox 1815 2261 1951 2299; x_wconf 80' lang='lat' dir='ltr'>terret,</span> <span class='ocrx_word' id='word_1_407' title='bbox 1984 2252 2074 2292; x_wconf 84' lang='lat' dir='ltr'>dum</span> 
     </span>
     <span class='ocr_line' id='line_1_36' title="bbox 260 2311 2132 2368; baseline -0.003 -12"><span class='ocrx_word' id='word_1_408' title='bbox 260 2316 358 2356; x_wconf 78' lang='lat' dir='ltr'>vero</span> <span class='ocrx_word' id='word_1_409' title='bbox 380 2326 521 2368; x_wconf 88' lang='lat' dir='ltr'>pavet,</span> <span class='ocrx_word' id='word_1_410' title='bbox 552 2315 682 2356; x_wconf 81' lang='lat' dir='ltr'>secure</span> <span class='ocrx_word' id='word_1_411' title='bbox 705 2316 905 2368; x_wconf 77' lang='lat' dir='ltr'>spernitur,</span> <span class='ocrx_word' id='word_1_412' title='bbox 967 2315 1146 2355; x_wconf 87' lang='lat' dir='ltr'>Periculis</span> <span class='ocrx_word' id='word_1_413' title='bbox 1167 2315 1379 2353; x_wconf 88' lang='lat' dir='ltr'>levioribus</span> <span class='ocrx_word' id='word_1_414' title='bbox 1410 2311 1588 2366; x_wconf 80' lang='lat' dir='ltr'>proxime</span> <span class='ocrx_word' id='word_1_415' title='bbox 1618 2312 1903 2353; x_wconf 86' lang='lat' dir='ltr'>imminentibus</span> <span class='ocrx_word' id='word_1_416' title='bbox 1926 2322 2075 2363; x_wconf 86' lang='lat' dir='ltr'>pertur-</span> <span class='ocrx_word' id='word_1_417' title='bbox 2130 2340 2132 2357; x_wconf 25' lang='grc' dir='ltr'><em>ἦ</em></span> 
     </span>
     <span class='ocr_line' id='line_1_37' title="bbox 261 2369 2132 2428; baseline -0.002 -12"><span class='ocrx_word' id='word_1_418' title='bbox 261 2377 390 2416; x_wconf 83' lang='lat' dir='ltr'>batur:</span> <span class='ocrx_word' id='word_1_419' title='bbox 420 2376 709 2428; x_wconf 83' lang='lat' dir='ltr'>grandioribus,</span> <span class='ocrx_word' id='word_1_420' title='bbox 742 2373 767 2415; x_wconf 82' lang='lat' dir='ltr'>si</span> <span class='ocrx_word' id='word_1_421' title='bbox 807 2377 1015 2428; x_wconf 87' lang='lat' dir='ltr'>longinqua</span> <span class='ocrx_word' id='word_1_422' title='bbox 1036 2375 1133 2423; x_wconf 82' lang='lat' dir='ltr'>sint,</span> <span class='ocrx_word' id='word_1_423' title='bbox 1163 2374 1257 2413; x_wconf 82' lang='lat' dir='ltr'>nihil</span> <span class='ocrx_word' id='word_1_424' title='bbox 1281 2375 1440 2413; x_wconf 87' lang='lat' dir='ltr'>omnino</span> <span class='ocrx_word' id='word_1_425' title='bbox 1458 2384 1633 2417; x_wconf 78' lang='lat' dir='ltr'>terretur.</span> <span class='ocrx_word' id='word_1_426' title='bbox 1691 2373 1771 2413; x_wconf 91' lang='lat' dir='ltr'>Aut</span> <span class='ocrx_word' id='word_1_427' title='bbox 1791 2369 1940 2422; x_wconf 64' lang='lat' dir='ltr'>abjeao</span> <span class='ocrx_word' id='word_1_428' title='bbox 1960 2371 2075 2412; x_wconf 88' lang='lat' dir='ltr'>servit</span> <span class='ocrx_word' id='word_1_429' title='bbox 2131 2369 2132 2374; x_wconf 69' lang='grc'>’</span> 
     </span>
     <span class='ocr_line' id='line_1_38' title="bbox 263 2429 2074 2487; baseline -0.002 -12"><span class='ocrx_word' id='word_1_430' title='bbox 263 2438 415 2483; x_wconf 85' lang='lat' dir='ltr'>animo,</span> <span class='ocrx_word' id='word_1_431' title='bbox 448 2446 512 2475; x_wconf 91' lang='lat' dir='ltr'>aut</span> <span class='ocrx_word' id='word_1_432' title='bbox 538 2448 627 2475; x_wconf 88' lang='lat' dir='ltr'>cum</span> <span class='ocrx_word' id='word_1_433' title='bbox 644 2436 815 2485; x_wconf 86' lang='lat' dir='ltr'>superbia</span> <span class='ocrx_word' id='word_1_434' title='bbox 838 2437 1012 2487; x_wconf 83' lang='lat' dir='ltr'>imperat.</span> <span class='ocrx_word' id='word_1_435' title='bbox 1070 2432 1163 2472; x_wconf 84' lang='lat' dir='ltr'>Nec</span> <span class='ocrx_word' id='word_1_436' title='bbox 1179 2434 1257 2485; x_wconf 87' lang='lat' dir='ltr'>ipse</span> <span class='ocrx_word' id='word_1_437' title='bbox 1291 2432 1385 2473; x_wconf 86' lang='lat' dir='ltr'>liber</span> <span class='ocrx_word' id='word_1_438' title='bbox 1401 2432 1476 2474; x_wconf 81' lang='lat' dir='ltr'>effe</span> <span class='ocrx_word' id='word_1_439' title='bbox 1498 2434 1652 2481; x_wconf 81' lang='lat' dir='ltr'>didicit,</span> <span class='ocrx_word' id='word_1_440' title='bbox 1684 2444 1756 2472; x_wconf 87' lang='lat' dir='ltr'>nce</span> <span class='ocrx_word' id='word_1_441' title='bbox 1773 2429 1848 2471; x_wconf 82' lang='lat' dir='ltr'>effe</span> <span class='ocrx_word' id='word_1_442' title='bbox 1868 2431 1951 2471; x_wconf 89' lang='lat' dir='ltr'>sinit</span> <span class='ocrx_word' id='word_1_443' title='bbox 1970 2429 2074 2471; x_wconf 84' lang='lat' dir='ltr'>alios.</span> 
     </span>
     <span class='ocr_line' id='line_1_39' title="bbox 263 2491 2076 2546; baseline -0.002 -11"><span class='ocrx_word' id='word_1_444' title='bbox 263 2496 383 2536; x_wconf 87' lang='lat' dir='ltr'>Minis</span> <span class='ocrx_word' id='word_1_445' title='bbox 408 2494 532 2535; x_wconf 86' lang='lat' dir='ltr'>audax</span> <span class='ocrx_word' id='word_1_446' title='bbox 554 2494 633 2545; x_wconf 84' lang='lat' dir='ltr'>est,</span> <span class='ocrx_word' id='word_1_447' title='bbox 663 2508 704 2534; x_wconf 87' lang='lat' dir='ltr'>re</span> <span class='ocrx_word' id='word_1_448' title='bbox 725 2495 801 2546; x_wconf 88' lang='lat' dir='ltr'>ipsa</span> <span class='ocrx_word' id='word_1_449' title='bbox 829 2495 866 2534; x_wconf 70' lang='grc' dir='ltr'>δε</span> <span class='ocrx_word' id='word_1_450' title='bbox 890 2506 1012 2546; x_wconf 88' lang='lat' dir='ltr'>opere</span> <span class='ocrx_word' id='word_1_451' title='bbox 1028 2494 1282 2546; x_wconf 81' lang='lat' dir='ltr'>puffillanimis</span> <span class='ocrx_word' id='word_1_452' title='bbox 1304 2506 1348 2533; x_wconf 84' lang='lat' dir='ltr'>ac</span> <span class='ocrx_word' id='word_1_453' title='bbox 1365 2506 1516 2535; x_wconf 84' lang='lat' dir='ltr'>vecors.</span> <span class='ocrx_word' id='word_1_454' title='bbox 1576 2492 1747 2533; x_wconf 89' lang='lat' dir='ltr'>Levibus</span> <span class='ocrx_word' id='word_1_455' title='bbox 1764 2491 1814 2532; x_wconf 92' lang='lat' dir='ltr'>de</span> <span class='ocrx_word' id='word_1_456' title='bbox 1837 2491 1956 2532; x_wconf 81' lang='lat' dir='ltr'>causis</span> <span class='ocrx_word' id='word_1_457' title='bbox 1971 2503 2076 2532; x_wconf 89' lang='lat' dir='ltr'>com-</span> 
     </span>
     <span class='ocr_line' id='line_1_40' title="bbox 262 2550 2075 2606; baseline -0.002 -10"><span class='ocrx_word' id='word_1_458' title='bbox 262 2564 465 2605; x_wconf 85' lang='lat' dir='ltr'>movetur,</span> <span class='ocrx_word' id='word_1_459' title='bbox 499 2555 535 2595; x_wconf 64' lang='grc' dir='ltr'>ἃ</span> <span class='ocrx_word' id='word_1_460' title='bbox 562 2555 640 2596; x_wconf 80' lang='lat' dir='ltr'>cito</span> <span class='ocrx_word' id='word_1_461' title='bbox 662 2555 804 2594; x_wconf 86' lang='lat' dir='ltr'>rursum</span> <span class='ocrx_word' id='word_1_462' title='bbox 824 2556 1085 2606; x_wconf 77' lang='lat' dir='ltr'>componitur.</span> <span class='ocrx_word' id='word_1_463' title='bbox 1147 2554 1345 2606; x_wconf 88' lang='lat' dir='ltr'>Sequitur,</span> <span class='ocrx_word' id='word_1_464' title='bbox 1370 2564 1450 2594; x_wconf 89' lang='lat' dir='ltr'>non</span> <span class='ocrx_word' id='word_1_465' title='bbox 1479 2554 1597 2595; x_wconf 90' lang='lat' dir='ltr'>ducit.</span> <span class='ocrx_word' id='word_1_466' title='bbox 1654 2551 1754 2605; x_wconf 87' lang='lat' dir='ltr'>Erga</span> <span class='ocrx_word' id='word_1_467' title='bbox 1774 2564 1908 2592; x_wconf 89' lang='lat' dir='ltr'>omnes</span> <span class='ocrx_word' id='word_1_468' title='bbox 1934 2550 2075 2593; x_wconf 89' lang='lat' dir='ltr'>eodem</span> 
     </span>
     <span class='ocr_line' id='line_1_41' title="bbox 263 2611 2074 2669; baseline -0.003 -14"><span class='ocrx_word' id='word_1_469' title='bbox 263 2615 384 2656; x_wconf 88' lang='lat' dir='ltr'>modo</span> <span class='ocrx_word' id='word_1_470' title='bbox 401 2616 438 2655; x_wconf 91' lang='lat' dir='ltr'>se</span> <span class='ocrx_word' id='word_1_471' title='bbox 457 2617 567 2667; x_wconf 85' lang='lat' dir='ltr'>gerit.</span> <span class='ocrx_word' id='word_1_472' title='bbox 628 2614 788 2659; x_wconf 75' lang='lat' dir='ltr'>Facilius</span> <span class='ocrx_word' id='word_1_473' title='bbox 809 2616 896 2669; x_wconf 87' lang='lat' dir='ltr'>cogi</span> <span class='ocrx_word' id='word_1_474' title='bbox 918 2616 955 2655; x_wconf 89' lang='lat' dir='ltr'>se</span> <span class='ocrx_word' id='word_1_475' title='bbox 972 2615 1078 2661; x_wconf 85' lang='lat' dir='ltr'>finit,</span> <span class='ocrx_word' id='word_1_476' title='bbox 1110 2613 1224 2666; x_wconf 71' lang='lat' dir='ltr'>quam</span> <span class='ocrx_word' id='word_1_477' title='bbox 1253 2614 1482 2666; x_wconf 77' lang='lat' dir='ltr'>persuaderi.</span> <span class='ocrx_word' id='word_1_478' title='bbox 1546 2613 1678 2654; x_wconf 87' lang='lat' dir='ltr'>Rebus</span> <span class='ocrx_word' id='word_1_479' title='bbox 1718 2613 1898 2664; x_wconf 83' lang='lat' dir='ltr'>prospere</span> <span class='ocrx_word' id='word_1_480' title='bbox 1923 2611 2074 2651; x_wconf 87' lang='lat' dir='ltr'>fluenti-</span> 
     </span>
     <span class='ocr_line' id='line_1_42' title="bbox 262 2670 2074 2728; baseline -0.002 -13"><span class='ocrx_word' id='word_1_481' title='bbox 262 2677 336 2716; x_wconf 87' lang='lat' dir='ltr'>bus</span> <span class='ocrx_word' id='word_1_482' title='bbox 363 2687 539 2728; x_wconf 87' lang='lat' dir='ltr'>arrogans</span> <span class='ocrx_word' id='word_1_483' title='bbox 561 2674 615 2715; x_wconf 90' lang='lat' dir='ltr'>est</span> <span class='ocrx_word' id='word_1_484' title='bbox 636 2675 673 2715; x_wconf 84' lang='lat'>&amp;</span> <span class='ocrx_word' id='word_1_485' title='bbox 693 2677 854 2726; x_wconf 79' lang='lat' dir='ltr'>impius3</span> <span class='ocrx_word' id='word_1_486' title='bbox 886 2677 923 2715; x_wconf 90' lang='lat' dir='ltr'>in</span> <span class='ocrx_word' id='word_1_487' title='bbox 942 2675 1098 2715; x_wconf 89' lang='lat' dir='ltr'>fortuna</span> <span class='ocrx_word' id='word_1_488' title='bbox 1124 2675 1278 2714; x_wconf 84' lang='lat' dir='ltr'>adversa</span> <span class='ocrx_word' id='word_1_489' title='bbox 1295 2674 1459 2726; x_wconf 86' lang='lat' dir='ltr'>pavidus</span> <span class='ocrx_word' id='word_1_490' title='bbox 1482 2675 1518 2714; x_wconf 72' lang='grc' dir='ltr'>δε</span> <span class='ocrx_word' id='word_1_491' title='bbox 1541 2672 1745 2726; x_wconf 88' lang='lat' dir='ltr'>religiosus.</span> <span class='ocrx_word' id='word_1_492' title='bbox 1807 2671 1902 2711; x_wconf 88' lang='lat' dir='ltr'>Tam</span> <span class='ocrx_word' id='word_1_493' title='bbox 1926 2670 1971 2710; x_wconf 87' lang='lat' dir='ltr'>ad</span> <span class='ocrx_word' id='word_1_494' title='bbox 1988 2682 2074 2712; x_wconf 89' lang='lat' dir='ltr'>cru-</span> 
     </span>
     <span class='ocr_line' id='line_1_43' title="bbox 260 2730 2071 2787; baseline -0.004 -11"><span class='ocrx_word' id='word_1_495' title='bbox 260 2736 455 2776; x_wconf 86' lang='lat' dir='ltr'>delitatem</span> <span class='ocrx_word' id='word_1_496' title='bbox 480 2735 677 2787; x_wconf 87' lang='lat' dir='ltr'>proclivis,</span> <span class='ocrx_word' id='word_1_497' title='bbox 699 2734 811 2787; x_wconf 82' lang='lat' dir='ltr'>quarn</span> <span class='ocrx_word' id='word_1_498' title='bbox 825 2735 871 2775; x_wconf 84' lang='lat' dir='ltr'>ad</span> <span class='ocrx_word' id='word_1_499' title='bbox 889 2734 1197 2775; x_wconf 87' lang='lat' dir='ltr'>misericordiam.</span> <span class='ocrx_word' id='word_1_500' title='bbox 1256 2733 1409 2774; x_wconf 90' lang='lat' dir='ltr'>Eodem</span> <span class='ocrx_word' id='word_1_501' title='bbox 1429 2736 1542 2775; x_wconf 88' lang='lat' dir='ltr'>animi</span> <span class='ocrx_word' id='word_1_502' title='bbox 1567 2733 1724 2783; x_wconf 87' lang='lat' dir='ltr'>ardore,</span> <span class='ocrx_word' id='word_1_503' title='bbox 1755 2744 1834 2784; x_wconf 91' lang='lat' dir='ltr'>quo</span> <span class='ocrx_word' id='word_1_504' title='bbox 1861 2732 1926 2771; x_wconf 89' lang='lat' dir='ltr'>uni</span> <span class='ocrx_word' id='word_1_505' title='bbox 1942 2730 2071 2779; x_wconf 83' lang='lat' dir='ltr'>favet,</span> 
     </span>
     <span class='ocr_line' id='line_1_44' title="bbox 262 2791 2071 2847; baseline -0.003 -13"><span class='ocrx_word' id='word_1_506' title='bbox 262 2796 499 2847; x_wconf 89' lang='lat' dir='ltr'>persequitur</span> <span class='ocrx_word' id='word_1_507' title='bbox 532 2798 656 2836; x_wconf 89' lang='lat' dir='ltr'>alium.</span> <span class='ocrx_word' id='word_1_508' title='bbox 719 2794 933 2836; x_wconf 85' lang='lat' dir='ltr'>Clementia</span> <span class='ocrx_word' id='word_1_509' title='bbox 950 2797 1063 2835; x_wconf 81' lang='lat' dir='ltr'>nimia</span> <span class='ocrx_word' id='word_1_510' title='bbox 1085 2796 1253 2835; x_wconf 88' lang='lat' dir='ltr'>abutitur</span> <span class='ocrx_word' id='word_1_511' title='bbox 1276 2795 1323 2833; x_wconf 88' lang='lat' dir='ltr'>ad</span> <span class='ocrx_word' id='word_1_512' title='bbox 1340 2796 1558 2844; x_wconf 82' lang='lat' dir='ltr'>licentiam,</span> <span class='ocrx_word' id='word_1_513' title='bbox 1586 2794 1712 2846; x_wconf 85' lang='lat' dir='ltr'>rigore</span> <span class='ocrx_word' id='word_1_514' title='bbox 1736 2794 1854 2832; x_wconf 88' lang='lat' dir='ltr'>nimio</span> <span class='ocrx_word' id='word_1_515' title='bbox 1882 2792 1920 2830; x_wconf 89' lang='lat' dir='ltr'>in</span> <span class='ocrx_word' id='word_1_516' title='bbox 1946 2791 2071 2842; x_wconf 89' lang='lat' dir='ltr'>perni-</span> 
     </span>
     <span class='ocr_line' id='line_1_45' title="bbox 263 2849 2070 2907; baseline -0.002 -13"><span class='ocrx_word' id='word_1_517' title='bbox 263 2857 362 2894; x_wconf 89' lang='lat' dir='ltr'>ciem</span> <span class='ocrx_word' id='word_1_518' title='bbox 383 2856 412 2893; x_wconf 92' lang='lat' dir='ltr'>it</span> <span class='ocrx_word' id='word_1_519' title='bbox 432 2867 616 2907; x_wconf 82' lang='lat' dir='ltr'>praeceps.</span> <span class='ocrx_word' id='word_1_520' title='bbox 676 2854 715 2895; x_wconf 90' lang='lat' dir='ltr'>Si</span> <span class='ocrx_word' id='word_1_521' title='bbox 732 2854 962 2896; x_wconf 75' lang='lat' dir='ltr'>effraenatiils</span> <span class='ocrx_word' id='word_1_522' title='bbox 988 2855 1099 2895; x_wconf 89' lang='lat' dir='ltr'>semel</span> <span class='ocrx_word' id='word_1_523' title='bbox 1129 2857 1166 2894; x_wconf 93' lang='lat' dir='ltr'>in</span> <span class='ocrx_word' id='word_1_524' title='bbox 1200 2855 1326 2894; x_wconf 88' lang='lat' dir='ltr'>bonos</span> <span class='ocrx_word' id='word_1_525' title='bbox 1358 2856 1556 2903; x_wconf 83' lang='lat' dir='ltr'>invaserit,</span> <span class='ocrx_word' id='word_1_526' title='bbox 1586 2865 1660 2893; x_wconf 88' lang='lat' dir='ltr'>nec</span> <span class='ocrx_word' id='word_1_527' title='bbox 1687 2855 1804 2900; x_wconf 78' lang='lat' dir='ltr'>ratio,</span> <span class='ocrx_word' id='word_1_528' title='bbox 1836 2863 1907 2890; x_wconf 80' lang='lat' dir='ltr'>nec</span> <span class='ocrx_word' id='word_1_529' title='bbox 1944 2849 2070 2900; x_wconf 75' lang='lat' dir='ltr'>pudor</span> 
     </span>
     <span class='ocr_line' id='line_1_46' title="bbox 264 2909 2065 2968; baseline -0.002 -13"><span class='ocrx_word' id='word_1_530' title='bbox 264 2927 353 2955; x_wconf 91' lang='lat' dir='ltr'>eum</span> <span class='ocrx_word' id='word_1_531' title='bbox 380 2915 549 2958; x_wconf 67' lang='lat' dir='ltr'>retrahit,</span> <span class='ocrx_word' id='word_1_532' title='bbox 609 2915 801 2955; x_wconf 89' lang='lat' dir='ltr'>Rumores</span> <span class='ocrx_word' id='word_1_533' title='bbox 827 2915 942 2956; x_wconf 89' lang='lat' dir='ltr'>fovet</span> <span class='ocrx_word' id='word_1_534' title='bbox 972 2914 1234 2968; x_wconf 85' lang='lat' dir='ltr'>confingitque</span> <span class='ocrx_word' id='word_1_535' title='bbox 1266 2915 1302 2955; x_wconf 84' lang='lat'>&amp;</span> <span class='ocrx_word' id='word_1_536' title='bbox 1331 2916 1394 2954; x_wconf 89' lang='lat' dir='ltr'>sua</span> <span class='ocrx_word' id='word_1_537' title='bbox 1422 2914 1646 2955; x_wconf 88' lang='lat' dir='ltr'>credulitate</span> <span class='ocrx_word' id='word_1_538' title='bbox 1677 2912 1788 2951; x_wconf 77' lang='lat' dir='ltr'>famae</span> <span class='ocrx_word' id='word_1_539' title='bbox 1821 2912 1918 2948; x_wconf 59' lang='lat' dir='ltr'>vires</span> <span class='ocrx_word' id='word_1_540' title='bbox 1950 2909 2065 2952; x_wconf 75' lang='lat' dir='ltr'>addit.</span> 
     </span>
     <span class='ocr_line' id='line_1_47' title="bbox 262 2972 2069 3029; baseline -0.002 -15"><span class='ocrx_word' id='word_1_541' title='bbox 262 2975 477 3015; x_wconf 87' lang='lat' dir='ltr'>Paucorum</span> <span class='ocrx_word' id='word_1_542' title='bbox 510 2974 701 3015; x_wconf 86' lang='lat' dir='ltr'>sermones</span> <span class='ocrx_word' id='word_1_543' title='bbox 724 2977 901 3029; x_wconf 77' lang='lat' dir='ltr'>negligit,</span> <span class='ocrx_word' id='word_1_544' title='bbox 936 2988 1054 3015; x_wconf 86' lang='lat' dir='ltr'>voces</span> <span class='ocrx_word' id='word_1_545' title='bbox 1089 2976 1297 3015; x_wconf 87' lang='lat' dir='ltr'>multorum</span> <span class='ocrx_word' id='word_1_546' title='bbox 1328 2976 1506 3025; x_wconf 84' lang='lat' dir='ltr'>sequitur.</span> <span class='ocrx_word' id='word_1_547' title='bbox 1567 2973 1743 3014; x_wconf 86' lang='lat' dir='ltr'>Eventus</span> <span class='ocrx_word' id='word_1_548' title='bbox 1773 2972 1892 3010; x_wconf 81' lang='lat' dir='ltr'>malos</span> <span class='ocrx_word' id='word_1_549' title='bbox 1919 2972 2069 3010; x_wconf 82' lang='lat' dir='ltr'>malitiae</span> 
     </span>
     <span class='ocr_line' id='line_1_48' title="bbox 262 3030 2066 3087; baseline -0.002 -13"><span class='ocrx_word' id='word_1_550' title='bbox 262 3033 507 3087; x_wconf 79' lang='lat' dir='ltr'>Magistratus</span> <span class='ocrx_word' id='word_1_551' title='bbox 525 3034 676 3083; x_wconf 88' lang='lat' dir='ltr'>tribuit,</span> <span class='ocrx_word' id='word_1_552' title='bbox 706 3035 744 3075; x_wconf 84' lang='lat'>&amp;</span> <span class='ocrx_word' id='word_1_553' title='bbox 767 3038 998 3076; x_wconf 83' lang='lat' dir='ltr'>calamitates</span> <span class='ocrx_word' id='word_1_554' title='bbox 1016 3046 1240 3075; x_wconf 89' lang='lat' dir='ltr'>communes</span> <span class='ocrx_word' id='word_1_555' title='bbox 1262 3033 1407 3074; x_wconf 65' lang='lat' dir='ltr'>delictis</span> <span class='ocrx_word' id='word_1_556' title='bbox 1427 3033 1623 3086; x_wconf 90' lang='lat' dir='ltr'>Principis.</span> <span class='ocrx_word' id='word_1_557' title='bbox 1685 3030 1793 3071; x_wconf 88' lang='lat' dir='ltr'>Nihil</span> <span class='ocrx_word' id='word_1_558' title='bbox 1828 3031 1946 3082; x_wconf 70' lang='lat' dir='ltr'>magis</span> <span class='ocrx_word' id='word_1_559' title='bbox 1977 3042 2066 3070; x_wconf 80' lang='lat' dir='ltr'>eum</span> 
     </span>
     <span class='ocr_line' id='line_1_49' title="bbox 264 3089 2066 3147; baseline -0.002 -12"><span class='ocrx_word' id='word_1_560' title='bbox 264 3095 539 3147; x_wconf 89' lang='lat' dir='ltr'>obsequentem</span> <span class='ocrx_word' id='word_1_561' title='bbox 568 3093 719 3143; x_wconf 88' lang='lat' dir='ltr'>reddit,</span> <span class='ocrx_word' id='word_1_562' title='bbox 748 3094 862 3147; x_wconf 81' lang='lat' dir='ltr'>quam</span> <span class='ocrx_word' id='word_1_563' title='bbox 885 3108 1046 3138; x_wconf 88' lang='lat' dir='ltr'>annonae</span> <span class='ocrx_word' id='word_1_564' title='bbox 1067 3095 1102 3135; x_wconf 74' lang='grc' dir='ltr'>δι</span> <span class='ocrx_word' id='word_1_565' title='bbox 1121 3106 1247 3135; x_wconf 88' lang='lat' dir='ltr'>rerum</span> <span class='ocrx_word' id='word_1_566' title='bbox 1276 3096 1448 3135; x_wconf 89' lang='lat' dir='ltr'>omnium</span> <span class='ocrx_word' id='word_1_567' title='bbox 1475 3095 1629 3134; x_wconf 86' lang='lat' dir='ltr'>ubertas</span> <span class='ocrx_word' id='word_1_568' title='bbox 1645 3122 1660 3142; x_wconf 87' lang='lat'>,</span> <span class='ocrx_word' id='word_1_569' title='bbox 1687 3092 1726 3130; x_wconf 88' lang='lat' dir='ltr'>in</span> <span class='ocrx_word' id='word_1_570' title='bbox 1753 3100 1827 3141; x_wconf 87' lang='lat' dir='ltr'>qua</span> <span class='ocrx_word' id='word_1_571' title='bbox 1855 3101 1961 3129; x_wconf 87' lang='lat' dir='ltr'>curas</span> <span class='ocrx_word' id='word_1_572' title='bbox 1986 3089 2066 3132; x_wconf 83' lang='lat' dir='ltr'>suas</span> 
     </span>
     <span class='ocr_line' id='line_1_50' title="bbox 1930 3161 2066 3192; baseline 0.022 -3"><span class='ocrx_word' id='word_1_573' title='bbox 1930 3161 2066 3192; x_wconf 87' lang='lat' dir='ltr'>omnes</span> 
     </span>
    </p>
   </div>
   <div class='ocr_carea' id='block_1_3' title="bbox 561 261 751 268">
    <p class='ocr_par' dir='ltr' id='par_1_5' title="bbox 561 261 751 268">
     <span class='ocr_line' id='line_1_51' title="bbox 561 261 751 268; baseline 0 3462"><span class='ocrx_word' id='word_1_574' title='bbox 561 261 751 268; x_wconf 95' lang='lat' dir='ltr'> </span> 
     </span>
    </p>
   </div>
   <div class='ocr_carea' id='block_1_4' title="bbox 818 261 1072 266">
    <p class='ocr_par' dir='ltr' id='par_1_6' title="bbox 818 261 1072 266">
     <span class='ocr_line' id='line_1_52' title="bbox 818 261 1072 266; baseline 0 0"><span class='ocrx_word' id='word_1_575' title='bbox 818 261 1072 266; x_wconf 95' lang='lat' dir='ltr'> </span> 
     </span>
    </p>
   </div>
   <div class='ocr_carea' id='block_1_5' title="bbox 298 262 554 271">
    <p class='ocr_par' dir='ltr' id='par_1_7' title="bbox 298 262 554 271">
     <span class='ocr_line' id='line_1_53' title="bbox 298 262 554 271; baseline 0 3459"><span class='ocrx_word' id='word_1_576' title='bbox 298 262 554 271; x_wconf 95' lang='lat' dir='ltr'> </span> 
     </span>
    </p>
   </div>
   <div class='ocr_carea' id='block_1_6' title="bbox 1074 262 1330 269">
    <p class='ocr_par' dir='ltr' id='par_1_8' title="bbox 1074 262 1330 269">
     <span class='ocr_line' id='line_1_54' title="bbox 1074 262 1330 269; baseline 0 3461"><span class='ocrx_word' id='word_1_577' title='bbox 1074 262 1330 269; x_wconf 95' lang='lat' dir='ltr'> </span> 
     </span>
    </p>
   </div>
   <div class='ocr_carea' id='block_1_7' title="bbox 1331 265 1586 270">
    <p class='ocr_par' dir='ltr' id='par_1_9' title="bbox 1331 265 1586 270">
     <span class='ocr_line' id='line_1_55' title="bbox 1331 265 1586 270; baseline 0 0"><span class='ocrx_word' id='word_1_578' title='bbox 1331 265 1586 270; x_wconf 95' lang='lat' dir='ltr'> </span> 
     </span>
    </p>
   </div>
   <div class='ocr_carea' id='block_1_8' title="bbox 1589 264 1843 271">
    <p class='ocr_par' dir='ltr' id='par_1_10' title="bbox 1589 264 1843 271">
     <span class='ocr_line' id='line_1_56' title="bbox 1589 264 1843 271; baseline 0 3459"><span class='ocrx_word' id='word_1_579' title='bbox 1589 264 1843 271; x_wconf 95' lang='lat' dir='ltr'> </span> 
     </span>
    </p>
   </div>
   <div class='ocr_carea' id='block_1_9' title="bbox 1845 264 2047 273">
    <p class='ocr_par' dir='ltr' id='par_1_11' title="bbox 1845 264 2047 273">
     <span class='ocr_line' id='line_1_57' title="bbox 1845 264 2047 273; baseline 0 3457"><span class='ocrx_word' id='word_1_580' title='bbox 1845 264 2047 273; x_wconf 95' lang='lat' dir='ltr'> </span> 
     </span>
    </p>
   </div>
   <div class='ocr_carea' id='block_1_10' title="bbox 2091 295 2132 3698">
    <p class='ocr_par' dir='ltr' id='par_1_12' title="bbox 2091 295 2132 3698">
     <span class='ocr_line' id='line_1_58' title="bbox 2117 295 2132 481; baseline 0 -61"><span class='ocrx_word' id='word_1_581' title='bbox 2117 295 2132 481; x_wconf 95' lang='lat' dir='ltr'>   </span> 
     </span>
     <span class='ocr_line' id='line_1_59' title="bbox 2117 481 2132 534; baseline 0 3196"><span class='ocrx_word' id='word_1_582' title='bbox 2117 481 2132 534; x_wconf 95' lang='lat' dir='ltr'> </span> 
     </span>
     <span class='ocr_line' id='line_1_60' title="bbox 2119 534 2132 600; baseline 0 3130"><span class='ocrx_word' id='word_1_583' title='bbox 2119 534 2132 600; x_wconf 95' lang='lat' dir='ltr'> </span> 
     </span>
     <span class='ocr_line' id='line_1_61' title="bbox 2115 600 2132 763; baseline 0 0"><span class='ocrx_word' id='word_1_584' title='bbox 2115 600 2132 763; x_wconf 95' lang='lat' dir='ltr'>   </span> 
     </span>
     <span class='ocr_line' id='line_1_62' title="bbox 2114 763 2132 953; baseline 0 0"><span class='ocrx_word' id='word_1_585' title='bbox 2114 763 2132 953; x_wconf 95' lang='lat' dir='ltr'>   </span> 
     </span>
     <span class='ocr_line' id='line_1_63' title="bbox 2112 953 2132 1082; baseline 0 0"><span class='ocrx_word' id='word_1_586' title='bbox 2112 953 2132 1082; x_wconf 95' lang='lat' dir='ltr'>      </span> 
     </span>
     <span class='ocr_line' id='line_1_64' title="bbox 2110 1082 2132 1267; baseline 0 -67"><span class='ocrx_word' id='word_1_587' title='bbox 2110 1082 2132 1267; x_wconf 95' lang='lat' dir='ltr'>  </span> 
     </span>
     <span class='ocr_line' id='line_1_65' title="bbox 2108 1267 2132 1448; baseline 0 -69"><span class='ocrx_word' id='word_1_588' title='bbox 2108 1267 2132 1448; x_wconf 95' lang='lat' dir='ltr'>  </span> 
     </span>
     <span class='ocr_line' id='line_1_66' title="bbox 2091 1448 2130 3698; baseline 0 0"><span class='ocrx_word' id='word_1_589' title='bbox 2091 1448 2130 3698; x_wconf 95' lang='lat' dir='ltr'>   </span> 
     </span>
    </p>
   </div>
   <div class='ocr_carea' id='block_1_11' title="bbox 1548 3213 1802 3221">
    <p class='ocr_par' dir='ltr' id='par_1_13' title="bbox 1548 3213 1802 3221">
     <span class='ocr_line' id='line_1_67' title="bbox 1548 3213 1802 3221; baseline 0 509"><span class='ocrx_word' id='word_1_590' title='bbox 1548 3213 1802 3221; x_wconf 95' lang='lat' dir='ltr'> </span> 
     </span>
    </p>
   </div>
   <div class='ocr_carea' id='block_1_12' title="bbox 1810 3213 2065 3221">
    <p class='ocr_par' dir='ltr' id='par_1_14' title="bbox 1810 3213 2065 3221">
     <span class='ocr_line' id='line_1_68' title="bbox 1810 3213 2065 3221; baseline 0 509"><span class='ocrx_word' id='word_1_591' title='bbox 1810 3213 2065 3221; x_wconf 95' lang='lat' dir='ltr'> </span> 
     </span>
    </p>
   </div>
   <div class='ocr_carea' id='block_1_13' title="bbox 265 3216 519 3224">
    <p class='ocr_par' dir='ltr' id='par_1_15' title="bbox 265 3216 519 3224">
     <span class='ocr_line' id='line_1_69' title="bbox 265 3216 519 3224; baseline 0 506"><span class='ocrx_word' id='word_1_592' title='bbox 265 3216 519 3224; x_wconf 95' lang='lat' dir='ltr'> </span> 
     </span>
    </p>
   </div>
   <div class='ocr_carea' id='block_1_14' title="bbox 1033 3218 1288 3224">
    <p class='ocr_par' dir='ltr' id='par_1_16' title="bbox 1033 3218 1288 3224">
     <span class='ocr_line' id='line_1_70' title="bbox 1033 3218 1288 3224; baseline 0 0"><span class='ocrx_word' id='word_1_593' title='bbox 1033 3218 1288 3224; x_wconf 95' lang='lat' dir='ltr'> </span> 
     </span>
    </p>
   </div>
   <div class='ocr_carea' id='block_1_15' title="bbox 1289 3217 1544 3223">
    <p class='ocr_par' dir='ltr' id='par_1_17' title="bbox 1289 3217 1544 3223">
     <span class='ocr_line' id='line_1_71' title="bbox 1289 3217 1544 3223; baseline 0 0"><span class='ocrx_word' id='word_1_594' title='bbox 1289 3217 1544 3223; x_wconf 95' lang='lat' dir='ltr'> </span> 
     </span>
    </p>
   </div>
   <div class='ocr_carea' id='block_1_16' title="bbox 273 3230 2062 3334">
    <p class='ocr_par' dir='ltr' id='par_1_18' title="bbox 273 3230 2062 3334">
     <span class='ocr_line' id='line_1_72' title="bbox 363 3230 2062 3286; baseline -0.001 -17"><span class='ocrx_word' id='word_1_595' title='bbox 363 3234 387 3283; x_wconf 82' lang='grc'>&lt;</span> <span class='ocrx_word' id='word_1_596' title='bbox 391 3237 426 3276; x_wconf 82' lang='lat' dir='ltr'>a)</span> <span class='ocrx_word' id='word_1_597' title='bbox 458 3234 564 3270; x_wconf 79' lang='lat' dir='ltr'>Vivit</span> <span class='ocrx_word' id='word_1_598' title='bbox 577 3235 759 3273; x_wconf 75' lang='lat' dir='ltr'>Dominus,</span> <span class='ocrx_word' id='word_1_599' title='bbox 786 3237 846 3286; x_wconf 81' lang='lat' dir='ltr'>qui</span> <span class='ocrx_word' id='word_1_600' title='bbox 855 3234 1031 3284; x_wconf 79' lang='lat' dir='ltr'>firmavit</span> <span class='ocrx_word' id='word_1_601' title='bbox 1055 3248 1109 3271; x_wconf 85' lang='lat' dir='ltr'>me</span> <span class='ocrx_word' id='word_1_602' title='bbox 1123 3233 1168 3276; x_wconf 51' lang='grc' dir='ltr'>οἳ·</span> <span class='ocrx_word' id='word_1_603' title='bbox 1184 3233 1363 3271; x_wconf 68' lang='lat' dir='ltr'>collocavit</span> <span class='ocrx_word' id='word_1_604' title='bbox 1378 3248 1432 3271; x_wconf 84' lang='lat' dir='ltr'>me</span> <span class='ocrx_word' id='word_1_605' title='bbox 1436 3231 1540 3285; x_wconf 62' lang='lat' dir='ltr'>fiper</span> <span class='ocrx_word' id='word_1_606' title='bbox 1559 3230 1686 3278; x_wconf 85' lang='lat' dir='ltr'>so&#39;lium</span> <span class='ocrx_word' id='word_1_607' title='bbox 1704 3230 1834 3266; x_wconf 61' lang='lat' dir='ltr'>David</span> <span class='ocrx_word' id='word_1_608' title='bbox 1847 3232 1968 3268; x_wconf 68' lang='lat' dir='ltr'>Patris</span> <span class='ocrx_word' id='word_1_609' title='bbox 1983 3234 2062 3270; x_wconf 80' lang='lat' dir='ltr'>mei.</span> 
     </span>
     <span class='ocr_line' id='line_1_73' title="bbox 273 3288 563 3334; baseline 0.003 -14"><span class='ocrx_word' id='word_1_610' title='bbox 273 3298 304 3332; x_wconf 82' lang='lat'>3.</span> <span class='ocrx_word' id='word_1_611' title='bbox 322 3288 413 3334; x_wconf 80' lang='lat' dir='ltr'>Reg.</span> <span class='ocrx_word' id='word_1_612' title='bbox 443 3299 476 3321; x_wconf 75' lang='lat'>2.</span> <span class='ocrx_word' id='word_1_613' title='bbox 504 3300 563 3332; x_wconf 84' lang='lat'>24.</span> 
     </span>
    </p>
   </div>
  </div>
 </body>
</html>
