2132 3730
236 252 321 300 366
666 246 1664 305 JD1-Ds2rcttsf1.2rmsr)1t.aer‹;a

231 334 352 386 gionis
374 328 630 372 Ferdinandus
656 328 913 369 humanissime
931 330 1084 378 habuit,
1113 330 1151 370 &
1176 343 1348 372 curatum
1370 331 1391 371 ὲ
1418 334 1637 375 vulneribus
1653 365 1665 384 ,
1696 348 1739 375 ac
1773 336 1917 374 sanitati
1937 338 2021 375 red·

231 392 352 431 ditum
373 419 385 439 ,
414 389 574 428 liberum
597 386 662 426 abs
679 387 716 427 se
749 386 885 428 dimisit
907 400 916 426 ε
944 400 1027 439 quae
1045 389 1318 432 benevolentia
1335 392 1507 434 ficillum
1531 395 1661 445 cepit,
1690 404 1732 434 ut
1762 394 1939 446 Regnum
1965 395 2022 433 su-

228 461 294 490 um
311 446 527 489 universum
545 444 703 486 vistoris
729 446 883 486 arbitrio
906 448 1145 499 permitteret
1167 459 1180 495 3
1211 448 1348 490 verimi
1376 450 1407 490 F
1408 450 1635 492 erdinandus
1658 452 1881 492 conditione
1910 464 2025 505 repu-

228 505 328 548 diatfi
349 518 392 547 ea
411 505 558 546 tantum
571 507 718 558 recepit
741 505 885 558 oppida
901 535 914 555 ‚
948 518 1031 558 quae
1045 507 1083 546 in
1100 505 1267 547 Galaecia
1283 509 1401 560 paulo
1427 520 1514 550 ante
1534 512 1661 552 oblata
1680 511 1841 552 fuerant.
1917 512 2026 553 Itlem

227 565 326 608 istud
361 565 546 619 expendit
558 565 755 617 Philippus
779 564 876 605 Dux
899 564 1199 606 Mediolanensis
1218 596 1230 614 ‚
1277 578 1366 606 cum
1400 571 1520 620 captis
1553 572 1752 623 Aragoniae
1780 571 1817 610 δε
1838 570 2036 610 Navzarrae.

224 625 396 677 Regibus
424 624 665 679 (Alphonso
683 623 834 678 Quinto
856 625 974 676 priori
993 636 1138 665 nomen
1165 626 1282 678 erat)
1302 626 1618 669 deliberationem
1639 630 1816 679 instituit,
1847 630 1942 681 quid
1956 629 2027 669 illis
2053 665 2056 668 .

224 684 307 724 fieri
326 694 554 738 oporteret,
586 683 800 736 auditisque
818 683 1031 734 sententiis,
1061 697 1150 723 cum
1175 686 1234 725 alii
1252 687 1397 725 vellent
1413 688 1515 736 lytro
1533 691 1751 739 pecuniario
1778 701 1845 729 eos
1870 688 1947 728 esse
1970 701 2028 727 re-

225 741 428 785 dimendos
445 775 457 794 ‚
487 743 546 783 alii
567 745 679 784 certis
701 743 958 796 astringendos
993 743 1280 785 conditionibus
1299 774 1311 793 ‚
1342 746 1403 785 alii
1431 745 1597 798 denique
1625 748 1764 787 liberos
1788 751 1947 788 omnino
1971 748 2025 786 di.

225 803 456 853 mittendos,
474 803 552 844 hoc
568 805 744 844 ultimum
762 803 912 844 secutus
929 802 984 843 est
1001 832 1014 854 ,
1043 814 1088 844 ut
1109 806 1226 858 magis
1245 804 1315 863 sibi
1339 803 1542 846 obstrictos
1560 807 1703 846 amicos
1722 806 1879 848 domum
1894 808 2028 847 reinit-

225 873 338 904 teret.

376 920 410 973 §.
442 920 611 974 Quando
631 920 765 978 Regna
778 917 888 961 bellis
916 922 1091 963 civilibus
1111 922 1193 962 sunt
1213 924 1435 975 implicata,
1465 924 1718 976 periculosum
1748 920 1804 962 est
1825 922 2026 962 consilium
2065 936 2068 940 ’

222 980 391 1023 medium
407 1010 419 1030 ,
447 992 520 1021 nec
537 983 575 1021 in
600 982 850 1030 hanc‚necin
859 982 958 1022 illam
971 992 1120 1035 partem
1131 982 1480 1036 declinandi,quod
1491 984 1619 1024 facere
1629 981 2027 1024 contendebatlnl'ans

221 1041 413 1081 Henricus
429 1041 468 1081 in
487 1041 657 1080 motibus
678 1040 865 1090 Castellae,
888 1043 940 1082 ob
957 1051 1107 1082 aetatem
1124 1043 1353 1095 pupillarem
1371 1045 1487 1097 Regis
1503 1041 1731 1084 Ferdinandi
1752 1042 1910 1095 Quarti,
1942 1053 2025 1092 quo

222 1100 327 1141 fa&o
345 1101 432 1140 suos
462 1099 628 1151 perdidit
651 1102 794 1143 amicos
813 1131 825 1151 ,
853 1114 928 1142 nec
944 1101 1072 1142 hostes
1088 1111 1216 1143 tamen
1237 1102 1305 1143 sibi
1323 1102 1508 1144 devinxit.

371 1158 407 1210 §.
438 1158 531 1199 Nec
552 1160 676 1200 miniis
699 1162 955 1213 periculosum
983 1160 1038 1201 est
1057 1160 1274 1214 promiscue
1290 1164 1327 1202 in
1350 1173 1469 1203 totam
1489 1161 1791 1203 animadvertere
1815 1157 2025 1199 multitudi-

217 1230 330 1268 nem,
360 1230 476 1270 quare
494 1219 699 1260 consultius
715 1220 870 1260 videtur
887 1251 900 1270 ,
930 1230 995 1260 aut
1017 1233 1104 1260 cum
1144 1221 1289 1261 delinitis
1321 1223 1417 1262 illius
1444 1223 1601 1263 omnino
1628 1221 1835 1260 connivere
1862 1228 1926 1257 aut
1943 1228 2017 1255 ccr-

219 1288 258 1318 te
277 1279 317 1318 in
341 1289 422 1317 uno
439 1279 566 1330 aliquo
593 1280 735 1332 insigne
758 1280 914 1333 aliquod
936 1283 1156 1334 exemplum
1174 1281 1349 1322 statuere.
1410 1282 1474 1322 Ob
1498 1295 1580 1323 eam
1600 1280 1746 1321 causam
1761 1278 1904 1318 suasum
1923 1276 2025 1315 Ger·

217 1339 370 1378 manico
396 1338 435 1377 in
459 1340 668 1379 rebellione
680 1339 897 1392 Legionum
918 1340 1232 1381 Germanicarum
1252 1371 1265 1391 ,
1294 1352 1339 1381 ut
1355 1351 1419 1382 aut
1433 1343 1524 1383 nihil
1541 1341 1648 1382 militi
1667 1350 1799 1380 eorum
1818 1367 1830 1387 ‚
1862 1349 1947 1388 quae
1956 1347 2027 1389 pe·
2070 1371 2072 1373 .

219 1406 340 1446 teret,
369 1406 435 1436 aut
445 1396 519 1450 (a)
541 1400 668 1438 omnia
682 1399 937 1447 concederet,
969 1400 1007 1440 δε
1025 1402 1113 1451 quia
1127 1402 1170 1440 iis
1189 1401 1342 1440 indulsit
1361 1402 1515 1452 aliquid,
1526 1401 1767 1449 consiliisque
1792 1396 1926 1436 mediis
1937 1396 2025 1435 UisUS

217 1455 292 1496 fuit
314 1485 324 1503 ι
353 1457 581 1507 reprehendi
609 1457 688 1511 (h)
715 1459 866 1498 meruit.
930 1459 970 1497 ln
981 1460 1049 1498 alia
1071 1464 1229 1511 quoque
1247 1460 1450 1500 occasione
1470 1460 1577 1500 simili
1597 1457 1726 1499 Druso
1746 1455 1920 1496 audiores
1938 1453 2025 1494 fue-

215 1526 259 1555 re
279 1544 294 1564 ‚
323 1525 366 1555 ut
389 1524 455 1555 aut
478 1515 740 1566 dissimularet,
770 1528 835 1557 aut
852 1517 1029 1557 remediis
1049 1516 1275 1558 fortioribus
1293 1529 1433 1570 ageret,
1493 1518 1818 1558 Prudentiffimum
1828 1515 1912 1555 sane
1925 1527 2019 1555 con·
2077 1519 2082 1524 “

214 1573 337 1614 filium
356 1588 369 1614 .·
397 1576 533 1626 vulgus
553 1577 654 1615 enim
680 1578 780 1616 inter
801 1576 880 1616 duo
913 1584 1084 1616 extrema
1109 1588 1305 1628 nunquam
1326 1575 1518 1626 consistit,
1542 1576 1714 1617 medium
1742 1575 1888 1626 semper
1906 1587 2021 1614 exce·

216 1633 273 1674 dit
297 1635 336 1673 in
353 1632 422 1687 (c)
451 1633 648 1674 alterutro.

366 1692 404 1743 §.
432 1691 514 1732 Ubi
539 1692 780 1733 festinatione
805 1705 865 1733 res
883 1692 1026 1745 indiget
1045 1723 1057 1743 ,
1087 1691 1215 1734 ae‘tum
1241 1693 1295 1734 est
1315 1706 1403 1736 cum
1423 1707 1500 1745 eo,
1531 1695 1597 1746 qui
1611 1705 1684 1734 nec
1703 1692 1785 1733 satis
1803 1693 1929 1742 audet,
1944 1705 2019 1732 nec

215 1753 300 1792 satis
316 1751 385 1792 fibi
402 1751 613 1804 providet3
645 1752 846 1805 quomodo
872 1753 1028 1792 Valenti
1050 1754 1187 1793 accidit
1208 1784 1220 1802 ,
1251 1755 1315 1805 qui
1334 1755 1431 1795 inter
1456 1751 1629 1803 consilia,
1643 1765 1725 1805 quae
1747 1752 1929 1793 dabantur
1942 1754 2020 1792 hae-

216 1812 263 1854 sit
281 1823 448 1863 anceps,
477 1823 550 1852 nec
574 1812 778 1864 quicquam
804 1814 897 1853 certi
924 1811 1086 1852 statuere
1108 1811 1180 1868 (d)
1211 1815 1352 1865 potuit.
1734 1813 1739 1816 '

370 1871 405 1922 §.
438 1871 479 1910 In
498 1872 612 1911 rebus
633 1872 777 1913 bellicis
795 1872 962 1923 prudens
979 1871 1169 1912 interdum
1196 1872 1320 1913 videri
1351 1875 1458 1926 cupit
1487 1880 1612 1913 metus
1632 1902 1644 1921 ‚
1675 1870 1713 1911 &
1739 1870 1892 1911 consilia
1913 1882 2018 1921 quaa-

217 1930 304 1971 dam
328 1929 455 1970 media
467 1932 626 1984 suggerit
642 1960 656 1981 ,
689 1943 773 1983 quae
795 1933 959 1970 animum
980 1930 1123 1970 addunt
1140 1930 1237 1970 hosti
1254 1961 1267 1981 ‚
1300 1932 1337 1972 &
1358 1933 1516 1984 spatium
1535 1930 1755 1971 concedunt
1774 1961 1786 1980 ‚
1816 1940 1858 1970 ut
1873 1929 2017 1969 fibian-

217 2000 257 2029 te
279 1990 494 2042 prospiciat.
557 1990 599 2029 Id
624 1989 730 2041 quod
746 1990 842 2041 Regi
866 1989 999 2040 Joanni
1024 1989 1151 2029 Primo
1168 1992 1327 2042 contigit
1345 2023 1356 2039 ‚
1387 1994 1451 2042 qui
1478 1991 1566 2030 cum
1599 1989 1793 2030 Coronam
1813 1989 2016 2030 Lusitaniae

217 2061 285 2102 per
306 2058 471 2088 mortem
495 2050 611 2101 Regis
637 2048 862 2088 Ferdinandi
884 2049 1000 2087 soceri
1022 2049 1072 2087 sui
1099 2048 1144 2086 ad
1162 2049 1198 2087 se
1214 2049 1437 2090 devolutam
1459 2049 1738 2102 praetenderet,
1767 2049 1893 2090 statuit
1920 2050 1958 2087 in
1973 2049 2019 2088 il-

217 2108 284 2148 lud
309 2109 484 2160 Regnum
509 2108 606 2147 solus
638 2107 781 2160 ingredi
798 2137 810 2155 ,
835 2107 1008 2158 jusiitque
1032 2107 1169 2146 deinde
1192 2108 1297 2149 suum
1324 2110 1428 2159 sequi
1456 2110 1697 2154 exercitum;
1732 2109 1833 2148 unde
1859 2118 2012 2159 tenipus

218 2167 318 2208 naeu
335 2169 418 2206 sunt
441 2166 640 2215 Lusitani,
668 2176 712 2206 ut
729 2178 829 2206 arma
855 2166 997 2205 interea
1024 2168 1260 2217 corriperent
1276 2197 1287 2215 ‚
1320 2168 1426 2218 quod
1450 2167 1684 2206 fastumnon
1700 2166 1848 2218 fuisset,
1879 2167 2012 2207 fimor-

220 2230 331 2268 armis
349 2237 418 2266 eos
442 2225 630 2266 invasisset
645 2256 658 2276 ,
688 2235 753 2266 aut
775 2222 863 2265 belli
880 2224 1049 2265 evitandi
1076 2226 1181 2264 causa
1210 2226 1265 2276 jus
1289 2226 1394 2266 suum
1428 2226 1475 2265 ad
1500 2225 1649 2278 justitiae
1671 2227 1833 2266 tribunal
1853 2227 2009 2267 remisis—

217 2288 283 2328 set.
366 2285 500 2326 Parum
519 2287 765 2326 comminatio
787 2283 959 2336 proficit,
988 2285 1016 2324 fi
1030 2296 1162 2324 manus
1176 2284 1293 2326 isium
1314 2287 1504 2326 intentans
1519 2315 1534 2336 ‚
1564 2294 1704 2329 armata
1722 2298 1803 2326 non
1820 2286 1878 2336 sit,
1900 2287 1936 2326 δε
1953 2289 2008 2326 in-

221 2346 372 2387 terdum
385 2357 426 2384 re
439 2342 521 2397 ipsa
536 2347 670 2397 puniat
688 2374 702 2394 ,
730 2345 798 2384 ubi
815 2344 1033 2384 obedientia
1050 2343 1240 2384 deseritur.
1943 2374 1946 2381 .

373 2404 508 2444 Franci
530 2416 647 2444 morae
673 2405 917 2456 impatientes
930 2434 941 2452 ,
971 2415 1044 2442 nec
1065 2404 1294 2453 praeteritum
1319 2410 1471 2453 tempus
1488 2401 1691 2453 respiciunt
1709 2415 1804 2452 ,nec
1817 2405 2004 2457 praesem,

220 2465 259 2506 &
287 2475 365 2516 quo
383 2463 466 2504 sunt
496 2465 608 2504 animi
627 2463 762 2503 ardore
779 2493 791 2511 ‚
821 2461 974 2502 audacia
994 2462 1031 2501 &
1046 2462 1239 2501 celeritate
1256 2461 1496 2501 consiliorum
1523 2470 1628 2501 extra
1646 2464 1827 2503 terminos
1848 2463 2007 2509 abeunt;
2061 2469 2063 2472 ⁴

220 2524 357 2565 verum
380 2525 457 2563 hoc
475 2525 593 2574 ipsum
614 2522 711 2575 saepe
734 2521 926 2562 fortunata
956 2533 999 2561 ea
1018 2521 1159 2569 efficit3
1187 2522 1238 2560 ita
1253 2522 1354 2561 enim
1366 2529 1541 2571 teporem
1561 2520 1826 2573 effugiuntb&
1848 2522 1927 2563 cito
1940 2534 2006 2562 ex*

220 2585 382 2637 pediunt
404 2584 542 2622 omnia.
562 2580 720 2635 Hispani
745 2579 879 2620 contra
890 2580 1112 2620 cunctantur
1129 2609 1141 2626 ‚
1170 2590 1212 2619 ut
1233 2580 1297 2620 diu
1311 2582 1548 2630 multumque
1567 2580 1840 2627 considerando
1865 2594 1999 2633 proce·
2060 2594 2067 2606 ¹

221 2644 314 2684 dant
334 2641 480 2682 cautius
498 2672 511 2691 ‚
541 2641 579 2681 &
598 2644 685 2693 quia
706 2640 863 2681 nimium
890 2640 1097 2692 prudentes
1117 2637 1190 2678 esse
1213 2641 1371 2691 cupiunt
1390 2668 1403 2687 ,
1432 2639 1572 2678 haerere
1589 2639 1753 2680 solentin
1767 2642 1925 2688 mediis,
1938 2644 2006 2681 im·
2054 2639 2065 2680 ζ’

220 2704 287 2745 mo
311 2703 403 2743 dum
425 2712 576 2753 tempus
592 2703 630 2741 in
650 2700 847 2740 consilium
864 2710 1007 2739 vocant
1027 2729 1039 2748 ,
1069 2700 1225 2738 omnino
1237 2711 1281 2738 ea
1300 2697 1499 2737 elabuntur
1513 2696 1731 2746 &manibus⁶

366 2763 446 2801 Itali
462 2763 595 2801 melius
616 2773 665 2800 ex
688 2770 854 2810 utroque
883 2757 1130 2798 commodum
1149 2757 1303 2808 aliquod
1321 2754 1462 2797 norunt
1484 2769 1638 2808 capere,
1658 2758 1803 2798 utendo
1832 2758 2002 2799 occasio-

219 2822 331 2863 nibus
346 2851 357 2868 ,
388 2821 540 2873 quando
554 2821 591 2860 se
607 2820 802 2866 offerunt3
832 2829 964 2858 contra
983 2831 1025 2858 ac
1043 2817 1320 2868 Germani‚qui
1341 2816 1488 2870 agendo
1508 2818 1602 2856 tardi
1619 2848 1631 2866 ,
1662 2819 1698 2858 &
1715 2818 1842 2870 segnes
1859 2820 1894 2857 in
1910 2831 1930 2856 c
1943 2831 2001 2857 re-

222 2882 378 2923 cutione
405 2890 555 2932 tempus
576 2881 736 2932 praesens
760 2878 879 2918 solum
902 2880 942 2917 in
956 2877 1154 2918 confilium
1178 2877 1381 2926 adhibent,
1410 2877 1510 2916 nulla
1526 2879 1704 2928 praeteriti
1730 2890 1774 2917 ac
1791 2876 1908 2916 futuri
1941 2884 1999 2915 na—

1923 2938 2004 2974 lma

316 3038 333 3076 (
340 3038 377 3078 a)
402 3027 588 3078 Peric'alosa
602 3032 783 3079 sc'veritas
803 3060 812 3074 ,
830 3030 1012 3087 flagitiqslz
1039 3034 1185 3087 largitio
1200 3050 1212 3072 :
1231 3033 1294 3080 sbu
1316 3007 1410 3072 ηἰῖί]
1428 3036 1539 3073 militi
1553 3063 1561 3077 ,
1571 3033 1634 3082 stu
1654 3035 1769 3072 omnia
1785 3033 1998 3071 concedi—rea-

219 3088 335 3126 turin
347 3088 495 3138 ancipiti
511 3083 643 3137 Republ.
659 3086 743 3123 Tac.
762 3086 823 3122 lib.
847 3099 876 3122 1.
899 3091 994 3123 Ann.
1047 3088 1107 3134 (b)
1126 3088 1221 3123 Satis
1232 3085 1398 3140 staperque
1420 3086 1565 3139 mistione
1581 3115 1590 3128 ,
1613 3086 1659 3130 ἀ·
1678 3088 1825 3139 pecunia
1846 3082 1998 3121 mollibus

220 3139 375 3186 conficltis
384 3148 573 3191 peccatum.
589 3138 685 3173 Idem
697 3138 782 3174 ibid.
859 3142 916 3186 (c)
941 3139 1020 3175 Atii
1026 3137 1237 3187 fortioribus
1248 3139 1408 3176 remediis
1421 3139 1593 3191 agendum
1613 3137 1707 3176 nihil
1715 3140 1755 3175 in
1768 3137 1875 3190 vulgo
1888 3137 1995 3174 modi-

220 3207 324 3230 cum:
350 3202 482 3228 terrere
501 3218 509 3231 ,
533 3192 571 3226 ni
585 3199 763 3241 paveant,
789 3188 848 3227 ubi
873 3192 1122 3242 pertimuerint
1144 3217 1153 3231 ‚
1178 3192 1313 3242 impune
1335 3193 1515 3228 contemni.
1542 3191 1626 3227 Tac.
1651 3191 1674 3226 l.
1696 3202 1726 3226 1.
1744 3190 1874 3227 Annal.
1925 3190 1995 3237 (d)

221 3251 311 3281 Alex
324 3255 507 3295 utrumqne
520 3242 688 3291 confilium
703 3241 920 3294 aspernatas,
934 3242 1022 3294 qaod
1037 3243 1132 3278 inter
1145 3244 1317 3293 ancipitia
1333 3242 1559 3281 deterrimam
1574 3240 1620 3294 cst
1634 3268 1643 3282 ‚
1667 3240 1750 3279 dum
1761 3239 1995 3293 mediastqui-

222 3307 280 3333 vmr
294 3323 302 3337 ‚
328 3309 386 3332 nec
405 3293 555 3346 aasz'tsest
559 3294 661 3346 satis
676 3320 685 3334 ,
709 3308 768 3331 nec
776 3295 950 3346 providit.
979 3296 1077 3331 Idem
1091 3293 1113 3330 l.
1133 3306 1164 3341 3.
1183 3295 1272 3332 Hist-
