2132 3730
279 217 362 258 166
703 214 1052 256 DIDACI
1114 215 1646 272 SAAVEDRAE

415 323 570 373 Omne
592 318 705 370 tulit
720 316 962 386 punfflum
982 357 997 377 ‚
1033 324 1125 389 qui
1157 321 1346 392 mifituit
1363 326 1480 378 mile
1505 325 1651 382 dulci.

448 413 490 453 In
507 414 585 452 hoc
605 421 689 452 tota
711 413 891 466 regnandi
909 426 967 453 ars
994 412 1173 454 confistit.
1244 414 1343 456 Haec
1361 419 1483 468 prima
1498 418 1537 456 in
1571 418 1669 458 orbe
1692 418 1766 462 fuit
1785 427 1957 477 politica.
2018 427 2092 468 At-

247 486 348 525 sque
373 472 409 512 id
429 473 548 524 ipsum
564 473 710 525 antiqui
730 471 900 515 docuere
925 474 1172 527 Philosophi,
1203 476 1357 525 quando
1387 476 1583 518 finxerunt
1613 477 1817 532 Orpheum
1837 487 1918 535 lyra
1940 487 2004 526 sua
2031 488 2090 528 fe·

269 546 328 573 ras
345 531 513 582 traxisse,
545 531 582 572 &
598 534 830 586 Amphionis
854 535 1050 585 cytharam
1070 536 1221 575 secutos
1243 536 1410 587 lapides,
1444 538 1584 589 quibus
1603 537 1824 584 Thebarum
1842 557 1974 586 muros
1993 560 2087 587 con·

268 592 400 633 struxit
418 622 431 642 ‚
460 600 503 632 ut
522 592 797 646 fignificarent,
830 595 988 635 suavem
1012 594 1289 635 institutionem
1327 608 1553 648 magnorum
1585 599 1736 641 illorum
1768 602 1946 647 Heroum
1970 608 2085 660 pluri-

266 653 372 693 mum
399 651 445 692 ad
467 652 506 692 id
524 653 682 694 valuisse
700 684 713 704 ,
743 664 787 694 ut
813 655 989 695 homines
1015 655 1103 707 ipfis
1124 656 1259 695 belluis
1281 657 1526 698 immaniores
1550 689 1563 707 ‚
1595 658 1633 698 ἆ
1655 662 1772 715 magis
1795 665 1952 718 brutos,
1971 668 2088 721 quam

264 715 434 767 lapides,
464 713 514 754 ad
536 715 775 758 harmoniam
791 714 942 770 Legum
958 715 1190 758 reducerent
1210 745 1223 768 ,
1253 715 1292 757 &
1316 716 1472 760 civilem
1493 719 1733 768 societatem.

397 2167 481 2234 (a)
517 2164 764 2238 Silvestres
794 2164 1159 2238 hominessbcer
1180 2163 1497 2241 interpresque
1526 2168 1750 2226 Deorum

397 2238 620 2293 Caedibus
639 2277 653 2297 ‚
690 2242 756 2293 (⁷9⁹
780 2240 919 2291 vir‘z‘u
940 2237 1095 2308 firdo,
1118 2241 1346 2294 det-enuit
1370 2244 1591 2310 Orpheus
1609 2278 1625 2302 ,

400 2308 581 2363 Dic‘ius
602 2311 665 2362 ab
694 2313 774 2364 hoc
799 2311 945 2363 lem're
973 2325 1118 2381 tygres
1136 2344 1150 2366 ‚
1186 2313 1475 2382 rapidosque
1492 2314 1654 2366 leones.

401 2380 582 2434 Dic‘Ius
605 2380 671 2434 ἐφ
694 2384 940 2448 Amphion
962 2383 1171 2436 webaeae
1190 2381 1402 2437 conditor
1422 2386 1559 2436 urbis
1574 2418 1589 2438 ‚

403 2452 539 2502 Saxa
567 2470 762 2504 movere
767 2450 886 2520 sono
915 2454 1160 2524 tcstudmis
1177 2493 1192 2514 ‚
1228 2455 1292 2509 Θ
1310 2466 1443 2525 prece
1470 2453 1670 2509 blanda.

401 2523 622 2581 Ducere,
657 2542 753 2593 quo
776 2523 932 2577 vellet.

436 2636 485 2676 Iis
511 2638 653 2678 artibus
670 2638 741 2678 usae
761 2638 843 2678 sunt
871 2650 1004 2679 omnes
1021 2639 1287 2693 Reipublicae,
1317 2637 1362 2679 ad
1394 2640 1642 2682 erudiendum
1662 2638 1853 2694 Populum
1869 2673 1882 2691 ‚
1912 2639 2071 2682 miscen-

258 2704 317 2736 tes
342 2695 619 2738 institutionem
645 2698 849 2739 dulcedine
871 2699 1048 2740 ludorum
1075 2731 1086 2750 ‚
1117 2699 1341 2753 gaudiorum
1359 2712 1421 2739 ·=ue
1450 2703 1704 2757 publicorum.
1763 2702 1825 2742 Ad
1851 2702 2070 2753 Olympum

258 2767 431 2797 montem
445 2767 528 2797 tota
545 2760 800 2799 concurrebat
819 2759 969 2799 Graecia
989 2770 1150 2813 propter
1170 2760 1374 2799 certamina
1399 2760 1624 2815 olympica,
1654 2761 1792 2812 Pythia
1806 2792 1818 2811 ‚
1836 2761 1878 2802 N
1883 2774 1998 2802 emaea
2008 2791 2018 2809 ‚,
2031 2761 2070 2802 &2

257 2814 433 2864 Isthmia3
464 2819 577 2869 aliqui
602 2820 757 2870 quidem
777 2832 826 2860 ex
858 2820 1103 2869 curiositate,
1135 2818 1327 2872 spectandi
1348 2818 1471 2860 studio
1496 2834 1510 2868 ς
1540 2820 1598 2861 alii
1620 2821 1744 2870 verb,
1786 2831 1829 2861 ut
1865 2821 2067 2873 proposita

259 2878 493 2916 certantibus
517 2881 674 2929 proemia
694 2878 914 2928 auferrent3
946 2893 1020 2933 qua
1045 2880 1247 2921 occasione
1272 2881 1371 2919 vires
1403 2880 1440 2920 δε
1477 2882 1595 2920 robur
1631 2878 1803 2934 corporis
1833 2881 2068 2922 exerceban-

259 2943 321 2974 tur
335 2962 348 2984 ‚
380 2934 642 2977 offerebantur
669 2939 755 2979 Diis
775 2940 952 2980 sacrificia
973 2971 985 2990 ‚
1016 2940 1054 2980 &
1075 2939 1281 2994 graviffima
1299 2952 1460 2992 quaeque
1481 2935 1768 2981 provinciarum
1787 2941 1931 2979 illarum
1948 2953 2068 2993 nego-

259 2996 311 3034 tia
334 2997 650 3047 procurabantur.
712 3000 922 3041 Comoediae
938 3003 1104 3040 inventae
1125 2999 1209 3039 sunt
1228 2999 1273 3038 ad
1294 2999 1454 3040 affectus
1470 3001 1710 3054 purgandos,
1726 2998 1968 3041 Gladiatores
1983 3001 2066 3041 Ro-

258 3067 462 3096 manorum
494 3059 732 3108 temporibus
750 3090 763 3109 ‚
795 3061 833 3101 &
855 3060 1068 3100 Taurorum
1087 3071 1223 3112 pugnae
1247 3061 1283 3098 in
1296 3058 1516 3114 Hispania(
1547 3073 1631 3113 quae
1649 3071 1727 3099 non
1745 3057 1891 3108 minus,
1923 3070 1967 3100 ac
1984 3062 2065 3100 aliae

257 3116 462 3166 nationes,
490 3117 604 3157 rebus
629 3117 783 3170 aspectu
818 3122 1046 3161 terribilibus
1077 3120 1224 3171 capitur
1244 3120 1271 3172 J
1301 3120 1349 3160 ad
1378 3120 1607 3161 firmandum
1638 3120 1801 3160 animum
1819 3148 1831 3167 ,
1860 3128 1903 3159 ut
1937 3133 2066 3171 neque

1903 3180 2063 3232 profuso

367 3288 423 3333 (a)
449 3288 578 3326 Horat.
