<?xml version="1.0" encoding="UTF-8"?>
<!DOCTYPE html PUBLIC "-//W3C//DTD XHTML 1.0 Transitional//EN"
    "http://www.w3.org/TR/xhtml1/DTD/xhtml1-transitional.dtd">
<html xmlns="http://www.w3.org/1999/xhtml" xml:lang="en" lang="en">
 <head>
  <title>
</title>
<meta http-equiv="Content-Type" content="text/html;charset=utf-8" />
  <meta name='ocr-system' content='tesseract 3.04.00' />
  <meta name='ocr-capabilities' content='ocr_page ocr_carea ocr_par ocr_line ocrx_word'/>
</head>
<body>
  <div class='ocr_page' id='page_1' title='image "./didacisaavedraef00saav_0165.png"; bbox 0 0 2132 3730; ppageno 0'>
   <div class='ocr_carea' id='block_1_1' title="bbox 0 44 30 2939">
    <p class='ocr_par' dir='ltr' id='par_1_1' title="bbox 0 44 30 2939">
     <span class='ocr_line' id='line_1_1' title="bbox 0 44 30 2939; baseline 0 0"><span class='ocrx_word' id='word_1_1' title='bbox 0 44 30 2939; x_wconf 95' lang='lat' dir='ltr'> </span> 
     </span>
    </p>
   </div>
   <div class='ocr_carea' id='block_1_2' title="bbox 488 218 1904 277">
    <p class='ocr_par' dir='ltr' id='par_1_2' title="bbox 488 218 1904 277">
     <span class='ocr_line' id='line_1_2' title="bbox 488 218 1904 277; baseline 0.001 -13"><span class='ocrx_word' id='word_1_2' title='bbox 488 218 940 266; x_wconf 76' lang='lat' dir='ltr'><em>sYMBoLA</em></span> <span class='ocrx_word' id='word_1_3' title='bbox 994 219 1471 265; x_wconf 71' lang='lat' dir='ltr'>P0L1T1ca.</span> <span class='ocrx_word' id='word_1_4' title='bbox 1820 235 1904 277; x_wconf 69' lang='lat'>145·</span> 
     </span>
    </p>
   </div>
   <div class='ocr_carea' id='block_1_3' title="bbox 28 290 1904 482">
    <p class='ocr_par' dir='ltr' id='par_1_3' title="bbox 28 290 1904 482">
     <span class='ocr_line' id='line_1_3' title="bbox 28 290 1904 361; baseline -0.007 -6"><span class='ocrx_word' id='word_1_5' title='bbox 28 290 29 293; x_wconf 11' lang='grc' dir='ltr'><strong>Ἴ</strong></span> <span class='ocrx_word' id='word_1_6' title='bbox 87 314 233 355; x_wconf 86' lang='lat' dir='ltr'>solebat</span> <span class='ocrx_word' id='word_1_7' title='bbox 249 304 437 361; x_wconf 85' lang='lat' dir='ltr'>accipere.</span> <span class='ocrx_word' id='word_1_8' title='bbox 497 305 665 347; x_wconf 89' lang='lat' dir='ltr'>Ministri</span> <span class='ocrx_word' id='word_1_9' title='bbox 683 305 790 359; x_wconf 83' lang='lat' dir='ltr'>quast</span> <span class='ocrx_word' id='word_1_10' title='bbox 811 307 898 346; x_wconf 86' lang='lat' dir='ltr'>vela</span> <span class='ocrx_word' id='word_1_11' title='bbox 917 305 1001 346; x_wconf 91' lang='lat' dir='ltr'>sunt</span> <span class='ocrx_word' id='word_1_12' title='bbox 1019 335 1032 356; x_wconf 86' lang='lat'><strong>‚</strong></span> <span class='ocrx_word' id='word_1_13' title='bbox 1056 306 1195 359; x_wconf 84' lang='lat' dir='ltr'>quibus</span> <span class='ocrx_word' id='word_1_14' title='bbox 1228 305 1410 358; x_wconf 81' lang='lat' dir='ltr'>Princeps</span> <span class='ocrx_word' id='word_1_15' title='bbox 1425 308 1603 361; x_wconf 82' lang='lat' dir='ltr'>navigat,</span> <span class='ocrx_word' id='word_1_16' title='bbox 1633 304 1740 359; x_wconf 80' lang='lat' dir='ltr'>qubd</span> <span class='ocrx_word' id='word_1_17' title='bbox 1769 305 1796 345; x_wconf 83' lang='lat' dir='ltr'>si</span> <span class='ocrx_word' id='word_1_18' title='bbox 1821 318 1904 346; x_wconf 83' lang='lat' dir='ltr'>am.</span> 
     </span>
     <span class='ocr_line' id='line_1_4' title="bbox 86 365 1903 426; baseline -0.003 -13"><span class='ocrx_word' id='word_1_19' title='bbox 86 371 150 426; x_wconf 88' lang='lat' dir='ltr'>pla</span> <span class='ocrx_word' id='word_1_20' title='bbox 168 374 228 412; x_wconf 82' lang='lat' dir='ltr'>illa</span> <span class='ocrx_word' id='word_1_21' title='bbox 246 368 337 418; x_wconf 83' lang='lat' dir='ltr'>fint,</span> <span class='ocrx_word' id='word_1_22' title='bbox 366 367 546 409; x_wconf 83' lang='lat' dir='ltr'>navicula</span> <span class='ocrx_word' id='word_1_23' title='bbox 564 378 694 407; x_wconf 83' lang='lat' dir='ltr'>autem</span> <span class='ocrx_word' id='word_1_24' title='bbox 719 366 903 419; x_wconf 85' lang='lat' dir='ltr'>principis</span> <span class='ocrx_word' id='word_1_25' title='bbox 926 367 1064 420; x_wconf 86' lang='lat' dir='ltr'>exigua</span> <span class='ocrx_word' id='word_1_26' title='bbox 1085 394 1098 413; x_wconf 93' lang='lat'>,</span> <span class='ocrx_word' id='word_1_27' title='bbox 1127 366 1166 406; x_wconf 72' lang='grc' dir='ltr'>δε</span> <span class='ocrx_word' id='word_1_28' title='bbox 1193 376 1313 417; x_wconf 89' lang='lat' dir='ltr'>porro</span> <span class='ocrx_word' id='word_1_29' title='bbox 1341 365 1458 406; x_wconf 86' lang='lat' dir='ltr'>laxari</span> <span class='ocrx_word' id='word_1_30' title='bbox 1487 368 1610 409; x_wconf 87' lang='lat' dir='ltr'>velint</span> <span class='ocrx_word' id='word_1_31' title='bbox 1631 367 1764 423; x_wconf 85' lang='lat' dir='ltr'>potius</span> <span class='ocrx_word' id='word_1_32' title='bbox 1783 365 1903 420; x_wconf 77' lang='lat' dir='ltr'>quam</span> 
     </span>
     <span class='ocr_line' id='line_1_5' title="bbox 89 424 1463 482; baseline -0.005 -8"><span class='ocrx_word' id='word_1_33' title='bbox 89 430 260 474; x_wconf 79' lang='lat' dir='ltr'>contrahi</span> <span class='ocrx_word' id='word_1_34' title='bbox 284 429 366 482; x_wconf 73' lang='lat' dir='ltr'>eJus</span> <span class='ocrx_word' id='word_1_35' title='bbox 383 428 423 470; x_wconf 88' lang='lat' dir='ltr'>se</span> <span class='ocrx_word' id='word_1_36' title='bbox 440 428 642 481; x_wconf 82' lang='lat' dir='ltr'>capacitati</span> <span class='ocrx_word' id='word_1_37' title='bbox 662 425 856 480; x_wconf 83' lang='lat' dir='ltr'>aptando,</span> <span class='ocrx_word' id='word_1_38' title='bbox 883 438 1027 468; x_wconf 88' lang='lat' dir='ltr'>navem</span> <span class='ocrx_word' id='word_1_39' title='bbox 1043 427 1205 467; x_wconf 87' lang='lat' dir='ltr'>omnino</span> <span class='ocrx_word' id='word_1_40' title='bbox 1220 424 1463 482; x_wconf 89' lang='lat' dir='ltr'>domergent.</span> 
     </span>
    </p>
   </div>
   <div class='ocr_carea' id='block_1_4' title="bbox 1382 283 1641 294">
    <p class='ocr_par' dir='ltr' id='par_1_4' title="bbox 1382 283 1641 294">
     <span class='ocr_line' id='line_1_6' title="bbox 1382 283 1641 294; baseline 0 3436"><span class='ocrx_word' id='word_1_41' title='bbox 1382 283 1641 294; x_wconf 95' lang='lat' dir='ltr'> </span> 
     </span>
    </p>
   </div>
   <div class='ocr_carea' id='block_1_5' title="bbox 1643 283 1899 297">
    <p class='ocr_par' dir='ltr' id='par_1_5' title="bbox 1643 283 1899 297">
     <span class='ocr_line' id='line_1_7' title="bbox 1643 283 1899 297; baseline 0 3433"><span class='ocrx_word' id='word_1_42' title='bbox 1643 283 1899 297; x_wconf 95' lang='lat' dir='ltr'> </span> 
     </span>
    </p>
   </div>
   <div class='ocr_carea' id='block_1_6' title="bbox 88 284 1376 305">
    <p class='ocr_par' dir='ltr' id='par_1_6' title="bbox 88 284 1376 305">
     <span class='ocr_line' id='line_1_8' title="bbox 88 284 1376 305; baseline 0 3425"><span class='ocrx_word' id='word_1_43' title='bbox 88 284 1376 305; x_wconf 95' lang='lat' dir='ltr'> </span> 
     </span>
    </p>
   </div>
   <div class='ocr_carea' id='block_1_7' title="bbox 466 590 1494 676">
    <p class='ocr_par' dir='ltr' id='par_1_7' title="bbox 466 590 1494 676">
     <span class='ocr_line' id='line_1_9' title="bbox 466 590 1494 676; baseline -0.003 -14"><span class='ocrx_word' id='word_1_44' title='bbox 466 596 509 662; x_wconf 91' lang='lat' dir='ltr'>S</span> <span class='ocrx_word' id='word_1_45' title='bbox 541 593 1122 667; x_wconf 84' lang='lat' dir='ltr'>YMBOLUM</span> <span class='ocrx_word' id='word_1_46' title='bbox 1172 590 1494 676; x_wconf 87' lang='lat' dir='ltr'>XXXVII.</span> 
     </span>
    </p>
   </div>
   <div class='ocr_carea' id='block_1_8' title="bbox 687 1290 1247 1295">
    <p class='ocr_par' dir='ltr' id='par_1_8' title="bbox 687 1290 1247 1295">
     <span class='ocr_line' id='line_1_10' title="bbox 687 1290 1247 1295; baseline 0 0"><span class='ocrx_word' id='word_1_47' title='bbox 687 1290 1247 1295; x_wconf 95' lang='lat' dir='ltr'> </span> 
     </span>
    </p>
   </div>
   <div class='ocr_carea' id='block_1_9' title="bbox 746 1297 1248 1300">
    <p class='ocr_par' dir='ltr' id='par_1_9' title="bbox 746 1297 1248 1300">
     <span class='ocr_line' id='line_1_11' title="bbox 746 1297 1248 1300; baseline 0 0"><span class='ocrx_word' id='word_1_48' title='bbox 746 1297 1248 1300; x_wconf 95' lang='lat' dir='ltr'> </span> 
     </span>
    </p>
   </div>
   <div class='ocr_carea' id='block_1_10' title="bbox 464 787 1474 1985">
    <p class='ocr_par' dir='ltr' id='par_1_10' title="bbox 464 787 1474 1985">
     <span class='ocr_line' id='line_1_12' title="bbox 464 787 1474 1985; baseline 0 0"><span class='ocrx_word' id='word_1_49' title='bbox 464 787 1474 1985; x_wconf 95' lang='lat' dir='ltr'> </span> 
     </span>
    </p>
   </div>
   <div class='ocr_carea' id='block_1_11' title="bbox 89 2123 1915 3196">
    <p class='ocr_par' dir='ltr' id='par_1_11' title="bbox 243 2123 1915 2239">
     <span class='ocr_line' id='line_1_13' title="bbox 244 2123 1913 2182; baseline 0.003 -17"><span class='ocrx_word' id='word_1_50' title='bbox 244 2123 415 2165; x_wconf 84' lang='lat' dir='ltr'>Fortuna</span> <span class='ocrx_word' id='word_1_51' title='bbox 436 2123 593 2164; x_wconf 87' lang='lat' dir='ltr'>adversa</span> <span class='ocrx_word' id='word_1_52' title='bbox 610 2123 739 2176; x_wconf 82' lang='lat' dir='ltr'>potest</span> <span class='ocrx_word' id='word_1_53' title='bbox 767 2126 980 2176; x_wconf 84' lang='lat' dir='ltr'>conjicere,</span> <span class='ocrx_word' id='word_1_54' title='bbox 1009 2126 1254 2167; x_wconf 87' lang='lat' dir='ltr'>Emblemate</span> <span class='ocrx_word' id='word_1_55' title='bbox 1271 2129 1445 2180; x_wconf 85' lang='lat' dir='ltr'>praesenti</span> <span class='ocrx_word' id='word_1_56' title='bbox 1465 2139 1554 2168; x_wconf 86' lang='lat' dir='ltr'>ante</span> <span class='ocrx_word' id='word_1_57' title='bbox 1570 2130 1708 2169; x_wconf 86' lang='lat' dir='ltr'>oeulos</span> <span class='ocrx_word' id='word_1_58' title='bbox 1726 2141 1913 2182; x_wconf 85' lang='lat' dir='ltr'>propono</span> 
     </span>
     <span class='ocr_line' id='line_1_14' title="bbox 243 2183 1915 2239; baseline 0.002 -14"><span class='ocrx_word' id='word_1_59' title='bbox 243 2184 474 2225; x_wconf 60' lang='lat' dir='ltr'>electionem</span> <span class='ocrx_word' id='word_1_60' title='bbox 498 2183 625 2223; x_wconf 81' lang='lat' dir='ltr'>damni</span> <span class='ocrx_word' id='word_1_61' title='bbox 649 2186 829 2234; x_wconf 83' lang='lat' dir='ltr'>minoris,</span> <span class='ocrx_word' id='word_1_62' title='bbox 857 2185 1014 2236; x_wconf 83' lang='lat' dir='ltr'>quando</span> <span class='ocrx_word' id='word_1_63' title='bbox 1049 2186 1193 2237; x_wconf 88' lang='lat' dir='ltr'>majora</span> <span class='ocrx_word' id='word_1_64' title='bbox 1225 2189 1361 2227; x_wconf 87' lang='lat' dir='ltr'>evitari</span> <span class='ocrx_word' id='word_1_65' title='bbox 1387 2198 1601 2239; x_wconf 84' lang='lat' dir='ltr'>nequeunt.</span> <span class='ocrx_word' id='word_1_66' title='bbox 1660 2188 1717 2228; x_wconf 86' lang='lat' dir='ltr'>lta</span> <span class='ocrx_word' id='word_1_67' title='bbox 1739 2188 1915 2229; x_wconf 83' lang='lat' dir='ltr'>Naucle·</span> 
     </span>
    </p>

    <p class='ocr_par' dir='ltr' id='par_1_12' title="bbox 89 2244 1913 3196">
     <span class='ocr_line' id='line_1_15' title="bbox 90 2244 1910 2300; baseline 0.003 -15"><span class='ocrx_word' id='word_1_68' title='bbox 90 2258 154 2285; x_wconf 89' lang='lat' dir='ltr'>rus</span> <span class='ocrx_word' id='word_1_69' title='bbox 170 2246 292 2295; x_wconf 82' lang='lat' dir='ltr'>solet,</span> <span class='ocrx_word' id='word_1_70' title='bbox 322 2247 387 2296; x_wconf 88' lang='lat' dir='ltr'>qui</span> <span class='ocrx_word' id='word_1_71' title='bbox 405 2246 452 2285; x_wconf 90' lang='lat' dir='ltr'>ab</span> <span class='ocrx_word' id='word_1_72' title='bbox 477 2256 583 2284; x_wconf 80' lang='lat' dir='ltr'>omni</span> <span class='ocrx_word' id='word_1_73' title='bbox 607 2245 730 2284; x_wconf 81' lang='lat' dir='ltr'>salutis</span> <span class='ocrx_word' id='word_1_74' title='bbox 747 2245 812 2297; x_wconf 86' lang='lat' dir='ltr'>spe</span> <span class='ocrx_word' id='word_1_75' title='bbox 830 2244 1056 2294; x_wconf 74' lang='lat' dir='ltr'>derelictus,</span> <span class='ocrx_word' id='word_1_76' title='bbox 1088 2246 1326 2287; x_wconf 70' lang='lat' dir='ltr'>obluctando</span> <span class='ocrx_word' id='word_1_77' title='bbox 1345 2246 1579 2300; x_wconf 84' lang='lat' dir='ltr'>tempestati,</span> <span class='ocrx_word' id='word_1_78' title='bbox 1605 2257 1670 2288; x_wconf 85' lang='lat' dir='ltr'>aut</span> <span class='ocrx_word' id='word_1_79' title='bbox 1695 2248 1833 2290; x_wconf 85' lang='lat' dir='ltr'>dextre</span> <span class='ocrx_word' id='word_1_80' title='bbox 1846 2252 1910 2290; x_wconf 78' lang='lat' dir='ltr'>illa</span> 
     </span>
     <span class='ocr_line' id='line_1_16' title="bbox 89 2304 1913 2359; baseline 0.002 -15"><span class='ocrx_word' id='word_1_81' title='bbox 89 2306 259 2355; x_wconf 84' lang='lat' dir='ltr'>utendo,</span> <span class='ocrx_word' id='word_1_82' title='bbox 289 2307 464 2356; x_wconf 84' lang='lat' dir='ltr'>explorat</span> <span class='ocrx_word' id='word_1_83' title='bbox 479 2306 606 2353; x_wconf 64' lang='lat' dir='ltr'>littus,</span> <span class='ocrx_word' id='word_1_84' title='bbox 636 2304 777 2342; x_wconf 86' lang='lat' dir='ltr'>&amp;navi</span> <span class='ocrx_word' id='word_1_85' title='bbox 800 2316 939 2344; x_wconf 82' lang='lat' dir='ltr'>terram</span> <span class='ocrx_word' id='word_1_86' title='bbox 968 2309 1086 2356; x_wconf 85' lang='lat' dir='ltr'>petit,</span> <span class='ocrx_word' id='word_1_87' title='bbox 1118 2307 1183 2345; x_wconf 91' lang='lat' dir='ltr'>ubi</span> <span class='ocrx_word' id='word_1_88' title='bbox 1204 2306 1233 2346; x_wconf 88' lang='lat' dir='ltr'><strong>fi</strong></span> <span class='ocrx_word' id='word_1_89' title='bbox 1251 2308 1312 2346; x_wconf 85' lang='lat' dir='ltr'>illa</span> <span class='ocrx_word' id='word_1_90' title='bbox 1327 2307 1542 2359; x_wconf 85' lang='lat' dir='ltr'>frangatur,</span> <span class='ocrx_word' id='word_1_91' title='bbox 1573 2309 1693 2347; x_wconf 89' lang='lat' dir='ltr'>vitam</span> <span class='ocrx_word' id='word_1_92' title='bbox 1722 2317 1851 2349; x_wconf 88' lang='lat' dir='ltr'>tamen</span> <span class='ocrx_word' id='word_1_93' title='bbox 1872 2309 1913 2349; x_wconf 72' lang='grc' dir='ltr'>δι</span> 
     </span>
     <span class='ocr_line' id='line_1_17' title="bbox 91 2363 1911 2418; baseline 0.001 -13"><span class='ocrx_word' id='word_1_94' title='bbox 91 2375 240 2406; x_wconf 82' lang='lat' dir='ltr'><strong>merces</strong></span> <span class='ocrx_word' id='word_1_95' title='bbox 256 2366 381 2406; x_wconf 85' lang='lat' dir='ltr'>servat</span> <span class='ocrx_word' id='word_1_96' title='bbox 405 2367 581 2416; x_wconf 84' lang='lat' dir='ltr'>integras.</span> <span class='ocrx_word' id='word_1_97' title='bbox 640 2364 848 2412; x_wconf 74' lang='lat' dir='ltr'>Romanis,</span> <span class='ocrx_word' id='word_1_98' title='bbox 878 2363 979 2403; x_wconf 87' lang='lat' dir='ltr'>laudi</span> <span class='ocrx_word' id='word_1_99' title='bbox 1006 2365 1136 2404; x_wconf 87' lang='lat' dir='ltr'>datum</span> <span class='ocrx_word' id='word_1_100' title='bbox 1163 2364 1259 2414; x_wconf 88' lang='lat' dir='ltr'>fuit,</span> <span class='ocrx_word' id='word_1_101' title='bbox 1292 2365 1401 2417; x_wconf 91' lang='lat' dir='ltr'>quod</span> <span class='ocrx_word' id='word_1_102' title='bbox 1420 2366 1526 2406; x_wconf 81' lang='lat' dir='ltr'>saluti</span> <span class='ocrx_word' id='word_1_103' title='bbox 1546 2367 1714 2418; x_wconf 84' lang='lat' dir='ltr'>propriae</span> <span class='ocrx_word' id='word_1_104' title='bbox 1737 2368 1911 2408; x_wconf 80' lang='lat' dir='ltr'>consule.</span> 
     </span>
     <span class='ocr_line' id='line_1_18' title="bbox 92 2421 1912 2478; baseline 0.003 -15"><span class='ocrx_word' id='word_1_105' title='bbox 92 2434 203 2472; x_wconf 85' lang='lat' dir='ltr'>rent,</span> <span class='ocrx_word' id='word_1_106' title='bbox 232 2427 383 2476; x_wconf 88' lang='lat' dir='ltr'>quoties</span> <span class='ocrx_word' id='word_1_107' title='bbox 402 2424 580 2465; x_wconf 84' lang='lat' dir='ltr'>Fortunae</span> <span class='ocrx_word' id='word_1_108' title='bbox 600 2421 674 2462; x_wconf 86' lang='lat' dir='ltr'>sese</span> <span class='ocrx_word' id='word_1_109' title='bbox 700 2435 902 2475; x_wconf 86' lang='lat' dir='ltr'>opponere</span> <span class='ocrx_word' id='word_1_110' title='bbox 919 2423 995 2476; x_wconf 72' lang='lat' dir='ltr'>(a)</span> <span class='ocrx_word' id='word_1_111' title='bbox 1013 2436 1094 2465; x_wconf 90' lang='lat' dir='ltr'>non</span> <span class='ocrx_word' id='word_1_112' title='bbox 1112 2426 1256 2466; x_wconf 83' lang='lat' dir='ltr'>liceret.</span> <span class='ocrx_word' id='word_1_113' title='bbox 1318 2424 1524 2466; x_wconf 86' lang='lat' dir='ltr'>Fortitudo</span> <span class='ocrx_word' id='word_1_114' title='bbox 1550 2426 1736 2478; x_wconf 85' lang='lat' dir='ltr'>Principis</span> <span class='ocrx_word' id='word_1_115' title='bbox 1760 2439 1841 2468; x_wconf 89' lang='lat' dir='ltr'>non</span> <span class='ocrx_word' id='word_1_116' title='bbox 1870 2429 1912 2468; x_wconf 87' lang='lat' dir='ltr'>in</span> 
     </span>
     <span class='ocr_line' id='line_1_19' title="bbox 91 2481 1907 2538; baseline 0.003 -16"><span class='ocrx_word' id='word_1_117' title='bbox 91 2483 298 2524; x_wconf 73' lang='lat' dir='ltr'>resistendo</span> <span class='ocrx_word' id='word_1_118' title='bbox 315 2485 436 2525; x_wconf 73' lang='lat' dir='ltr'>sol‘um</span> <span class='ocrx_word' id='word_1_119' title='bbox 463 2481 650 2531; x_wconf 77' lang='lat' dir='ltr'>consistit3</span> <span class='ocrx_word' id='word_1_120' title='bbox 678 2483 799 2523; x_wconf 81' lang='lat' dir='ltr'>sedin</span> <span class='ocrx_word' id='word_1_121' title='bbox 822 2496 871 2523; x_wconf 88' lang='lat' dir='ltr'>eo</span> <span class='ocrx_word' id='word_1_122' title='bbox 894 2486 1030 2533; x_wconf 83' lang='lat' dir='ltr'>etiam,</span> <span class='ocrx_word' id='word_1_123' title='bbox 1061 2494 1104 2524; x_wconf 88' lang='lat' dir='ltr'>ut</span> <span class='ocrx_word' id='word_1_124' title='bbox 1129 2484 1325 2538; x_wconf 84' lang='lat' dir='ltr'>expendat</span> <span class='ocrx_word' id='word_1_125' title='bbox 1346 2486 1538 2538; x_wconf 83' lang='lat' dir='ltr'>pericula,</span> <span class='ocrx_word' id='word_1_126' title='bbox 1571 2486 1609 2525; x_wconf 71' lang='grc' dir='ltr'>δε</span> <span class='ocrx_word' id='word_1_127' title='bbox 1631 2486 1746 2526; x_wconf 88' lang='lat' dir='ltr'>cedat</span> <span class='ocrx_word' id='word_1_128' title='bbox 1780 2489 1907 2528; x_wconf 80' lang='lat' dir='ltr'>mino-</span> 
     </span>
     <span class='ocr_line' id='line_1_20' title="bbox 92 2543 1910 2597; baseline 0.003 -15"><span class='ocrx_word' id='word_1_129' title='bbox 92 2545 218 2592; x_wconf 84' lang='lat' dir='ltr'>ribus,</span> <span class='ocrx_word' id='word_1_130' title='bbox 247 2543 275 2583; x_wconf 82' lang='lat' dir='ltr'>si</span> <span class='ocrx_word' id='word_1_131' title='bbox 298 2544 438 2595; x_wconf 78' lang='lat' dir='ltr'>majora</span> <span class='ocrx_word' id='word_1_132' title='bbox 466 2543 630 2596; x_wconf 85' lang='lat' dir='ltr'>superari</span> <span class='ocrx_word' id='word_1_133' title='bbox 650 2555 730 2583; x_wconf 92' lang='lat' dir='ltr'>non</span> <span class='ocrx_word' id='word_1_134' title='bbox 754 2545 903 2595; x_wconf 83' lang='lat' dir='ltr'>poffint.</span> <span class='ocrx_word' id='word_1_135' title='bbox 962 2543 1115 2586; x_wconf 75' lang='lat' dir='ltr'>Etenim</span> <span class='ocrx_word' id='word_1_136' title='bbox 1138 2545 1248 2586; x_wconf 85' lang='lat' dir='ltr'>ficuti</span> <span class='ocrx_word' id='word_1_137' title='bbox 1271 2545 1488 2586; x_wconf 86' lang='lat' dir='ltr'>Prudentiae</span> <span class='ocrx_word' id='word_1_138' title='bbox 1503 2544 1558 2584; x_wconf 89' lang='lat' dir='ltr'>est</span> <span class='ocrx_word' id='word_1_139' title='bbox 1582 2547 1798 2597; x_wconf 74' lang='lat' dir='ltr'>prmvenire</span> <span class='ocrx_word' id='word_1_140' title='bbox 1813 2577 1825 2596; x_wconf 82' lang='lat'>,</span> <span class='ocrx_word' id='word_1_141' title='bbox 1856 2550 1910 2588; x_wconf 88' lang='lat' dir='ltr'>ita</span> 
     </span>
     <span class='ocr_line' id='line_1_21' title="bbox 92 2600 1911 2656; baseline 0.004 -14"><span class='ocrx_word' id='word_1_142' title='bbox 92 2600 342 2644; x_wconf 85' lang='lat' dir='ltr'>Fortitudinis</span> <span class='ocrx_word' id='word_1_143' title='bbox 363 2604 401 2644; x_wconf 90' lang='lat'>&amp;</span> <span class='ocrx_word' id='word_1_144' title='bbox 423 2602 653 2644; x_wconf 83' lang='lat' dir='ltr'>Constantiae</span> <span class='ocrx_word' id='word_1_145' title='bbox 676 2616 786 2655; x_wconf 84' lang='lat' dir='ltr'>aequo</span> <span class='ocrx_word' id='word_1_146' title='bbox 811 2606 938 2643; x_wconf 85' lang='lat' dir='ltr'>animo</span> <span class='ocrx_word' id='word_1_147' title='bbox 961 2604 1127 2644; x_wconf 78' lang='lat' dir='ltr'>tolerare</span> <span class='ocrx_word' id='word_1_148' title='bbox 1147 2605 1211 2654; x_wconf 86' lang='lat' dir='ltr'>id,</span> <span class='ocrx_word' id='word_1_149' title='bbox 1242 2605 1350 2656; x_wconf 88' lang='lat' dir='ltr'>quod</span> <span class='ocrx_word' id='word_1_150' title='bbox 1371 2604 1578 2646; x_wconf 83' lang='lat' dir='ltr'>Prudentia</span> <span class='ocrx_word' id='word_1_151' title='bbox 1611 2605 1802 2646; x_wconf 86' lang='lat' dir='ltr'>declinare</span> <span class='ocrx_word' id='word_1_152' title='bbox 1826 2619 1911 2649; x_wconf 85' lang='lat' dir='ltr'>non</span> 
     </span>
     <span class='ocr_line' id='line_1_22' title="bbox 91 2661 1910 2721; baseline 0.001 -19"><span class='ocrx_word' id='word_1_153' title='bbox 91 2664 235 2715; x_wconf 82' lang='lat' dir='ltr'>poruit.</span> <span class='ocrx_word' id='word_1_154' title='bbox 296 2664 385 2716; x_wconf 82' lang='lat' dir='ltr'>Qua</span> <span class='ocrx_word' id='word_1_155' title='bbox 407 2666 445 2704; x_wconf 83' lang='lat' dir='ltr'>in</span> <span class='ocrx_word' id='word_1_156' title='bbox 466 2675 506 2703; x_wconf 88' lang='lat' dir='ltr'>re</span> <span class='ocrx_word' id='word_1_157' title='bbox 530 2663 689 2702; x_wconf 78' lang='lat' dir='ltr'>eximius</span> <span class='ocrx_word' id='word_1_158' title='bbox 703 2664 816 2715; x_wconf 83' lang='lat' dir='ltr'>plane</span> <span class='ocrx_word' id='word_1_159' title='bbox 840 2664 914 2704; x_wconf 87' lang='lat' dir='ltr'>fuit</span> <span class='ocrx_word' id='word_1_160' title='bbox 935 2664 1023 2703; x_wconf 84' lang='lat' dir='ltr'>Rex</span> <span class='ocrx_word' id='word_1_161' title='bbox 1048 2661 1120 2721; x_wconf 75' lang='lat' dir='ltr'>(b)</span> <span class='ocrx_word' id='word_1_162' title='bbox 1147 2664 1369 2716; x_wconf 87' lang='lat' dir='ltr'>Alphonsus</span> <span class='ocrx_word' id='word_1_163' title='bbox 1390 2664 1530 2704; x_wconf 82' lang='lat' dir='ltr'>Sextus</span> <span class='ocrx_word' id='word_1_164' title='bbox 1544 2695 1556 2713; x_wconf 92' lang='lat'>‚</span> <span class='ocrx_word' id='word_1_165' title='bbox 1586 2667 1623 2704; x_wconf 93' lang='lat' dir='ltr'>in</span> <span class='ocrx_word' id='word_1_166' title='bbox 1643 2665 1758 2706; x_wconf 88' lang='lat' dir='ltr'>rebus</span> <span class='ocrx_word' id='word_1_167' title='bbox 1776 2665 1910 2707; x_wconf 87' lang='lat' dir='ltr'>secun.</span> 
     </span>
     <span class='ocr_line' id='line_1_23' title="bbox 93 2720 1908 2777; baseline 0.003 -15"><span class='ocrx_word' id='word_1_168' title='bbox 93 2722 151 2762; x_wconf 89' lang='lat' dir='ltr'>dis</span> <span class='ocrx_word' id='word_1_169' title='bbox 174 2720 394 2772; x_wconf 83' lang='lat' dir='ltr'>modestus,</span> <span class='ocrx_word' id='word_1_170' title='bbox 424 2722 534 2763; x_wconf 75' lang='lat' dir='ltr'>fortis</span> <span class='ocrx_word' id='word_1_171' title='bbox 556 2723 594 2761; x_wconf 89' lang='lat' dir='ltr'>in</span> <span class='ocrx_word' id='word_1_172' title='bbox 620 2722 804 2773; x_wconf 79' lang='lat' dir='ltr'>adversis,</span> <span class='ocrx_word' id='word_1_173' title='bbox 835 2723 882 2763; x_wconf 85' lang='lat' dir='ltr'>ad</span> <span class='ocrx_word' id='word_1_174' title='bbox 909 2735 1065 2764; x_wconf 87' lang='lat' dir='ltr'>omnem</span> <span class='ocrx_word' id='word_1_175' title='bbox 1089 2734 1276 2764; x_wconf 86' lang='lat' dir='ltr'>eventum</span> <span class='ocrx_word' id='word_1_176' title='bbox 1306 2724 1453 2777; x_wconf 84' lang='lat' dir='ltr'>semper</span> <span class='ocrx_word' id='word_1_177' title='bbox 1476 2735 1640 2777; x_wconf 87' lang='lat' dir='ltr'>paratus.</span> <span class='ocrx_word' id='word_1_178' title='bbox 1704 2725 1828 2766; x_wconf 89' lang='lat' dir='ltr'>Inanis</span> <span class='ocrx_word' id='word_1_179' title='bbox 1850 2726 1908 2767; x_wconf 85' lang='lat' dir='ltr'>est</span> 
     </span>
     <span class='ocr_line' id='line_1_24' title="bbox 93 2781 1907 2839; baseline 0.002 -17"><span class='ocrx_word' id='word_1_180' title='bbox 93 2783 156 2822; x_wconf 84' lang='lat' dir='ltr'>illa</span> <span class='ocrx_word' id='word_1_181' title='bbox 180 2782 322 2835; x_wconf 82' lang='lat' dir='ltr'>gloria,</span> <span class='ocrx_word' id='word_1_182' title='bbox 353 2781 560 2834; x_wconf 73' lang='lat' dir='ltr'>Principis,</span> <span class='ocrx_word' id='word_1_183' title='bbox 593 2784 657 2833; x_wconf 89' lang='lat' dir='ltr'>qui</span> <span class='ocrx_word' id='word_1_184' title='bbox 688 2785 821 2835; x_wconf 84' lang='lat' dir='ltr'>majori</span> <span class='ocrx_word' id='word_1_185' title='bbox 859 2796 947 2824; x_wconf 87' lang='lat' dir='ltr'>curn</span> <span class='ocrx_word' id='word_1_186' title='bbox 981 2785 1364 2836; x_wconf 77' lang='lat' dir='ltr'>teineritate‚‘qua1n</span> <span class='ocrx_word' id='word_1_187' title='bbox 1389 2784 1600 2826; x_wconf 88' lang='lat' dir='ltr'>constantia</span> <span class='ocrx_word' id='word_1_188' title='bbox 1634 2785 1746 2825; x_wconf 87' lang='lat' dir='ltr'>animi</span> <span class='ocrx_word' id='word_1_189' title='bbox 1773 2788 1907 2839; x_wconf 87' lang='lat' dir='ltr'>eligit,</span> 
     </span>
     <span class='ocr_line' id='line_1_25' title="bbox 93 2840 1908 2899; baseline 0.002 -17"><span class='ocrx_word' id='word_1_190' title='bbox 93 2844 194 2882; x_wconf 87' lang='lat' dir='ltr'>mori</span> <span class='ocrx_word' id='word_1_191' title='bbox 213 2840 345 2895; x_wconf 74' lang='lat' dir='ltr'>potius</span> <span class='ocrx_word' id='word_1_192' title='bbox 376 2843 414 2882; x_wconf 87' lang='lat' dir='ltr'>in</span> <span class='ocrx_word' id='word_1_193' title='bbox 442 2843 616 2894; x_wconf 84' lang='lat' dir='ltr'>periculo</span> <span class='ocrx_word' id='word_1_194' title='bbox 638 2845 831 2895; x_wconf 78' lang='lat' dir='ltr'>graviori,</span> <span class='ocrx_word' id='word_1_195' title='bbox 862 2856 975 2895; x_wconf 86' lang='lat' dir='ltr'>quam</span> <span class='ocrx_word' id='word_1_196' title='bbox 1000 2844 1039 2884; x_wconf 90' lang='lat' dir='ltr'>in</span> <span class='ocrx_word' id='word_1_197' title='bbox 1060 2846 1200 2884; x_wconf 85' lang='lat' dir='ltr'>minori</span> <span class='ocrx_word' id='word_1_198' title='bbox 1226 2844 1351 2885; x_wconf 82' lang='lat' dir='ltr'>salvus</span> <span class='ocrx_word' id='word_1_199' title='bbox 1376 2845 1555 2885; x_wconf 77' lang='lat' dir='ltr'>evadere„</span> <span class='ocrx_word' id='word_1_200' title='bbox 1615 2844 1744 2899; x_wconf 86' lang='lat' dir='ltr'>Magis</span> <span class='ocrx_word' id='word_1_201' title='bbox 1765 2844 1908 2887; x_wconf 82' lang='lat' dir='ltr'>famam</span> 
     </span>
     <span class='ocr_line' id='line_1_26' title="bbox 94 2901 1906 2958; baseline 0.003 -17"><span class='ocrx_word' id='word_1_202' title='bbox 94 2903 196 2942; x_wconf 89' lang='lat' dir='ltr'>suam</span> <span class='ocrx_word' id='word_1_203' title='bbox 216 2902 255 2942; x_wconf 91' lang='lat' dir='ltr'>in</span> <span class='ocrx_word' id='word_1_204' title='bbox 271 2902 470 2942; x_wconf 78' lang='lat' dir='ltr'>consilium</span> <span class='ocrx_word' id='word_1_205' title='bbox 490 2901 666 2951; x_wconf 80' lang='lat' dir='ltr'>adhibet,</span> <span class='ocrx_word' id='word_1_206' title='bbox 696 2916 808 2954; x_wconf 84' lang='lat' dir='ltr'>quam</span> <span class='ocrx_word' id='word_1_207' title='bbox 831 2904 986 2944; x_wconf 82' lang='lat' dir='ltr'>salutern</span> <span class='ocrx_word' id='word_1_208' title='bbox 1010 2905 1205 2956; x_wconf 85' lang='lat' dir='ltr'>publicam</span> <span class='ocrx_word' id='word_1_209' title='bbox 1225 2935 1237 2954; x_wconf 87' lang='lat'>‚</span> <span class='ocrx_word' id='word_1_210' title='bbox 1267 2905 1335 2945; x_wconf 81' lang='lat' dir='ltr'>nisi</span> <span class='ocrx_word' id='word_1_211' title='bbox 1356 2903 1447 2945; x_wconf 91' lang='lat' dir='ltr'>illud</span> <span class='ocrx_word' id='word_1_212' title='bbox 1476 2908 1590 2946; x_wconf 86' lang='lat' dir='ltr'>etiarn</span> <span class='ocrx_word' id='word_1_213' title='bbox 1613 2904 1680 2955; x_wconf 83' lang='lat' dir='ltr'>sit,</span> <span class='ocrx_word' id='word_1_214' title='bbox 1709 2905 1816 2958; x_wconf 79' lang='lat' dir='ltr'>qubd</span> <span class='ocrx_word' id='word_1_215' title='bbox 1840 2906 1906 2946; x_wconf 85' lang='lat' dir='ltr'>de·</span> 
     </span>
     <span class='ocr_line' id='line_1_27' title="bbox 95 2959 1902 3018; baseline 0.002 -17"><span class='ocrx_word' id='word_1_216' title='bbox 95 2959 161 3002; x_wconf 85' lang='lat' dir='ltr'>fiat</span> <span class='ocrx_word' id='word_1_217' title='bbox 179 2964 324 3002; x_wconf 86' lang='lat' dir='ltr'>animus</span> <span class='ocrx_word' id='word_1_218' title='bbox 346 2962 393 3001; x_wconf 86' lang='lat' dir='ltr'>ad</span> <span class='ocrx_word' id='word_1_219' title='bbox 412 2960 639 3014; x_wconf 88' lang='lat' dir='ltr'>spernendas</span> <span class='ocrx_word' id='word_1_220' title='bbox 665 2965 867 3016; x_wconf 78' lang='lat' dir='ltr'>opiniones</span> <span class='ocrx_word' id='word_1_221' title='bbox 893 2962 1032 3016; x_wconf 87' lang='lat' dir='ltr'>Vulgi,</span> <span class='ocrx_word' id='word_1_222' title='bbox 1062 2966 1127 3016; x_wconf 89' lang='lat' dir='ltr'>qui</span> <span class='ocrx_word' id='word_1_223' title='bbox 1144 2976 1309 3014; x_wconf 85' lang='lat' dir='ltr'>temere,</span> <span class='ocrx_word' id='word_1_224' title='bbox 1341 2964 1379 3005; x_wconf 90' lang='lat'>&amp;</span> <span class='ocrx_word' id='word_1_225' title='bbox 1401 2966 1546 3018; x_wconf 88' lang='lat' dir='ltr'>absque</span> <span class='ocrx_word' id='word_1_226' title='bbox 1569 2968 1707 3006; x_wconf 87' lang='lat' dir='ltr'>notitia</span> <span class='ocrx_word' id='word_1_227' title='bbox 1726 2967 1902 3014; x_wconf 84' lang='lat' dir='ltr'>casuum,</span> 
     </span>
     <span class='ocr_line' id='line_1_28' title="bbox 97 3020 1905 3078; baseline 0.001 -17"><span class='ocrx_word' id='word_1_228' title='bbox 97 3031 142 3060; x_wconf 88' lang='lat' dir='ltr'>ea</span> <span class='ocrx_word' id='word_1_229' title='bbox 166 3034 250 3074; x_wconf 89' lang='lat' dir='ltr'>quae</span> <span class='ocrx_word' id='word_1_230' title='bbox 270 3023 480 3074; x_wconf 85' lang='lat' dir='ltr'>prudenter</span> <span class='ocrx_word' id='word_1_231' title='bbox 497 3021 634 3062; x_wconf 82' lang='lat' dir='ltr'>statuta</span> <span class='ocrx_word' id='word_1_232' title='bbox 651 3020 755 3072; x_wconf 83' lang='lat' dir='ltr'>sunt,</span> <span class='ocrx_word' id='word_1_233' title='bbox 785 3025 1001 3076; x_wconf 80' lang='lat' dir='ltr'>improbat,</span> <span class='ocrx_word' id='word_1_234' title='bbox 1039 3025 1077 3065; x_wconf 89' lang='lat'>&amp;</span> <span class='ocrx_word' id='word_1_235' title='bbox 1108 3025 1199 3066; x_wconf 86' lang='lat' dir='ltr'>dum</span> <span class='ocrx_word' id='word_1_236' title='bbox 1230 3026 1268 3065; x_wconf 90' lang='lat' dir='ltr'>in</span> <span class='ocrx_word' id='word_1_237' title='bbox 1293 3026 1467 3078; x_wconf 86' lang='lat' dir='ltr'>periculo</span> <span class='ocrx_word' id='word_1_238' title='bbox 1499 3025 1575 3076; x_wconf 86' lang='lat' dir='ltr'>est,</span> <span class='ocrx_word' id='word_1_239' title='bbox 1603 3028 1724 3065; x_wconf 89' lang='lat' dir='ltr'>nollet</span> <span class='ocrx_word' id='word_1_240' title='bbox 1747 3023 1905 3064; x_wconf 54' lang='lat' dir='ltr'>effectui</span> 
     </span>
     <span class='ocr_line' id='line_1_29' title="bbox 98 3079 1906 3135; baseline 0.003 -17"><span class='ocrx_word' id='word_1_241' title='bbox 98 3079 195 3131; x_wconf 87' lang='lat' dir='ltr'>dari,</span> <span class='ocrx_word' id='word_1_242' title='bbox 225 3094 310 3134; x_wconf 83' lang='lat' dir='ltr'>quae</span> <span class='ocrx_word' id='word_1_243' title='bbox 337 3092 415 3123; x_wconf 86' lang='lat' dir='ltr'>tarn</span> <span class='ocrx_word' id='word_1_244' title='bbox 441 3083 652 3135; x_wconf 83' lang='lat' dir='ltr'>periculosa</span> <span class='ocrx_word' id='word_1_245' title='bbox 680 3083 784 3133; x_wconf 85' lang='lat' dir='ltr'>sunt,</span> <span class='ocrx_word' id='word_1_246' title='bbox 815 3084 851 3124; x_wconf 68' lang='grc' dir='ltr'>δε</span> <span class='ocrx_word' id='word_1_247' title='bbox 877 3084 1061 3126; x_wconf 89' lang='lat' dir='ltr'>violenta.</span> <span class='ocrx_word' id='word_1_248' title='bbox 1121 3085 1282 3127; x_wconf 81' lang='lat' dir='ltr'>Animus</span> <span class='ocrx_word' id='word_1_249' title='bbox 1306 3085 1420 3126; x_wconf 50' lang='lat' dir='ltr'>&lt;fortis</span> <span class='ocrx_word' id='word_1_250' title='bbox 1447 3086 1600 3128; x_wconf 78' lang='lat' dir='ltr'>videtui·</span> <span class='ocrx_word' id='word_1_251' title='bbox 1624 3084 1836 3133; x_wconf 81' lang='lat' dir='ltr'>interdum,</span> <span class='ocrx_word' id='word_1_252' title='bbox 1866 3085 1906 3124; x_wconf 74' lang='grc' dir='ltr'>δε</span> 
     </span>
     <span class='ocr_line' id='line_1_30' title="bbox 925 3143 1906 3196; baseline 0.001 -14"><span class='ocrx_word' id='word_1_253' title='bbox 925 3143 962 3182; x_wconf 94' lang='lat' dir='ltr'>O</span> <span class='ocrx_word' id='word_1_254' title='bbox 987 3158 1012 3183; x_wconf 94' lang='lat' dir='ltr'>o</span> <span class='ocrx_word' id='word_1_255' title='bbox 1801 3147 1906 3196; x_wconf 84' lang='lat' dir='ltr'>igna-</span> 
     </span>
    </p>
   </div>
   <div class='ocr_carea' id='block_1_12' title="bbox 89 2057 1915 2203">
    <p class='ocr_par' dir='ltr' id='par_1_13' title="bbox 89 2057 1915 2203">
     <span class='ocr_line' id='line_1_31' title="bbox 89 2057 1915 2203; baseline 0.005 -100"><span class='ocrx_word' id='word_1_256' title='bbox 89 2057 251 2203; x_wconf 88' lang='lat' dir='ltr'>UT</span> <span class='ocrx_word' id='word_1_257' title='bbox 269 2060 451 2117; x_wconf 85' lang='lat' dir='ltr'>Princeps</span> <span class='ocrx_word' id='word_1_258' title='bbox 474 2060 498 2104; x_wconf 81' lang='grc' dir='ltr'>ὲ</span> <span class='ocrx_word' id='word_1_259' title='bbox 514 2062 741 2116; x_wconf 83' lang='lat' dir='ltr'>tempestate</span> <span class='ocrx_word' id='word_1_260' title='bbox 760 2073 928 2117; x_wconf 84' lang='lat' dir='ltr'>emergat</span> <span class='ocrx_word' id='word_1_261' title='bbox 943 2061 1146 2107; x_wconf 64' lang='lat' dir='ltr'>instructus</span> <span class='ocrx_word' id='word_1_262' title='bbox 1162 2064 1212 2107; x_wconf 89' lang='lat' dir='ltr'>de</span> <span class='ocrx_word' id='word_1_263' title='bbox 1225 2067 1407 2107; x_wconf 83' lang='lat' dir='ltr'>omnibus</span> <span class='ocrx_word' id='word_1_264' title='bbox 1425 2065 1594 2118; x_wconf 79' lang='lat' dir='ltr'>casibus,</span> <span class='ocrx_word' id='word_1_265' title='bbox 1623 2068 1663 2109; x_wconf 89' lang='lat' dir='ltr'>in</span> <span class='ocrx_word' id='word_1_266' title='bbox 1687 2079 1786 2122; x_wconf 87' lang='lat' dir='ltr'>quos</span> <span class='ocrx_word' id='word_1_267' title='bbox 1806 2069 1915 2112; x_wconf 83' lang='lat' dir='ltr'>illum</span> 
     </span>
    </p>
   </div>
   <div class='ocr_carea' id='block_1_13' title="bbox 105 3201 358 3211">
    <p class='ocr_par' dir='ltr' id='par_1_14' title="bbox 105 3201 358 3211">
     <span class='ocr_line' id='line_1_32' title="bbox 105 3201 358 3211; baseline 0 519"><span class='ocrx_word' id='word_1_268' title='bbox 105 3201 358 3211; x_wconf 95' lang='lat' dir='ltr'> </span> 
     </span>
    </p>
   </div>
   <div class='ocr_carea' id='block_1_14' title="bbox 388 3205 600 3213">
    <p class='ocr_par' dir='ltr' id='par_1_15' title="bbox 388 3205 600 3213">
     <span class='ocr_line' id='line_1_33' title="bbox 388 3205 600 3213; baseline 0 517"><span class='ocrx_word' id='word_1_269' title='bbox 388 3205 600 3213; x_wconf 95' lang='lat' dir='ltr'> </span> 
     </span>
    </p>
   </div>
   <div class='ocr_carea' id='block_1_15' title="bbox 99 3206 1902 3329">
    <p class='ocr_par' dir='ltr' id='par_1_16' title="bbox 99 3206 1902 3329">
     <span class='ocr_line' id='line_1_34' title="bbox 99 3206 1902 3277; baseline 0.004 -23"><span class='ocrx_word' id='word_1_270' title='bbox 99 3260 102 3263; x_wconf 20' lang='grc' dir='ltr'><strong>Δ</strong></span> <span class='ocrx_word' id='word_1_271' title='bbox 193 3222 249 3266; x_wconf 80' lang='lat' dir='ltr'>(a)</span> <span class='ocrx_word' id='word_1_272' title='bbox 277 3206 436 3259; x_wconf 56' lang='lat' dir='ltr'>Valiiam</span> <span class='ocrx_word' id='word_1_273' title='bbox 460 3221 505 3264; x_wconf 56' lang='lat'>0¹*-</span> <span class='ocrx_word' id='word_1_274' title='bbox 530 3206 721 3259; x_wconf 63' lang='lat' dir='ltr'>lami’atam</span> <span class='ocrx_word' id='word_1_275' title='bbox 740 3225 1014 3274; x_wconf 74' lang='lat' dir='ltr'>antiquitatem,</span> <span class='ocrx_word' id='word_1_276' title='bbox 1040 3206 1172 3277; x_wconf 42' lang='lat' dir='ltr'>quoties</span> <span class='ocrx_word' id='word_1_277' title='bbox 1190 3223 1350 3275; x_wconf 78' lang='lat' dir='ltr'>fbrtuna</span> <span class='ocrx_word' id='word_1_278' title='bbox 1371 3236 1494 3263; x_wconf 83' lang='lat' dir='ltr'>contra</span> <span class='ocrx_word' id='word_1_279' title='bbox 1524 3224 1645 3276; x_wconf 73' lang='lat' dir='ltr'>daret,v</span> <span class='ocrx_word' id='word_1_280' title='bbox 1661 3223 1777 3270; x_wconf 69' lang='lat' dir='ltr'>stvluti</span> <span class='ocrx_word' id='word_1_281' title='bbox 1790 3221 1902 3270; x_wconf 68' lang='lat' dir='ltr'>consu-</span> 
     </span>
     <span class='ocr_line' id='line_1_35' title="bbox 113 3267 1436 3329; baseline 0.005 -22"><span class='ocrx_word' id='word_1_282' title='bbox 113 3267 206 3318; x_wconf 75' lang='lat' dir='ltr'>uiffe,</span> <span class='ocrx_word' id='word_1_283' title='bbox 232 3271 349 3309; x_wconf 83' lang='lat' dir='ltr'>Tacit.</span> <span class='ocrx_word' id='word_1_284' title='bbox 365 3274 427 3310; x_wconf 88' lang='lat' dir='ltr'>lib.</span> <span class='ocrx_word' id='word_1_285' title='bbox 454 3288 508 3312; x_wconf 82' lang='grc' dir='ltr'>ιι.</span> <span class='ocrx_word' id='word_1_286' title='bbox 524 3276 655 3311; x_wconf 79' lang='lat' dir='ltr'>Annai.</span> <span class='ocrx_word' id='word_1_287' title='bbox 712 3277 776 3322; x_wconf 81' lang='lat' dir='ltr'>(b)</span> <span class='ocrx_word' id='word_1_288' title='bbox 803 3277 892 3314; x_wconf 77' lang='lat' dir='ltr'>Mar.</span> <span class='ocrx_word' id='word_1_289' title='bbox 908 3276 998 3316; x_wconf 81' lang='lat' dir='ltr'>Hist.</span> <span class='ocrx_word' id='word_1_290' title='bbox 1017 3277 1114 3328; x_wconf 81' lang='lat' dir='ltr'>Hisp.</span> <span class='ocrx_word' id='word_1_291' title='bbox 1132 3277 1197 3315; x_wconf 84' lang='lat' dir='ltr'>lib.</span> <span class='ocrx_word' id='word_1_292' title='bbox 1220 3290 1278 3321; x_wconf 78' lang='grc' dir='ltr'>ιο.</span> <span class='ocrx_word' id='word_1_293' title='bbox 1299 3291 1374 3329; x_wconf 80' lang='lat' dir='ltr'>cap,</span> <span class='ocrx_word' id='word_1_294' title='bbox 1398 3291 1436 3324; x_wconf 81' lang='lat'>7.</span> 
     </span>
    </p>
   </div>
  </div>
 </body>
</html>
