2132 3730
489 197 1466 248 SYMBOLAPOLJTICA.
1773 221 1860 264 257

5 281 8 310 ἶ
72 289 141 326 tias
161 288 238 326 illas
260 314 273 334 ,
303 284 340 323 &
363 283 605 334 insolentias,
636 288 773 337 quibus
793 286 964 327 Neronis
987 298 1164 341 tempore
1193 289 1244 329 fic
1277 291 1474 331 Romanus
1500 289 1708 331 assueverat
1737 306 1863 347 popu-

5 374 7 378 Α
70 348 148 395 lus,
177 344 246 397 (b)
276 350 315 381 ut
327 342 424 382 haud
439 346 549 383 minus
575 347 668 385 vitia
686 346 887 397 Principum
910 356 1067 388 amarent
1080 377 1093 397 ,
1123 349 1226 401 qudm
1249 350 1322 389 olim
1335 352 1491 390 virtutes
1521 360 1784 391 venerarentur.
1833 355 1863 392 [-

5 413 6 429 ³
70 405 156 444 dem
171 403 357 443 Pertinaci
373 402 596 455 Imperatori
614 405 752 444 accidit
766 435 778 454 ,
808 404 897 446 cum
919 407 1081 448 laxatam
1096 407 1164 446 sub
1186 407 1408 464 Commodo
1420 411 1648 463 disciplinam
1660 413 1860 454 militarem

3 479 6 508 ᾗ
67 464 113 502 ad
121 460 294 515 pristinos
305 474 431 502 mores
444 463 629 504 reducere
638 476 809 516 cuperet.
848 465 890 506 In
901 466 1066 507 eundem
1080 478 1246 508 errorem
1257 469 1379 520 lapsus
1396 470 1590 511 etiamfuit
1600 472 1686 511 Rex
1695 471 1861 513 Franciae

5 522 6 550 ἶ
64 521 288 562 Ludovicus
311 521 564 572 Undecimus,
579 525 644 574 qui
661 537 754 564 mox
775 524 797 564 a
812 523 990 578 susceptis
1013 528 1117 577 regni
1137 527 1404 578 gubernaculis
1422 531 1460 568 in
1484 533 1698 583 praecipuos
1723 532 1862 572 Proce-

62 593 121 620 res
130 580 361 621 severiorem
370 580 547 632 justitiam
557 585 741 624 exercuit.
801 586 932 638 Quare
947 584 1035 625 cum
1049 587 1150 638 rigor
1162 588 1300 627 nimius
1315 588 1551 641 Principatus
1564 593 1767 632 inveterati
1776 594 1861 632 viti-

2 642 9 689 Γ
61 651 126 681 um
148 640 214 690 fit,
242 641 338 680 novi
363 641 497 682 contra
519 644 638 684 virtus
651 643 769 684 debet
793 643 870 685 effe
886 646 1107 699 benignitas.

201 750 282 816 (b)
302 750 406 804 Nil
417 751 562 822 pudet
584 751 777 823 affuetos
778 752 982 825 sceptris
996 793 1012 815 ,
1047 753 1296 824 mittffi'ma
1328 754 1433 826 sors
1461 758 1520 827 cst

199 821 597 893 Regenorumfitb
624 827 741 895 Rege
760 844 903 881 novo,

214 933 412 988 Tempore
424 951 522 991 opus
532 938 642 979 estad
653 937 760 980 reete
769 939 1043 992 disponendam
1055 941 1370 992 gubernationem
1384 973 1397 992 ,
1410 957 1515 999 neque
1528 945 1628 984 enim
1640 948 1751 986 minus
1766 955 1861 998 negt»

57 997 100 1035 tii
119 993 167 1049 est
187 995 439 1048 Remffltblicam
458 997 633 1040 emendare
652 1031 662 1048 ,
691 1012 793 1051 quam
812 999 857 1039 ab
879 1002 974 1040 initio
991 1000 1201 1055 corstituere.
1263 1000 1330 1057 (c)
1355 1002 1451 1044 Eam
1476 1005 1528 1044 ob
1557 1016 1636 1043 rem
1665 1006 1862 1046 excusavit

56 1054 94 1094 se
118 1054 252 1095 David
267 1086 282 1106 ,
311 1058 418 1108 quod
440 1059 492 1098 ob
508 1058 718 1110 proditorie
733 1060 871 1102 illatam
891 1060 1051 1100 Abnero
1078 1072 1239 1110 necem,
1271 1062 1320 1102 de
1338 1061 1463 1114 Joabo
1487 1076 1616 1116 poenas
1641 1077 1720 1104 non
1739 1066 1859 1105 sume-

53 1124 112 1154 ret
131 1114 307 1155 dietitans
332 1117 479 1170 Regem
498 1120 537 1158 se
554 1117 628 1159 effe
656 1118 781 1159 adhuc
798 1118 1026 1170 delicatum,
1057 1120 1095 1160 &
1119 1133 1253 1161 recens
1268 1120 1455 1172 unctum,
1485 1126 1630 1164 veritus
1659 1124 1860 1165 scilicetne

54 1173 291 1216 dominatum
311 1177 417 1218 suum
434 1179 559 1230 rigore
576 1180 696 1218 nimio
722 1178 880 1219 exosum
908 1178 983 1234 (d)
1002 1179 1193 1225 redderet.
1268 1180 1366 1222 Non
1386 1184 1625 1236 semetipsum
1643 1184 1862 1235 perdidisset

54 1234 282 1276 Roboamus
300 1266 314 1285 ,
343 1236 372 1276 si
388 1232 484 1277 istud
504 1237 693 1281 habuiffet
718 1251 796 1290 prae
813 1241 935 1278 oculis
952 1269 966 1288 ,
999 1241 1086 1280 cum
1107 1242 1209 1280 malo
1225 1241 1311 1282 usus
1337 1242 1497 1283 confilio
1515 1274 1527 1293 ,
1556 1246 1707 1296 populo
1727 1246 1861 1297 rigoris

51 1296 219 1342 parterni
230 1294 536 1337 moderationem
555 1300 705 1348 petenti
721 1300 826 1338 hunc
847 1300 886 1338 in
897 1298 1057 1339 modum
1069 1300 1286 1352 respondit:
1319 1301 1388 1356 (e)
1400 1303 1516 1344 Pater
1525 1317 1616 1343 meus
1638 1307 1861 1356 agg-ravam

43 1353 166 1405 jugum
181 1352 356 1408 vestrum,
384 1368 442 1407 ego
465 1363 579 1395 autem
599 1357 724 1396 addam
740 1358 827 1411 jugo
842 1356 983 1410 vestro:
1002 1366 1112 1409 pater
1137 1373 1231 1399 meus
1248 1362 1364 1402 cecidit
1385 1375 1450 1403 vos
1457 1363 1607 1415 flagellis
1623 1377 1638 1411 ,·
1669 1377 1724 1416 ego
1751 1371 1862 1404 autem

49 1411 176 1452 caedam
194 1424 259 1452 vos
267 1410 511 1466 ftorpionihus.

206 1471 317 1512 Nihil
335 1475 372 1512 in
394 1474 680 1526 gubernationis
697 1473 914 1526 primordiis
931 1477 1025 1515 tanti
1046 1475 1192 1526 refert,
1222 1489 1266 1517 ac
1283 1479 1455 1530 gloriosis
1466 1478 1694 1531 quibusdam
1716 1480 1862 1522 facino·

51 1532 155 1572 ribus
178 1531 444 1573 auetoritatem
463 1532 533 1574 fibi
567 1535 802 1573 conciliare:
830 1546 918 1574 nam
946 1535 1060 1575 semel
1085 1547 1192 1588 parta
1217 1549 1297 1577 non
1315 1537 1428 1578 facile
1454 1541 1592 1580 iterum
1624 1540 1858 1593 deperditur.

51 1591 146 1632 Ideo
170 1591 368 1634 Domitius
385 1592 560 1633 Corbulo
587 1590 713 1634 miss‘us
731 1595 768 1633 in
789 1594 1011 1634 Armeniam
1029 1595 1235 1648 tantopere
1259 1597 1456 1638 laborabat
1475 1627 1487 1647 ,
1518 1597 1601 1653 (f)
1630 1609 1671 1639 ut
1681 1599 1795 1651 fhmae
1809 1604 1860 1641 ina

40 1648 198 1703 serviret
215 1682 226 1701 ,
256 1664 333 1704 quae
355 1653 390 1692 in
411 1654 511 1693 novis
527 1655 644 1704 coeptis
659 1650 862 1707 validiffima
881 1652 940 1706 est.
999 1654 1026 1707 ζ
1034 1656 1094 1709 g)
1127 1654 1233 1695 Idem
1261 1658 1374 1695 etiam
1407 1659 1586 1709 Agricola
1613 1658 1707 1699 fecit
1727 1690 1741 1708 ‚
1770 1661 1860 1701 cum

49 1713 270 1752 Armeniam
293 1721 461 1765 regeret:
491 1711 567 1765 (h)
585 1725 650 1752 non
670 1715 815 1765 ignarus
833 1711 1136 1766 irstandumfamae
1152 1744 1166 1765 ,
1194 1713 1245 1759 ἐξ)
1262 1722 1369 1766 prout
1377 1719 1498 1772 prima
1511 1716 1662 1774 ccffiffimt
1674 1717 1776 1771 ,fore
1785 1722 1860 1761 zmi=

51 1768 164 1822 versa.

201 1829 415 1871 Periculosa
438 1830 587 1882 semper
603 1828 658 1870 est
683 1830 922 1884 comparatio
938 1831 1256 1884 gubernationem
1276 1836 1505 1887 praeteritam
1526 1838 1623 1877 inter
1641 1837 1679 1877 &
1702 1841 1862 1891 praesen-

50 1900 131 1931 tem
149 1889 316 1930 instituta
337 1890 359 1930 a
375 1891 526 1942 populo
543 1920 555 1939 ,
586 1890 614 1930 fi
630 1902 710 1930 non
721 1891 881 1931 eandem
906 1892 945 1931 in
968 1892 1041 1931 hac
1056 1922 1069 1942 ,
1099 1903 1214 1945 atque
1235 1895 1273 1934 in
1293 1894 1355 1933 illa
1371 1895 1662 1947 prosperitatem
1684 1901 1859 1950 reperiat,

48 1960 114 1990 aut
128 1952 167 1990 in
183 1948 406 1989 Succeffore
430 1961 510 1989 non
528 1948 660 1989 videat
681 1961 766 1989 eam
782 1951 1056 1992 humanitatem
1077 1980 1090 2002 ,
1121 1964 1184 1992 eas
1200 1954 1322 1993 bonas
1343 1953 1456 1993 dotes
1478 1954 1516 1994 δε
1535 1968 1758 1997 ornamenta
1778 1961 1855 1998 ani·

47 2011 126 2058 mi,
151 2010 289 2061 quibus
311 2007 536 2048 Anteceffor
551 2007 746 2049 floruerat.
807 2008 928 2049 Curet
951 2012 1081 2063 itaque
1098 2042 1112 2061 ,
1142 2013 1272 2064 quoad
1291 2011 1373 2052 fieri
1398 2013 1527 2065 potest
1544 2043 1558 2066 ,
1588 2029 1638 2055 ne
1664 2028 1816 2070 ternpus
1837 2020 1857 2058 a

46 2079 224 2121 tempore
238 2069 396 2109 nimiUm
411 2067 599 2121 discrepet
627 2081 640 2116 ς
669 2067 733 2109 sed
758 2077 801 2108 ut
818 2081 894 2109 una
914 2070 1128 2122 eademque
1164 2072 1340 2113 videatur
1365 2085 1498 2114 manus
1517 2104 1530 2124 ‚
1572 2089 1657 2127 quae
1687 2078 1855 2119 habenas

19 2156 21 2158 -
45 2129 279 2170 moderatur.
343 2128 465 2182 Quod
494 2128 524 2168 fi
552 2128 732 2180 Princeps
754 2126 924 2169 a6tiones
957 2131 1037 2170 suas
1060 2131 1112 2171 sic
1130 2131 1323 2173 instituere
1349 2144 1415 2172 aut
1432 2142 1512 2174 non
1535 2137 1646 2186 poffit
1663 2166 1675 2185 ,
1706 2148 1771 2177 aut
1789 2151 1855 2179 ne-

46 2190 137 2230 sciat
160 2202 170 2228 τ
199 2199 242 2228 ut
257 2187 366 2239 aeque
379 2201 423 2227 ac
446 2189 593 2240 priores
613 2189 789 2239 placeant
804 2187 981 2238 subditis,
1012 2191 1209 2232 minimum
1227 2203 1289 2232 eas
1305 2191 1425 2244 fugiat
1441 2194 1683 2245 occasiones,
1714 2199 1752 2236 in
1769 2201 1850 2250 qui-

45 2250 119 2289 bus
141 2247 224 2289 fieri
243 2248 354 2301 posfit
380 2249 631 2300 comparatio.
691 2246 790 2301 Quae
807 2250 916 2288 causa
931 2258 1011 2289 erat
1028 2279 1042 2300 ,
1072 2263 1140 2290 cur
1174 2250 1349 2291 Tiberius
1365 2280 1378 2300 ,
1407 2253 1528 2293 homo
1545 2255 1697 2295 severus
1718 2257 1755 2296 ἃ
1775 2270 1855 2298 me-

45 2310 281 2351 lancholicus
301 2338 315 2358 ,
350 2308 414 2363 (i)
445 2306 667 2361 spectaculis
690 2306 856 2359 publicis
888 2307 1116 2360 abstineret,
1146 2310 1293 2366 tristitia
1322 2311 1462 2352 scilicet
1490 2315 1642 2366 ingenii,
1684 2315 1736 2359 &³
1758 2327 1849 2358 metu

45 2371 304 2422 comparationis
326 2401 338 2418 ,
368 2370 452 2423 quia
476 2365 658 2420 Augustus
686 2370 821 2408 comiter
841 2367 1057 2423 interfuffit.
1121 2370 1252 2424 Quare
1273 2371 1503 2424 simulatque
1525 2374 1705 2428 Princeps
1718 2375 1766 2416 ad
1784 2390 1851 2430 gu-

46 2429 251 2469 bernacula
268 2428 400 2470 sedere
418 2429 576 2481 coeperit
590 2457 604 2477 ‚
633 2428 795 2479 inquirat
813 2438 972 2480 oportet
990 2460 1003 2479 ,
1033 2441 1117 2482 quae
1143 2441 1321 2484 ternpore
1346 2433 1630 2484 gubernationis
1651 2440 1851 2488 praeteritae

46 2490 86 2528 in
103 2488 195 2528 odio
223 2488 260 2528 δε
282 2488 578 2541 reprehensione
595 2486 765 2539 fuerint,
795 2500 846 2528 ne
865 2490 904 2528 in
928 2490 1096 2530 eundem
1132 2489 1235 2532 forte
1261 2491 1426 2544 lapidem
1451 2493 1636 2535 offendat.
1720 2497 1851 2549 Atque

46 2560 97 2589 ex
127 2549 199 2588 hac
214 2547 290 2600 ipsa
305 2551 433 2602 regula
459 2546 572 2589 Nero
594 2547 641 2587 ad
658 2548 861 2601 Imperium
878 2548 1038 2590 evectus
1057 2551 1213 2592 hortatu
1231 2563 1387 2601 eorum,
1409 2565 1572 2603 quorum
1588 2555 1747 2594 consilio
1768 2566 1849 2596 ute-

49 2610 183 2658 batur,
214 2605 284 2663 Ck)
297 2606 452 2659 formam
459 2606 587 2660 futuri
605 2606 1064 2663 Princzpatuspraescrspfit,
1080 2624 1121 2650 ea
1133 2614 1276 2652 maxime
1284 2611 1466 2661 declinans,
1485 2626 1628 2666 quorum
1649 2628 1765 2654 recens
1775 2616 1849 2668 fla-

42 2668 174 2722 grabai*
188 2667 333 2708 invidia,

196 2727 233 2779 ᾗ.
257 2727 376 2769 Porro
394 2727 487 2768 illud
510 2728 624 2768 etiam
653 2736 814 2769 conetur
836 2726 1040 2780 Princeps,
1070 2736 1113 2768 ut
1130 2728 1300 2769 actiones
1326 2729 1407 2769 suas
1425 2732 1595 2772 moribus
1622 2732 1775 2784 Patriae,
1809 2735 1847 2775 &

43 2787 220 2831 institutis
241 2787 436 2840 Majorum
461 2787 728 2829 accommodet
752 2804 763 2829 .·
791 2801 877 2829 nam
898 2787 935 2828 &
951 2790 1112 2828 virtutes
1141 2801 1264 2829 novas
1300 2788 1529 2831 successoris
1548 2817 1560 2839 -,
1590 2805 1675 2844 quae
1703 2796 1739 2833 in
1772 2795 1846 2835 An-

43 2846 230 2889 tecess'ore
245 2879 256 2897 ‚
287 2857 352 2887 aut
382 2848 584 2888 Provincia
603 2846 690 2888 alias
704 2849 794 2889 visae
816 2861 896 2889 non
917 2846 1073 2889 fuerunt
1090 2875 1101 2897 ,
1134 2849 1171 2888 in
1193 2850 1292 2888 vitiis
1317 2856 1490 2890 numerat
1505 2854 1673 2905 populus
1689 2883 1701 2903 ,
1733 2854 1847 2894 &de-

45 2907 214 2949 testatur.
290 2907 417 2948 Parthi
444 2907 656 2949 Vononem
676 2908 910 2950 suavioribus
924 2909 1061 2948 Romae
1081 2908 1107 2960 ζ
1117 2910 1182 2948 ubi
1201 2908 1444 2949 obfidisloco
1468 2910 1592 2952 fuerat
1608 2942 1620 2961 ,
1654 2914 1844 2955 imbutum

986 2967 1022 3007 T
1039 2979 1054 3008 t
1067 2978 1082 3007 t
1761 2986 1844 3013 mo-

149 3095 207 3140 (a)
224 3092 339 3129 Tacit.
358 3091 419 3129 lib.
445 3105 477 3128 1.
501 3093 630 3129 Annal.
686 3094 751 3141 (b)
772 3096 906 3132 Lucan.
959 3095 1017 3140 (c)
1032 3093 1137 3130 Arist.
1150 3094 1171 3130 1.
1188 3108 1222 3141 4.
1241 3096 1342 3144 polit.
1365 3109 1439 3147 cap.
1474 3110 1504 3133 1.
1556 3098 1616 3143 (d)
1638 3102 1706 3145 Ego
1722 3107 1844 3134 autem

47 3140 161 3180 adhuc
182 3144 353 3182 delicatus
372 3173 382 3190 ‚
408 3143 592 3187 &andrus
608 3150 692 3183 Rex.
709 3161 743 3183 2.
762 3149 853 3196 Reg.
880 3160 984 3195 3.39.
1014 3148 1089 3192 (e)
1119 3159 1151 3193 3.
1173 3148 1264 3195 Reg.
1293 3161 1411 3197 12.14.
1465 3149 1532 3194 (f)
1561 3147 1678 3183 rael.
1706 3152 1842 3194 13.An->

48 3195 399 3295 ἲιίῗ.13(.3ἐξὶεὲε3ιῖἰη
419 3197 495 3237 vita
509 3197 633 3248 Agric.
687 3200 748 3246 th>
774 3198 873 3238 Idem
887 3198 949 3237 lib.
972 3213 1002 3238 1.
1021 3199 1151 3238 Annal.
1205 3200 1227 3243 ζ
1228 3200 1259 3244 i)
1279 3201 1394 3240 Tacit.
1411 3200 1604 3238 huiumed.
1664 3199 1841 3250 (k)1dem
