2132 3730
318 269 398 322 196
743 255 1091 300 DIDACI
1145 254 1679 300 SAAVE‘DRAE.

1332 321 2087 332 ———-————--——..—.-..

319 319 1330 337 wffl

310 348 441 388 lubrica
467 347 574 385 oratio
579 339 644 392 stab
673 340 854 391 Panope,
885 341 945 393 qui
970 339 1158 379 libertatem
1190 339 1372 387 metuebat,
1399 339 1622 379 adulationem
1658 340 1784 380 oderat.
1843 341 1940 380 lllud
1971 351 2099 382 tamen

308 418 477 452 certum,
508 398 647 451 aliquid
664 397 830 438 dandum
849 398 1076 446 adulationi,
1105 406 1148 436 ut
1167 398 1316 438 veritati
1335 400 1443 438 locus
1461 398 1517 437 fit.
1580 399 1622 438 ln
1636 400 1736 438 nulla
1757 403 1914 440 omnino
1941 412 1981 440 re
1990 401 2097 441 blan-

310 468 400 513 diri,
431 461 484 502 est
503 460 675 499 accusare
691 459 839 507 omnia,
869 457 908 498 &
934 460 971 498 in
999 458 1272 511 gubernatione
1295 455 1379 513 (a)
1409 460 1579 510 corruptis
1605 458 1771 508 moribus,
1791 459 1933 509 perinde
1954 468 2100 512 anceps-3

297 527 337 579 fi
355 523 445 564 mtlla
460 550 471 568 ‚
501 518 552 564 &⁹
569 519 627 558 uhi
640 520 746 558 *turma
760 516 807 571 est
822 517 1006 572 csteatatio.
1066 516 1275 569 Desperata
1288 519 1445 556 omnino
1454 516 1557 557 foret
1569 518 1821 570 Respublica,
1845 519 1882 558 &
1899 519 1977 559 fine
1992 521 2100 560 omni

305 580 496 628 remedie,
529 579 708 630 Princeps
743 577 904 616 crudelis
936 576 1139 626 evaderet,
1169 575 1198 615 fi
1229 587 1303 615 nec
1331 578 1491 625 veritaS,
1522 588 1595 616 nec
1630 578 1797 617 adulatio
1829 580 2032 630 quicquam
2056 581 2097 619 in

301 654 391 683 eum
416 638 611 679 auderent.
685 637 816 689 Aspidi
840 636 933 677 effet
961 637 1086 676 fimilis
1106 667 1119 685 ,
1147 634 1175 674 fi
1203 647 1310 674 aures
1342 636 1538 676 obturaret
1564 635 1611 675 ad
1640 638 1737 676 illius
1763 637 1963 677 blanditias
1979 668 1992 687 ,
2023 639 2090 689 qui

300 713 392 742 eum
413 711 501 739 cum
517 697 695 750 prudenti
715 696 979 737 moderatione
1000 697 1046 735 ad
1069 693 1286 736 honestiora
1315 697 1432 734 vellet
1455 693 1541 749 (b)
1569 697 1777 747 impellere.
1836 696 1937 738 Cum
1955 698 2013 737 his
2042 707 2097 737 ta-

299 761 399 802 libus
414 760 665 800 comminatus
687 755 740 796 est
764 757 873 796 Deus
893 768 961 808 per
976 755 1175 807 Jeremiam
1197 754 1428 806 Prophetam
1451 757 1602 806 Populo
1619 755 1986 805 Hierosolymitano.
2012 754 2100 812 (c)

296 822 377 873 Ego
395 822 530 860 mittam
560 816 658 858 vobis
676 814 849 868 stupentes
870 815 1021 867 regulos,
1049 815 1173 869 quihus
1197 826 1261 854 non
1287 811 1335 863 est
1354 815 1565 854 incantatio.-
1597 814 1648 860 &9
1671 814 1867 855 mordebunt
1889 827 1964 855 vos.
2025 815 2099 855 Fe-

295 892 373 920 mx
397 880 542 919 animus
564 876 644 926 est,
677 878 742 927 qui
768 875 815 914 ad
845 876 998 914 suavem
1024 874 1062 914 &
1086 872 1297 915 modestam
1323 873 1486 924 aliquam
1517 873 1772 915 adulationem
1806 875 1990 926 pastiones
2014 875 2098 915 suas

297 951 379 980 non
411 938 593 990 deponit,
623 936 661 976 &
690 935 843 975 consilia
869 934 1012 974 saniora
1041 932 1116 974 una
1146 945 1234 973 cum
1265 934 1327 972 illa
1354 932 1517 972 suaviter
1542 934 1739 985 proposita
1770 935 1922 987 respuit.
1989 934 2094 988 Quia

291 1000 400 1039 enirn
421 999 581 1038 amarior
597 995 693 1035 solet
709 993 783 1034 effe
806 996 967 1042 veritas,
998 1005 1097 1046 opus
1120 992 1176 1033 est
1197 994 1300 1033 labra
1328 992 1453 1031 calicis
1470 991 1672 1032 dulcedine
1694 994 1817 1043 aliqua
1851 994 2017 1042 illinere,
2052 1003 2096 1034 ut

296 1058 491 1110 Principes
517 1054 666 1096 avidius
690 1065 774 1094 eam
798 1055 981 1094 hauriant.
1038 1052 1184 1093 Audire
1214 1063 1277 1092 eas
1295 1053 1452 1100 nolunt,
1477 1050 1505 1090 s1
1535 1051 1641 1091 ficcae
1672 1053 1762 1100 sint,
1793 1054 1883 1104 quin
1906 1052 2025 1093 immo
2049 1055 2096 1093 iis

296 1118 431 1157 auditis
440 1116 591 1169 pejores
606 1114 714 1158 fiunt,
745 1113 820 1168 (d)
834 1113 1009 1153 Tiberius
1022 1109 1133 1163 Caefhr
1141 1111 1300 1166 obsecram
1302 1111 1370 1163 fibi
1377 1107 1544 1160 adverfits
1551 1123 1625 1151 reos
1633 1112 1868 1151 inclementiam
1870 1115 2093 1163 pervicacius

291 1177 465 1230 mlestus
464 1174 556 1228 fuit.
616 1174 786 1226 Expedit
802 1173 992 1213 interdum
1002 1171 1232 1212 comendare
1249 1172 1287 1210 in
1304 1172 1348 1210 iis
1361 1171 1509 1223 egregia
1525 1171 1697 1221 quaedam
1713 1170 1894 1220 facinora,
1912 1180 2095 1222 tanquam

293 1237 322 1278 fi
339 1249 383 1276 ea
399 1233 623 1289 patrassent,
653 1244 695 1273 ut
720 1233 768 1273 ad
791 1245 836 1273 ea
867 1232 1050 1285 patranda
1072 1231 1296 1270 incitentur:
1326 1231 1444 1269 autin
1476 1228 1664 1270 laudanda
1690 1230 1935 1279 fortitudine,
1966 1231 2003 1270 &
2020 1233 2095 1270 vir-

293 1306 379 1337 tute
399 1295 559 1337 modum
591 1295 863 1346 aliquantulum
896 1291 1106 1340 excedere,
1137 1300 1180 1329 ut
1218 1288 1326 1330 tanto
1351 1290 1512 1341 amplius
1541 1291 1580 1330 in
1613 1292 1658 1330 iis
1681 1294 1875 1339 crescant3
1904 1291 1963 1330 his
1990 1292 2095 1331 enim

292 1357 483 1397 blanditiis
497 1355 614 1406 magis
642 1355 689 1394 ad
712 1351 930 1393 honestiora
960 1350 1213 1390 inflammatur
1244 1351 1409 1397 animuS,
1439 1347 1553 1399 quam
1579 1349 1838 1393 assentatione.
1899 1349 1989 1389 Nec
2019 1352 2096 1389 alio

290 1417 438 1463 modo,
467 1413 660 1454 referente
676 1413 838 1461 Tacito,
868 1411 1028 1450 Senatus
1050 1410 1251 1448 Romanus
1274 1408 1358 1447 usus
1388 1405 1443 1446 est
1463 1418 1551 1446 cum
1568 1406 1754 1458 Nerone,
1784 1409 1851 1448 sub
1870 1409 2017 1449 initium
2034 1410 2094 1449 su-

291 1478 411 1530 scepti
428 1476 473 1514 ab
495 1486 543 1513 eo
564 1473 715 1525 imperii
733 1471 803 1525 (e)
819 1472 922 1524 quam
937 1470 1068 1521 magnis
1085 1468 1239 1508 Patrmn
1265 1465 1423 1506 laudibus
1436 1497 1448 1515 ,
1478 1474 1518 1505 ut
1531 1468 1700 1520 juvenilis
1715 1471 1848 1507 animus
1863 1468 1988 1508 levium
2013 1482 2100 1522 quo-

290 1553 356 1594 que
374 1547 490 1576 rerum
502 1531 609 1585 glor-ici
624 1529 795 1582 fitblatus,
825 1532 968 1584 majores
985 1530 1208 1568 continuaret.
1270 1525 1366 1565 Illud
1388 1526 1596 1577 peffimum,
1624 1526 1652 1566 fi
1683 1528 1776 1566 vitia
1795 1526 1997 1566 laudentur
2010 1558 2021 1574 ,
2054 1526 2093 1566 δε

289 1596 498 1638 vestiantur
522 1593 707 1631 virtutum
723 1590 907 1635 nomine3
937 1589 1015 1626 hoc
1031 1588 1130 1626 enim
1148 1584 1202 1624 est
1216 1585 1383 1625 habenas
1406 1586 1450 1623 iis
1467 1586 1613 1633 laxare,
1644 1593 1687 1625 ut
1710 1584 1819 1625 tanto
1850 1587 2093 1625 committan-

291 1667 355 1696 tur
372 1653 538 1696 liberius.
601 1648 702 1689 cum
717 1648 867 1687 videret
898 1645 1011 1685 Nero
1043 1645 1317 1684 immanitatem
1341 1643 1443 1684 suam
1466 1655 1539 1695 pro
1562 1642 1701 1694 justitia
1730 1645 1882 1693 haberi,
1910 1648 2027 1698 magis
2045 1644 2094 1685 ad

285 1718 389 1757 illam
405 1713 441 1753 se
465 1709 492 1761 ζ
491 1706 527 1761 f
530 1706 550 1765 )
567 1706 684 1748 dedit.
743 1707 873 1747 Plures
888 1705 1081 1755 Principes
1104 1703 1270 1747 adulatio
1290 1703 1490 1754 improbos
1504 1702 1649 1753 reddit,
1681 1703 1795 1757 quam
1817 1704 1970 1744 malitia.
2002 1705 2094 1745 Pro-

287 1777 380 1829 priae
400 1768 538 1813 nostrae
557 1769 746 1817 libertati,
775 1765 940 1806 fortunis
961 1762 1095 1803 nostris
1110 1792 1122 1811 ,
1153 1762 1190 1801 δε
1213 1763 1301 1802 vitae
1316 1760 1418 1803 male
1442 1762 1693 1814 consulimus,
1721 1763 1749 1803 fi
1774 1762 1947 1816 injustam
1988 1765 2092 1805 Prin-

287 1838 418 1889 cipum
433 1829 648 1884 potentiam
676 1837 859 1867 conemur
879 1822 1089 1864 extendere
1108 1823 1285 1871 ulterius,
1313 1822 1594 1874 suppeditando
1623 1824 1667 1863 iis
1691 1823 1841 1873 media,
1871 1825 2009 1876 quibus
2036 1827 2090 1864 in-

289 1896 454 1935 domitas
486 1889 567 1927 suas
589 1887 816 1938 cupiditates
846 1885 887 1924 δι
919 1881 1078 1922 affectus
1104 1883 1295 1932 expleant.
1357 1882 1438 1921 Vix
1454 1883 1654 1933 improbus
1681 1881 1778 1925 effer
1792 1883 1998 1936 Princeps,
2021 1884 2090 1924 nili

290 1951 456 1994 Ministri
481 1945 599 1988 effent
629 1945 857 1985 adulatores.
917 1940 1111 1983 Gratiam.
1143 1952 1256 1990 quam
1286 1941 1491 1979 virtutibus
1527 1942 1631 1980 haud
1657 1954 1952 1993 promerentur,
1981 1944 2091 1983 malis

289 2013 453 2067 publicis
477 2015 723 2057 aucupantur.
784 2003 822 2042 O
844 2000 1024 2055 grandem
1054 2000 1343 2050 malignitatem,
1373 2011 1445 2050 pro
1468 2010 1741 2039 momentaneo
1758 2002 1886 2052 aliquo
1926 2002 2089 2052 favore,

290 2075 355 2126 qui
374 2068 470 2123 saepe
485 2077 535 2105 ne
556 2066 720 2105 obtineri
738 2062 892 2115 quidem
908 2058 1064 2110 potest,
1096 2067 1160 2097 aut
1182 2059 1306 2097 exitio
1324 2056 1378 2096 est
1404 2058 1554 2110 potius,
1584 2059 1686 2097 suam
1709 2060 1876 2110 prodere
1904 2061 2089 2112 Patriam,

290 2134 327 2173 &
341 2125 559 2182 tyrannides
582 2136 704 2164 meras
722 2124 759 2162 in
776 2132 934 2174 regnum
950 2120 1130 2158 evehere.
1194 2117 1302 2169 Quid
1327 2118 1490 2165 mirum,
1522 2116 1628 2167 quod
1657 2118 1769 2157 Deus
1796 2120 1847 2157 ob
1870 2120 2089 2173 Principum

288 2191 426 2232 deusta
448 2183 600 2237 castiget
621 2183 815 2231 subditos,
845 2182 871 2221 fi
895 2181 1045 2219 illorum
1067 2177 1106 2216 hi
1128 2177 1235 2214 causa
1259 2176 1350 2224 smt,
1381 2175 1471 2215 dum
1492 2174 1671 2227 Princeps
1697 2189 1766 2229 per
1785 2176 1983 2220 Ministros
1999 2182 2089 2220 suos

287 2253 415 2292 omnia
435 2245 603 2301 peragit,
634 2244 699 2295 qui
714 2243 819 2282 illum
837 2243 965 2282 varios
983 2237 1151 2277 edocent
1177 2236 1316 2275 modos
1338 2237 1526 2287 populum
1544 2236 1692 2276 tributis
1719 2237 1930 2287 onerandi,
1959 2241 2089 2292 oppri-

287 2311 416 2353 mendi
432 2304 712 2350 Nobilitatem‚
743 2302 781 2342 δι
796 2299 1112 2354 gubernationem
1135 2294 1391 2335 convertendi
1423 2297 1460 2335 in
1486 2295 1747 2345 tyrannidem,
1771 2298 1954 2338 violando
1969 2302 2088 2352 privi-

287 2374 402 2425 iegia,
432 2367 569 2408 statuta
590 2363 628 2402 &
644 2360 938 2403 consuetudines
959 2358 1112 2411 patriae,
1140 2355 1179 2395 &
1196 2356 1435 2395 executionis
1461 2354 1601 2396 deinde
1631 2355 1876 2397 instrumenta
1899 2358 1997 2405 sunt.

382 2544 439 2590 (a)
462 2542 548 2577 Tac.
568 2538 630 2576 lib.
649 2551 686 2586 4.
710 2537 841 2581 Annal,
891 2536 952 2582 (b)
977 2538 1083 2571 Furor
1097 2533 1164 2571 iuis
1170 2530 1358 2578 ficundum
1365 2531 1635 2582 similitudinem
1638 2530 1826 2586 serpentis:
1837 2531 1933 2583 ficut
1954 2531 2085 2585 aspidis

277 2593 388 2644 sscrdae
401 2621 411 2634 ‚
438 2591 483 2636 ὠ
499 2590 698 2629 obturantis
715 2604 817 2627 aures
823 2585 922 2634 ficas.
972 2589 1065 2640 Qa
1085 2599 1152 2623 non
1166 2583 1336 2622 exaudiet
1350 2599 1467 2623 vocem
1483 2587 1747 2624 incantantium
1757 2614 1766 2629 ‚
1790 2584 1836 2629 ὀ·
1857 2585 2005 2636 venefici
2029 2588 2084 2623 in-
2130 2610 2132 2621 2

284 2647 467 2705 cantantis
479 2645 671 2697 sapienter.
697 2643 784 2680 Psal.
811 2654 868 2689 57·
896 2641 979 2703 5.‹3{
996 2645 1031 2676 6·
1105 2640 1162 2686 (C)
1187 2641 1255 2687 Jer.
1280 2645 1312 2680 8·
1338 2650 1394 2685 17.
1449 2640 1509 2685 (d)
1535 2639 1650 2676 Tacit.
1676 2639 1737 2677 lib.
1762 2653 1797 2688 4.
1819 2639 1948 2676 Annal.
2025 2642 2085 2686 (e)
2129 2625 2132 2702 l

284 2702 384 2737 Idem
403 2699 462 2735 lib.
487 2710 543 2745 13.
567 2695 695 2733 Annal.
747 2694 811 2744 (f)
838 2690 1016 2746 Postquam
1034 2691 1163 2730 cuneta
1173 2687 1341 2739 stelerum
1358 2701 1423 2744 pro
1442 2693 1592 2746 egregiis
1620 2694 1727 2746 accipi
1740 2690 1844 2730 videt
1863 2718 1874 2733 ,
1908 2689 2081 2730 exturbat
2131 2743 2132 2746 Ἰ

286 2752 495 2790 octaviam:
522 2750 622 2786 Idem
638 2748 703 2786 lib.
727 2761 765 2798 4.
792 2745 923 2789 Annal.

1871 3208 2074 3274 SYM-
2116 3187 2119 3200 ε’
