2132 3730
0 3310 6 3434 l

0 3454 5 3547 l

502 245 1479 289 SYMBOLAPOLITICA.
1809 250 1888 302 361

96 342 203 373 turos
225 332 378 371 minime
387 329 570 380 prospicit
586 341 599 376 3
630 331 712 369 haec
727 329 824 370 vero
852 341 959 370 metu
978 331 1134 370 sollicita
1153 331 1300 381 semper
1316 332 1460 387 arma'in
1472 340 1656 382 promptu
1675 328 1746 384 (a)
1765 330 1894 372 habet.

94 391 135 431 Si
157 391 345 442 disciplina
370 390 536 428 militaris
560 389 828 440 conquiescat,
859 402 932 429 nec
958 391 995 429 in
1021 392 1206 430 continuo
1230 389 1399 430 servetur
1447 391 1654 439 exercitio,
1688 389 1895 430 effoeminat

95 453 215 491 otium
238 451 383 489 animos
400 478 413 497 ,
442 446 647 487 labefattat
666 459 711 487 ac
734 446 862 488 sternit
883 461 1013 489 muros
1028 481 1039 498 ‚
1072 451 1233 501 aerugine
1250 449 1410 490 obducit
1426 450 1571 503 gladios
1588 479 1601 500 ,
1631 449 1669 489 &
1702 449 1895 490 scutorum

92 511 266 563 ligaturas
293 507 463 547 corrodit
484 519 497 555 ς
527 507 730 560 augescunt
751 509 882 548 sensim
910 521 998 549 cum
1020 520 1070 548 eo
1093 510 1237 549 deliciae
1257 540 1268 558 ,
1300 510 1336 549 &
1355 509 1571 550 dominatur
1602 510 1774 558 ambiti0‚
1794 510 1898 549 unde

93 568 285 608 discordiae
303 569 474 607 oriuntur
495 596 508 615 ‚
537 578 588 607 ex
606 567 663 607 his
687 567 783 608 vero
817 569 916 609 bella
941 570 1091 618 civilia,
1120 568 1296 621 adeoque
1335 570 1530 622 experitur
1562 570 1772 622 respublica
1801 571 1898 609 mala

91 631 248 678 omnia,
279 627 317 667 ὅτ
343 625 578 672 infirmitates
612 628 840 677 interiores,
876 641 968 680 quas
999 638 1176 681 procreat
1201 629 1383 669 otiositas.
1442 628 1604 680 Absque
1635 631 1761 681 aliquo
1785 641 1896 669 motu

92 700 153 728 res
178 700 251 727 nec
276 686 447 726 crescunt
466 716 480 735 ,
508 697 582 727 nee
626 687 909 728 conservantur.
970 689 1138 741 Quintus
1166 687 1351 728 Metellus
1372 719 1384 738 ‚
1429 700 1593 740 accepto
1627 691 1769 728 nuncio
1791 688 1840 728 de
1862 701 1898 728 a·

90 746 192 787 missa
209 747 436 799 Carthagine
454 775 466 795 ,
496 745 620 798 palam
639 747 775 787 Romae
796 749 835 787 in
856 747 998 787 Senatu
1019 747 1171 788 dicebat
1189 761 1201 796 ς
1232 748 1268 787 se
1294 748 1371 799 jam
1401 748 1481 799 ejus
1516 749 1660 788 ruinam
1689 759 1863 788 metuere
1882 776 1895 796 ,

89 806 291 859 postquam
311 805 608 858 Rempublicam
631 807 729 846 illam
750 806 976 847 destrudffim
997 818 1184 851 cerneret.
1243 808 1396 848 Publius
1422 807 1563 848 Nasica
1598 806 1686 847 cum
1705 808 1898 849 dicentem

90 865 236 907 audiret
255 896 268 914 ‚
297 879 356 906 res
373 868 424 906 ob
449 864 654 905 successum
678 868 784 906 illum
807 879 910 907 nunc
928 869 1078 907 meliori
1107 865 1181 906 esse
1203 869 1293 907 loco
1313 898 1325 917 ‚
1359 868 1553 919 respondit
1580 877 1592 910 t
1622 868 1724 908 Immo
1754 880 1837 906 vero
1864 870 1900 907 in

88 927 211 981 majori
230 938 317 966 nunc
345 920 686 977 ἰἐζβινιῑῖινρενὶειιίο
711 940 723 965 .·
751 927 891 966 sciebat
904 929 1080 967 nimirum
1098 957 1111 976 ,
1141 927 1295 967 hostiles
1317 929 1396 967 illas
1421 930 1522 968 vires
1545 930 1652 967 velut
1670 927 1789 966 undas
1811 927 1901 974 esre,

90 999 174 1037 quae
201 986 367 1025 Romam
400 995 654 1025 concuterent
681 985 834 1037 quidem
857 1016 868 1035 ‚
911 987 974 1026 sed
994 985 1196 1026 fortiorem
1227 1000 1271 1026 ac
1294 986 1500 1028 firmiorem
1529 989 1753 1035 efficerent,
1783 997 1899 1038 atque

88 1046 178 1085 ideo
196 1046 370 1086 hortatus
389 1057 456 1084 eos
473 1044 563 1095 est.¹
593 1055 802 1094 caverent,
832 1058 882 1085 ne
901 1046 1089 1099 semetipsi
1110 1046 1346 1099 perderent,
1378 1046 1466 1103 (b)
1492 1050 1612 1088 timens
1639 1048 1778 1086 scilicet
1801 1045 1899 1099 iufir-

86 1108 150 1144 mis
167 1107 289 1145 animis
309 1103 429 1158 hostem
450 1102 689 1153 securitatem,
719 1104 770 1149 &³
796 1113 962 1159 tanquam
973 1109 1110 1158 pupillis
1125 1107 1260 1146 civibus
1276 1106 1425 1146 idoneum
1445 1115 1588 1148 tutorem
1608 1105 1855 1160 neccffilrium
1847 1108 1899 1146 ui-

86 1165 168 1204 deas
189 1162 246 1218 effi
262 1172 340 1205 terr
341 1177 440 1204 orem
516 1164 702 1203 Suinthila
731 1163 955 1206 Gothorum
987 1166 1075 1206 Rex
1097 1167 1135 1206 in
1161 1165 1344 1217 Hispania
1361 1178 1518 1219 magnus
1533 1166 1631 1206 fuit:
1661 1167 1698 1206 &
1716 1169 1755 1206 in
1779 1165 1900 1205 actio-

89 1225 202 1264 nibus
220 1226 290 1263 suis
309 1236 352 1262 ac
380 1223 612 1264 facinoribus
637 1224 820 1276 gloriosus
838 1256 850 1274 ‚
883 1225 1012 1277 quoad
1038 1226 1138 1265 bella
1151 1226 1283 1278 gestit,
1312 1226 1420 1266 simul
1449 1238 1492 1266 ac
1520 1226 1586 1267 ista
1608 1223 1775 1274 desiere,
1808 1226 1900 1266 deli-

85 1284 153 1322 ciis
173 1283 247 1322 sese
265 1283 410 1322 dedidit
428 1314 440 1331 ,
471 1296 515 1322 ac
540 1285 665 1335 periit.
727 1285 815 1324 Rex
835 1285 1053 1336 Alphonsus
1071 1285 1211 1324 Sextus
1234 1287 1459 1338 expendens
1469 1286 1616 1334 clades,
1634 1298 1726 1337 quas
1750 1285 1770 1325 ‘a
1783 1284 1903 1324 Mau-'

85 1344 133 1382 ris
158 1354 359 1395 acceperat
378 1373 388 1390 ,
421 1344 566 1382 causam
585 1342 788 1382 sciscitatus
815 1343 868 1382 est
886 1374 898 1392 ‚
932 1345 970 1384 ἃ.
987 1346 1206 1396 responsum
1230 1347 1282 1385 illi
1300 1345 1373 1385 fuit
1393 1376 1404 1394 ,
1437 1346 1457 1384 a
1493 1347 1646 1385 suorum
1674 1347 1757 1385 otio
1774 1345 1811 1384 &
1829 1345 1895 1384 de·

85 1403 177 1443 liciis
204 1401 269 1441 ista
286 1400 459 1442 manasse.
523 1401 654 1452 Quare
676 1413 770 1439 mox
785 1402 920 1441 balnea
939 1403 1156 1442 &lautitias
1178 1405 1291 1452 alias,
1323 1415 1406 1455 quae
1423 1406 1523 1444 vires
1540 1405 1748 1458 infringunt
1765 1434 1777 1452 ,
1806 1417 1897 1455 pro-

86 1463 221 1502 hibuit.
306 1461 370 1501 Ob
391 1472 516 1500 rerum
534 1461 705 1500 omnium
733 1461 915 1500 incuriam
932 1461 969 1500 &
989 1462 1102 1514 segne
1121 1463 1243 1501 otium
1266 1464 1418 1514 Regum
1432 1464 1616 1503 Roderici
1643 1467 1680 1504 δε
1712 1463 1781 1517 (c)
1812 1462 1899 1503 Wi-

87 1524 171 1563 tiz'ae
196 1530 278 1561 tota
292 1520 404 1573 poene
428 1518 609 1571 Hispania
627 1519 731 1559 Afris
754 1520 792 1558 in
805 1520 970 1570 praedam
993 1522 1094 1560 ceffit
1113 1552 1123 1569 ,
1156 1521 1283 1561 donec
1299 1521 1615 1563 reflorescentem
1625 1523 1789 1575 Pelagio,
1801 1524 1897 1574 ejus-

87 1593 163 1633 que
183 1579 454 1620 successoribus
476 1575 606 1619 militia
634 1606 646 1625 ,
676 1577 868 1618 fortitudo
891 1581 1003 1619 etiam
1025 1580 1062 1619 δε
1082 1582 1201 1632 gloria
1227 1583 1393 1621 militaris
1421 1583 1556 1622 affidua
1581 1585 1822 1622 aemulatione
1840 1585 1897 1623 in·

85 1649 323 1681 crementum
344 1635 558 1692 sumpsere,
587 1638 625 1677 &
647 1636 866 1689 Hispaniam
884 1651 963 1679 non
984 1640 1103 1679 solum
1130 1638 1150 1678 a
1178 1639 1366 1680 durissimo
1392 1642 1457 1680 illo
1472 1641 1565 1694 jugo
1582 1640 1808 1690 liberarunt,
1827 1642 1894 1682 sed

87 1702 202 1741 etiam
232 1712 376 1753 magnae
393 1699 547 1750 alicujus
563 1696 804 1737 Monarchiae
821 1709 936 1750 caput
953 1697 1243 1744 constituerunt,
1323 1700 1572 1740 Concertatio
1613 1703 1711 1741 inter
1742 1703 1896 1742 ordines

85 1761 266 1801 militares
292 1758 462 1800 Castellae
486 1758 648 1812 insignes
670 1759 821 1810 peperit
836 1758 990 1798 Heroe's
1011 1791 1023 1808 ,
1049 1771 1213 1810 quorum
1241 1761 1372 1811 potius
1391 1759 1554 1800 studium
1577 1760 1651 1800 fuit
1669 1763 1825 1802 vincere
1841 1763 1898 1809 in-

86 1830 145 1860 ter
164 1821 200 1860 se
208 1821 328 1873 gloria
348 1820 522 1869 militari,
536 1830 651 1870 quam
667 1816 817 1857 hostem
835 1817 1036 1859 debellare.
1068 1818 1282 1871 Nunquam
1298 1819 1453 1860 Domus
1473 1820 1667 1860 Austriaca
1684 1820 1732 1861 ad
1748 1831 1896 1862 tantum

88 1879 307 1921 ascendisset
322 1878 510 1933 fastigium
527 1907 541 1928 ,
569 1878 600 1918 fi
620 1879 701 1917 otio
719 1878 866 1930 semper
880 1877 1010 1917 relicta
1032 1877 1171 1918 fuiffet.
1229 1879 1367 1919 Iisdem
1381 1880 1514 1920 mediis
1528 1882 1686 1931 ‚quibus
1705 1893 1788 1921 eam
1807 1881 1896 1922 ster-

85 1952 180 1980 nere
199 1942 370 1993 cogitant
389 1939 540 1986 aemuli,
564 1937 708 1979 fortior
729 1938 791 1976 illa
820 1937 992 1978 redditur
1020 1937 1058 1978 δε
1085 1939 1298 1990 gloriosior,
1360 1937 1381 1994 (
1400 1939 1462 1993 d>
1495 1940 1594 1979 Nam
1614 1949 1734 1992 pacem
1757 1950 1895 1993 agentes

85 2008 253 2053 tanquam
264 1997 411 2051 ferrum
431 1997 538 2051 quod
559 2008 640 2037 non
672 1996 872 2048 usurpatur
887 2028 900 2047 ,
919 1994 1126 2048 splendorem
1146 2001 1333 2037 amittzmt:
1363 1999 1550 2038 Potentiae
1567 2001 1733 2040 minores
1750 2002 1894 2052 absque

86 2061 196 2099 armis
222 2059 437 2099 conservari
467 2055 621 2109 poffunt
645 2068 683 2096 at
697 2068 778 2097 non
792 2056 984 2108 majores:
1013 2059 1052 2097 in
1075 2057 1147 2096 illis
1172 2059 1272 2097 enim
1295 2070 1374 2098 non
1397 2057 1504 2109 aequ'e
1523 2057 1577 2098 est
1593 2059 1741 2100 difficile
1758 2060 1894 2099 Fortu-

86 2132 174 2160 nam
194 2119 343 2159 servare
360 2119 543 2170 aequalem
556 2146 568 2166 ,
599 2126 715 2168 atque
731 2118 769 2155 in
787 2116 867 2164 his,
890 2115 912 2155 e
930 2117 1066 2167 quibus
1086 2116 1155 2156 nifi
1174 2129 1274 2156 arma
1292 2119 1489 2157 mittantur
1518 2116 1621 2156 foras
1637 2149 1649 2166 ‚
1679 2120 1778 2159 intus
1802 2119 1893 2160 belli

20 2176 25 2179 s
88 2181 276 2219 excitatur
296 2177 538 2218 incendium:
567 2184 610 2214 ut
629 2176 814 2215 Romauae
832 2175 1071 2215 Monarchiae
1083 2175 1238 2215 accidit:
1271 2175 1340 2229 (e)
1376 2178 1482 2218 Vetus
1504 2189 1545 2215 ac
1549 2176 1627 2229 jam
1641 2178 1777 2228 pridem
1794 2181 1892 2232 fsgsir‘a

84 2237 285 2279 mortalibus
304 2238 467 2289 potentiae
491 2233 607 2287 cupido
624 2265 636 2283 ‚
650 2248 723 2274 cum
739 2233 878 2286 Imperii
898 2233 1128 2287 magnitudine
1149 2234 1318 2283 adolevit,
1347 2238 1536 2289 crzaepitque.
1597 2237 1695 2276 Nam
1711 2238 1811 2277 rebus
1826 2253 1892 2278 mo·

83 2298 167 2338 dicis
184 2329 196 2347 ‚
227 2297 411 2350 aequalitas
429 2292 538 2346 facile
574 2294 766 2334 habebatur
788 2325 802 2343 ‚
842 2293 886 2333 ed
899 2293 957 2333 ubi
969 2291 1109 2345 fiebacto
1131 2294 1209 2334 orbe
1220 2325 1233 2344 ,
1264 2293 1316 2339 ἓξ)
1337 2296 1466 2334 aemzdis
1491 2295 1644 2334 Urbibus
1670 2297 1891 2351 Regiumque

84 2355 200 2410 excisis
212 2387 225 2406 ,
252 2352 387 2404 securas
404 2362 480 2406 opes
505 2356 640 2405 concupi
651 2367 725 2393 cere
740 2367 888 2394 vacuam
905 2351 1120 2405 fitit‚prima
1131 2356 1223 2394 inter
1244 2353 1378 2394 Patres
1387 2354 1580 2408 plebemque
1595 2359 1780 2396 certamina
1789 2370 1891 2397 exar-

86 2417 175 2456 se‘re.
232 2414 482 2455 Fortitudinis
521 2414 712 2452 aemulatio
730 2444 740 2462 ,
771 2426 856 2465 quae
876 2413 1058 2452 adversus
1081 2412 1229 2453 hostem
1258 2416 1427 2453 exerceri
1450 2414 1544 2453 solet
1569 2443 1581 2463 ,
1611 2426 1660 2454 eo
1685 2414 1890 2456 deficiente

86 2477 185 2514 inter
209 2474 304 2526 ipsas
329 2474 498 2514 Naturas
524 2472 776 2512 succenditur.
848 2472 1008 2523 Experti
1025 2472 1064 2511 id
1090 2470 1197 2513 fuere
1219 2473 1401 2513 Germani
1423 2504 1436 2523 ,
1469 2474 1623 2525 quando
1653 2472 1739 2529 (f)
1768 2475 1891 2530 deccffis

42 2562 45 2568 -
85 2535 347 2583 Romanorum,
378 2547 419 2572 ac
433 2534 539 2573 vacui
560 2539 698 2572 externo
723 2539 813 2571 meta
837 2534 949 2583 gentis
968 2529 1203 2585 afflietudiae‚
1233 2533 1285 2577 ἑὲ)
1315 2541 1388 2572 tum
1417 2533 1627 2572 aenmlattone
1650 2534 1769 2585 gloriae
1788 2549 1889 2575 arma

85 2591 168 2645 inse
187 2601 386 2633 verterunt.
445 2593 524 2633 Pax
541 2592 693 2643 Imperii
711 2591 878 2631 Romani
894 2601 1051 2631 cruenta
1069 2591 1167 2631 fuit.
1199 2604 1247 2632 ex
1268 2593 1328 2632 illa
1347 2593 1447 2631 enim
1465 2593 1564 2631 bella
1582 2594 1707 2632 civilia
1725 2593 1750 2647 <
1758 2608 1782 2646 g
1793 2593 1889 2647 >or-

85 2663 167 2694 tum
181 2649 350 2693 habuere
370 2665 381 2691 .·
410 2652 486 2705 (h)
511 2648 666 2702 Cherusci
681 2653 818 2692 nimiam
835 2663 876 2691 ac
888 2658 1087 2691 marcentem
1103 2650 1161 2691 diu
1168 2660 1287 2703 pacem
1303 2650 1462 2705 illaceffiti
1478 2653 1678 2691 nutrierunt
1692 2683 1704 2702 ,
1728 2653 1827 2708 idque
1826 2656 1889 2708 ja·

83 2713 226 2754 czmdius
241 2742 253 2761 ‚
283 2714 386 2766 quam
404 2715 513 2752 tutius
529 2708 622 2762 fuit.
690 2711 762 2751 Per
781 2710 880 2751 bella
899 2712 936 2751 in
955 2711 1164 2750 Provinciis
1184 2711 1344 2763 Belgicis
1367 2712 1491 2750 civilia
1513 2713 1551 2750 in
1569 2709 1750 2763 Hispania
1771 2710 1888 2753 desi&-

83 2785 126 2813 re
146 2772 295 2812 diffidia.
357 2771 563 2811 Plurimum
591 2770 670 2821 ejus
694 2770 938 2812 Monarchiae
961 2769 1109 2822 profuit
1133 2770 1300 2822 palaestra
1327 2771 1388 2810 illa
1418 2770 1455 2810 &
1476 2771 1603 2810 schola
1623 2775 1754 2812 martia
1776 2803 1788 2821 ‚
1820 2775 1887 2813 ubi

85 2832 210 2872 doc'tae
227 2831 264 2872 &
284 2832 499 2870 exercitatae
517 2827 627 2869 fuere
650 2839 710 2869 tot
731 2840 830 2871 artes
850 2832 1027 2871 militares
1047 2843 1058 2876 ς
1090 2830 1159 2870 etsi
1183 2830 1367 2870 institutio
1389 2831 1471 2870 haec
1490 2830 1527 2870 &
1556 2829 1747 2883 disciplina
1771 2832 1884 2872 hosti-

82 2892 155 2932 bus
176 2892 289 2931 etiam
309 2890 346 2930 &
375 2891 516 2931 aemulis
539 2892 752 2930 communis
774 2890 888 2931 fuerit
911 2921 922 2939 ,
953 2890 1051 2931 adeo
1070 2899 1113 2930 ut
1139 2902 1272 2930 omnes
1296 2889 1379 2930 fere
1405 2889 1572 2942 Europae
1606 2890 1799 2944 Principes
1832 2905 1885 2931 ar·

82 2964 235 2992 morum
266 2950 371 2990 usum
396 2951 449 2990 ibi
470 2948 701 2996 didicerint3
731 2951 905 3002 quamvis
925 2951 1018 2990 item
1039 2962 1263 3003 magnorum
1285 2949 1401 2990 fuerit
1432 2949 1671 3002 sumptuum,
1701 2953 1799 2991 bella
1823 2964 1885 3004 ge-

83 3023 168 3051 rere
201 3013 240 3052 in
261 3010 471 3051 Provinciis
489 3019 565 3049 tam
580 3010 738 3049 turbatis
761 3010 800 3050 ὅτ.
831 3008 946 3062 longe
966 3009 1111 3059 dissitis,
1142 3021 1229 3050 curn
1250 3021 1354 3049 tanta
1378 3011 1559 3063 sanguinis
1581 3010 1827 3063 profusione,
1846 3012 1885 3050 &

914 3068 951 3109 Y
962 3080 989 3119 y
1002 3081 1028 3119 y
1039 3080 1066 3119 y
1807 3081 1884 3111 tam

187 3161 243 3201 (a)
251 3160 394 3211 Sagitta
408 3160 480 3206 ejus
494 3168 600 3194 acuta
614 3156 659 3200 (ῤ’
675 3170 787 3194 omnes
802 3171 905 3195 arcus
915 3159 987 3204 ejus
1013 3159 1164 3195 extenti.
1221 3158 1356 3210 Ungula
1370 3173 1531 3217 equorum
1550 3160 1636 3205 ejus,
1649 3168 1691 3193 ut
1693 3157 1734 3207 s
1730 3158 1800 3195 lex
1819 3160 1881 3196 Isa.

38 3203 41 3205 ⁵
89 3221 122 3254 5.
140 3216 201 3250 28·
263 3212 330 3260 (b)
357 3214 390 3248 S.
407 3211 556 3260 August.
613 3206 681 3258 (c)
703 3211 794 3246 Mar.
822 3209 899 3247 hist.
917 3209 1015 3261 Hisp.
1030 3211 1101 3248 16.
1119 3223 1150 3247 c·
1170 3217 1231 3253 28.
1282 3212 1343 3258 (d)
1373 3212 1475 3248 Arist.
1491 3211 1552 3247 lib.
1571 3227 1604 3259 7.
1633 3211 1740 3247 Polit.
1766 3223 1795 3248 c.
1821 3224 1877 3259 14.

84 3264 142 3306 (e)
167 3262 251 3297 Tac.
269 3262 293 3298 1.
320 3276 355 3300 2.
374 3262 464 3300 Hist.
517 3262 595 3311 (f)
625 3262 765 3299 ideml.
783 3275 817 3298 2.
835 3263 963 3298 Annal.
1016 3263 1084 3311 (g)
1111 3260 1316 3313 Pacemstne
1329 3261 1595 3316 dubiopesthaec.
1621 3263 1746 3300 veram
1763 3277 1882 3301 cruen-

86 3321 175 3350 tam.
198 3313 521 3357 Tac.1.1.Anna1.
574 3317 637 3363 (b)
662 3316 762 3354 Idem
783 3314 827 3353 de
850 3327 943 3353 mor.
962 3315 1086 3352 Germ.
