2132 3730
247 305 332 351 313
683 291 1032 334 DJDACJ
1081 284 1617 333 SAAVEDRAE.

231 393 321 437 pene
337 381 456 422 verbis
478 375 653 419 Ovidius.-
682 375 774 429 quod
792 384 889 416 caret
905 371 1041 415 alterna
1058 376 1177 427 requie
1198 373 1352 415 durabile
1382 386 1445 414 non
1486 373 1545 427 est.
1632 373 1758 430 Etiam
1799 374 1875 426 agri
1893 372 1957 412 sua
1991 373 2045 412 in·
2102 389 2103 393 ¹

241 444 371 496 digent
392 439 521 490 quiete
542 466 556 486 ,
585 445 628 475 ut
644 436 806 487 majores
826 434 966 475 deinde
983 431 1131 474 fruetus
1164 433 1377 485 proferant.
1452 433 1548 474 Otio
1578 434 1700 474 virtus
1719 432 1962 480 instauratur,
2005 432 2046 472 &
2102 449 2103 457 κ

240 504 341 543 vires
365 499 509 550 colligit
528 526 541 546 ,
567 495 671 535 haud
692 497 798 535 aliter
818 494 894 550 (a)
927 507 971 546 ac
996 494 1086 534 fons
1107 505 1215 546 aquae
1239 494 1401 534 salientis
1424 493 1550 548 (icon
1569 495 1762 549 praesentis
1771 489 2046 547 Emblematis)

242 563 271 603 fi
290 573 334 602 ea
351 559 528 600 manibus
552 557 841 609 comprimatur.

380 683 403 693 -
421 682 444 695 -
461 684 480 695 -
525 651 659 704 Vires
686 649 888 721 instillat
908 684 922 707 ‚
957 648 1142 718 alitque

379 722 691 793 Tempssiva
720 724 857 792 quies
880 739 892 772 :
928 723 1093 791 major
1115 717 1218 790 post
1237 720 1337 770 otia
1370 720 1551 771 virtus.

239 850 403 894 obeam
426 849 574 889 causam
599 846 682 888 dies
707 846 746 887 &
762 858 844 886 nox
865 846 980 886 horas
1005 847 1057 885 ita
1085 845 1215 897 partiti
1248 842 1332 883 sunt
1349 873 1362 893 ‚
1392 852 1436 883 ut
1455 844 1536 884 aliae
1553 841 1696 882 diurnis
1713 842 1931 892 laboribus,
1966 841 2048 882 aliae
2104 848 2132 884 ³1*

239 911 437 953 noeturnae
459 909 579 962 quieti
599 907 844 947 destinentur.
903 905 1012 945 Dum
1030 904 1184 945 dimidia
1206 913 1314 944 terrae
1332 915 1418 955 pars
1436 904 1546 955 operi
1567 903 1767 956 invigilat,
1795 903 1970 943 somnum
1988 914 2049 941 ca-
2115 899 2132 935 ¹1

237 975 296 1026 pit
311 973 438 1011 altera.
497 968 564 1009 De
580 968 667 1020 ipso
684 966 787 1019 Jove
802 965 913 1006 finxit
934 967 1153 1018 Antiquitas
1174 994 1186 1014 ,
1216 965 1251 1003 ei
1282 965 1479 1004 Atlantem
1504 962 1707 1014 aliquando
1732 975 1769 1002 m
1790 965 1888 1003 coelo
1916 963 2074 1003 hume-f
2130 972 2132 990 ¹

237 1034 287 1073 ris
311 1028 526 1071 sustinendo
547 1027 766 1069 succedere.
828 1025 1105 1066 Robustillimae
1133 1026 1248 1065 etiam
1266 1026 1369 1064 vires
1391 1035 1502 1076 pares
1518 1035 1599 1063 non
1616 1024 1701 1063 sunt
1714 1022 1883 1063 ferendis
1906 1023 1984 1062 fine
1994 1023 2050 1062 in-
2113 1027 2132 1081 3¹

238 1091 468 1133 termisssone
487 1090 586 1129 curis
608 1088 775 1141 Imperii.
814 1085 973 1126 Labore
994 1086 1135 1126 assldUO
1150 1084 1337 1125 valetudo
1353 1084 1521 1132 laeditur,
1537 1083 1575 1123 δι
1593 1083 1778 1136 torpescit
1794 1081 1863 1139 (b)
1888 1084 2049 1130 animm-‚3
2105 1079 2132 1144 1³¹

236 1154 320 1193 otio
345 1151 464 1191 nimio
484 1149 523 1189 δε
537 1148 649 1189 hic&
663 1149 724 1188 illa
745 1147 847 1187 vires
877 1148 1071 1191 amittunt,
1099 1144 1195 1185 Tale
1210 1146 1341 1197 itaque
1356 1143 1423 1193 sit,
1451 1145 1571 1196 qualis
1587 1145 1753 1198 irrigatio
1768 1145 1982 1195 plantarum
1994 1142 2048 1182 es-
2105 1145 2107 1186 ξ

236 1214 275 1253 se
293 1211 409 1260 solet,
439 1222 524 1261 quae
549 1221 614 1249 eas
642 1207 825 1248 sustentet
852 1206 1038 1247 duntaxat
1059 1236 1073 1255 ,
1101 1217 1183 1246 non
1212 1205 1428 1261 submergat
1456 1205 1641 1256 penitus3
1672 1213 1737 1245 aut
1760 1204 1881 1255 qualis
1908 1200 1963 1243 est
1981 1203 2051 1241 ho-
2105 1212 2132 1262 εἱ

235 1274 382 1313 minum
400 1270 552 1310 somnus
572 1300 584 1319 ,
616 1270 681 1320 qui
705 1268 733 1308 fi
748 1266 969 1308 moderatus
988 1266 1059 1316 lit,
1081 1263 1735 1314 corroborat‚finimius,debilitat
1745 1262 1889 1316 potius.
1936 1261 2051 1302 Nui-
2106 1260 2113 1284 '³
2131 1316 2132 1319 Ἴ

235 1335 281 1373 1ae
301 1331 530 1372 remissiones
547 1331 749 1378 meliores,
779 1327 894 1380 quam
912 1327 1051 1379 quibus
1075 1324 1291 1365 oblectatur
1309 1326 1450 1377 pariter
1476 1324 1513 1364 &
1548 1323 1718 1365 eruditur
1746 1325 1912 1370 animus‚·
1940 1331 1983 1361 ut
2006 1321 2052 1362 fit

238 1395 277 1433 in
297 1390 590 1432 conversatione
607 1401 695 1428 cum
714 1389 780 1436 iis,
809 1388 875 1439 qui
903 1396 967 1425 aut
994 1386 1156 1425 scientiis
1174 1414 1187 1433 ,
1218 1394 1282 1423 aut
1309 1385 1420 1423 armis
1453 1383 1606 1423 florent.
1666 1383 1856 1423 Adrianus
1885 1382 2049 1435 Impera·
2106 1364 2113 1416 l

236 1462 298 1492 tor
318 1464 386 1491 eos
408 1448 543 1490 mensae
561 1449 632 1488 suae
651 1446 879 1494 adhibebat,
909 1457 1024 1497 quam
1043 1443 1133 1484 ideo
1152 1442 1395 1484 Philostratus
1422 1442 1593 1483 (labrorum
1617 1444 1776 1483 w'rorum
1801 1439 1959 1492 Mtsemn
1975 1440 2051 1481 esse

237 1513 372 1564 ajebat.
434 1508 540 1549 Idem
563 1509 602 1548 in
636 1507 800 1558 Trajano
826 1504 1074 1545 commendat
1097 1505 1259 1551 Plinius,
1291 1503 1329 1542 &
1350 1502 1468 1540 refert
1492 1501 1734 1553 Lampridius
1757 1501 1806 1541 de
1829 1501 2052 1541 Alexandro

239 1571 307 1628 (c)
338 1570 497 1610 Severo.
556 1566 777 1618 Alphonsus
795 1564 1081 1615 Neapolitanus
1098 1563 1188 1601 Rex
1214 1574 1302 1601 cum
1320 1561 1454 1600 iisdem
1473 1559 1493 1599 a
1517 1560 1644 1600 mensa
1663 1562 1702 1600 in
1735 1561 1868 1600 locum
1888 1562 2052 1613 aliquem

239 1632 468 1683 quietiorem
491 1627 527 1666 se
542 1626 775 1677 recipiebat,
804 1634 847 1662 ut
867 1625 995 1662 animo
1021 1633 1180 1674 quoque
1200 1618 1562 1675 (quemadmodum
1586 1621 1619 1660 is
1637 1619 1766 1660 dicere
1789 1619 1970 1675 solebat)
2001 1622 2051 1661 ci·
2112 1630 2114 1636 ·

239 1691 333 1730 bum
354 1689 461 1729 suum
487 1687 689 1739 praeberet.
747 1683 946 1731 Tiberius,
976 1683 1128 1735 quoties
1144 1681 1272 1720 Roma
1287 1679 1362 1720 alio
1390 1678 1650 1730 concederet,
1678 1678 1856 1721 Nervam
1880 1681 1918 1720 &
1950 1682 2050 1721 Atti—

239 1763 329 1791 cum
355 1750 461 1788 viros
490 1745 660 1786 eruditos
676 1744 820 1784 itineris
852 1744 1015 1782 comites
1041 1741 1184 1782 habere
1199 1742 1347 1790 voluit,
1378 1750 1420 1780 ut
1443 1752 1578 1780 eorum
1592 1741 1828 1781 sermonibus
1846 1740 1923 1797 (d)
1947 1743 2052 1781 leva„

239 1820 358 1855 retur.
415 1806 634 1847 Franciscus
654 1804 799 1844 Primus
826 1802 993 1843 Franciae
1013 1803 1102 1842 Rex
1123 1810 1272 1841 tantum
1288 1798 1310 1840 ὲ
1332 1800 1524 1852 frequenti
1539 1802 1600 1840 illa
1619 1800 1658 1841 δε
1676 1800 1813 1841 affidua
1843 1813 1930 1841 cum
1960 1802 2050 1841 viris
2113 1845 2115 1856 ,

240 1869 364 1911 doctis
387 1866 680 1907 conversatione
699 1862 931 1912 condidicit,
959 1871 1003 1902 ut
1020 1861 1169 1902 tametsi
1183 1858 1403 1901 adolescens
1422 1862 1537 1900 literis
1559 1873 1718 1912 operam
1742 1860 1845 1901 haud
1859 1859 2050 1910 navaffec,
2113 1879 2114 1882 ¹

241 1927 390 1983 optime
416 1938 544 1967 tamen
562 1925 610 1965 de
626 1925 762 1976 quavis
777 1924 935 1963 materia
958 1922 1166 1964 differeret.
1225 1920 1412 1960 Exolevit
1435 1921 1701 1974 laudatiffimus
1727 1922 1790 1961 ille
1815 1933 1898 1961 mos
1926 1920 1964 1960 &
1995 1922 2051 1960 in-
2112 1924 2132 1952 ⁴³

241 1986 443 2030 troduftus
466 1994 569 2026 nunc
589 1985 701 2032 alim,
733 1991 777 2022 ut
793 1983 931 2023 menfis
947 1981 1166 2033 Principum
1183 1979 1340 2019 affistant
1356 1979 1482 2028 stulti,
1510 1982 1729 2029 moriones,
1759 1992 1803 2019 ac
1820 1981 1958 2020 ssmiles
1974 1994 2049 2019 ma-

242 2049 278 2090 le
298 2048 453 2089 formati
482 2047 673 2086 homines.
734 2042 896 2082 Errores
928 2041 1089 2081 Naturae
1120 2039 1158 2080 &
1190 2038 1422 2091 judiciorum
1455 2037 1639 2079 stoliditas
1666 2039 1818 2079 illorum
1851 2051 1954 2079 nunc
1982 2041 2051 2079 ob-

238 2108 467 2150 lectaiuenta
482 2105 578 2145 sunt.
640 2103 734 2142 Suas
756 2100 920 2155 gestiunt
945 2101 1076 2141 audire
1094 2099 1226 2141 laudes
1248 2101 1364 2138 etiam
1381 2111 1461 2138 non
1480 2100 1730 2150 promeritas,
1759 2098 1798 2138 &
1824 2100 1914 2138 licet
1936 2111 2050 2139 excu-

239 2171 294 2211 set
323 2180 384 2207 eas
408 2164 598 2205 interdum
615 2161 802 2203 modestia
826 2192 839 2210 ,
871 2170 1051 2212 tanquam
1077 2160 1098 2199 ὲ
1117 2159 1225 2198 fatuo
1251 2158 1381 2209 aliquo
1411 2157 1608 2209 profectas
1637 2187 1650 2207 ,
1672 2159 1718 2197 iis
1744 2167 1872 2198 tamen
1897 2160 2051 2211 applau-

240 2230 296 2269 dit
313 2240 418 2267 amor
443 2227 620 2278 proprius
640 2254 653 2273 ,
684 2222 723 2262 δε
747 2233 856 2262 aures
886 2220 1020 2260 sensim
1051 2219 1098 2260 ad
1124 2218 1278 2259 easdem
1307 2216 1520 2257 affuefaetae
1548 2216 1831 2258 adulationibus
1867 2220 1981 2260 etiam
1999 2219 2050 2259 as-

239 2292 472 2330 sentatorum
490 2285 628 2325 deinde
651 2282 768 2323 fidem
788 2281 945 2321 habent.
1001 2279 1166 2320 Facetiae
1195 2280 1348 2318 illorum
1379 2277 1544 2317 arrident
1565 2278 1787 2326 voluntati,
1817 2280 1904 2328 quia
1926 2281 2050 2331 turpia

241 2348 413 2402 quaedam
430 2345 588 2385 miscent
608 2342 801 2383 interdum
828 2341 866 2382 δε
892 2340 1041 2381 vitiosa.
1102 2337 1226 2392 Quod
1240 2338 1269 2378 fi
1296 2336 1483 2388 ejusmodi
1504 2336 1751 2378 deliramenta
1773 2348 1950 2377 recreent
1972 2342 2049 2379 ani-

243 2421 376 2456 mum,
408 2414 553 2458 quanto
579 2406 697 2456 magis
715 2401 755 2442 id
786 2400 1018 2453 praestabunt
1034 2399 1228 2440 sententiae
1255 2397 1453 2437 concinnae
1476 2397 1515 2437 &
1539 2396 1734 2449 exquifitae
1763 2395 1969 2437 dodiorum
1992 2400 2050 2439 vi-

242 2480 375 2509 rorum
390 2496 402 2516 ,
432 2467 497 2517 qui
512 2477 592 2505 non
611 2463 683 2504 smt
710 2463 869 2502 nimium
891 2472 1026 2513 graves
1046 2472 1091 2499 ac
1113 2459 1236 2499 severi
1265 2456 1342 2511 (in
1362 2469 1440 2509 quo
1468 2457 1538 2510 ipsi
1554 2466 1717 2510 peccant
1744 2458 2047 2513 nonnunquam)
2097 2489 2106 2499 ,,

242 2528 308 2569 sed
319 2527 383 2580 qui
404 2524 549 2566 festivis
571 2521 798 2576 quibusdam
817 2520 1056 2561 sermonibus
1076 2519 1114 2560 δε
1140 2516 1253 2558 acute
1269 2516 1379 2557 ἀιᾶἰε
1393 2519 1522 2558 norint
1536 2519 1574 2557 se
1589 2516 1886 2556 accommodare
1895 2527 2046 2570 tempo-

240 2591 271 2629 ri
289 2589 308 2628 {2
338 2587 376 2626 Si
391 2587 538 2637 volupe
555 2583 609 2624 est
628 2583 762 2623 videre
782 2593 922 2633 corpus
945 2580 1099 2632 aliquod
1114 2576 1368 2619 monstrosum
1383 2608 1396 2627 ‚
1416 2577 1523 2629 quod
1546 2577 1720 2618 nauseam
1740 2577 1945 2629 aliquando
1965 2591 2048 2619 mo-
2096 2580 2106 2632 J}

241 2659 333 2697 vet,
365 2646 508 2698 quanto
528 2646 599 2685 erit
617 2642 820 2695 jucundius
836 2642 1037 2693 percipere
1055 2641 1207 2679 auribus
1226 2647 1286 2677 tot
1301 2638 1540 2691 prodigiosos
1556 2637 1716 2677 Naturae
1733 2634 1889 2677 abortus
1904 2668 1917 2687 ‚
1948 2640 2045 2690 ejus-

243 2709 333 2748 dem
355 2717 494 2758 opera,
525 2705 562 2744 δε
591 2716 724 2744 arcana
743 2700 856 2755 plane
877 2700 1172 2741 extraordinaria
1188 2699 1208 2739 2
1236 2697 1302 2737 De
1320 2698 1524 2739 Anacharfi
1543 2706 1730 2738 memorat
1747 2697 1957 2738 Athenaeus
1974 2697 2044 2751 (e)
2094 2699 2103 2710 ⁶

241 2769 359 2808 accitis
377 2769 411 2805 in
428 2766 621 2805 convivium
627 2765 755 2816 peritis
770 2761 820 2802 acl
836 2758 937 2813 ristun
959 2759 1223 2801 commovendum
1244 2758 1429 2798 hominibus
1447 2789 1459 2809 ,
1479 2757 1584 2811 stilum
1601 2760 1742 2798 onmium
1758 2769 1823 2798 non
1841 2755 1941 2811 risffi
1948 2757 2043 2812 ,pest
2099 2763 2106 2804 ‘2
2129 2758 2132 2772 ¹

242 2835 356 2868 autem
376 2823 515 2865 induem
539 2822 645 2865 Simili
661 2819 960 2875 inrzfimzsblntum
975 2818 1088 2876 dixff
1108 2835 1121 2870 ,-
1152 2819 1305 2861 Natura
1320 2817 1360 2858 id
1370 2816 1427 2873 ff
1444 2819 1572 2860 animal
1582 2817 1784 2869 ridiculum,
1813 2818 1969 2859 hominem
1979 2831 2042 2857 au—
2098 2838 2107 2886 ³i
2129 2812 2132 2851 1

1977 2884 2044 2917 tem
2096 2885 2101 2914 ὲ
2130 2879 2132 2912 i

345 3000 409 3050 (a)
438 3001 561 3036 Otium
581 3002 673 3037 enim
697 3010 775 3037 tum
796 3000 849 3038 ad
872 3002 1032 3038 virtutes
1056 2998 1265 3054 ingerendas
1279 3027 1288 3041 ‚
1313 3010 1392 3037 tum
1416 2999 1467 3037 ad
1487 3000 1616 3038 civilia
1636 3014 1783 3038 munera
1814 2997 1968 3037 obeunda
1989 3015 2043 3038 re-

266 3053 413 3090 uiritur.
441 3051 546 3089 Arist.
566 3052 628 3088 lib.
643 3065 678 3099 7.
702 3053 810 3091 Polit.
834 3066 909 3103 cap.
926 3066 962 3098 9.
1014 3055 1082 3102 (b)
1108 3051 1276 3100 Nastitur
1297 3066 1344 3090 ex
1360 3052 1564 3104 affiduitate
1593 3052 1749 3090 laborum
1766 3053 1964 3090 animorum
1984 3051 2043 3091 he·-

241 3066 375 3143 Zetatio
403 3104 555 3160 quadam
569 3103 615 3146 (ff
629 3104 787 3156 languor.
811 3108 890 3142 Sen.
909 3108 954 3142 de
966 3106 1146 3156 tranquill.
1174 3105 1284 3143 anim.
1355 3108 1418 3153 (c)
1446 3111 1528 3143 Cum
1552 3105 1739 3151 intersitas
1758 3106 2016 3142 convivaretur
2031 3134 2043 3149 ,

239 3168 307 3194 aut
329 3157 514 3211 Ulpianum
529 3184 538 3198 ,
564 3166 631 3194 aut
651 3155 763 3193 doaos
775 3157 928 3195 homines
950 3156 1141 3195 adhibebat
1156 3185 1165 3199 ‚
1199 3168 1241 3194 ut
1264 3156 1409 3195 haberet
1424 3155 1579 3209 fabulas
1601 3157 1769 3194 literatus
1800 3155 1920 3210 quibus
1932 3156 1973 3203 st·
1987 3172 2042 3195 re·
2110 3178 2112 3207 χ,

240 3213 357 3247 creari
372 3209 511 3248 dicebat
533 3207 692 3262 &pasta
765 3210 945 3260 Lamprid.
964 3210 1003 3248 in
1022 3210 1099 3248 vita
1117 3211 1222 3248 Alex.
1249 3210 1384 3248 Severi.
1432 3216 1450 3256 (
1454 3212 1494 3254 d)
1521 3212 1669 3257 Coccey'us
1682 3216 1824 3251 Nerva,
1847 3212 1902 3247 cui
1923 3209 2040 3263 legum
2110 3212 2111 3218 ’

233 3264 371 3315 peritia
391 3279 403 3300 .·
428 3277 526 3316 eques
548 3268 720 3300 Romanus
733 3288 741 3302 ‚
766 3267 892 3299 Praeter
914 3264 1076 3311 Seianum
1090 3292 1100 3308 ,
1127 3276 1173 3300 ex
1186 3261 1371 3315 illustribus
1394 3265 1534 3300 Curtius
1550 3264 1695 3299 Atticus
1715 3276 1729 3305 ;
1753 3265 1864 3299 caeteri
1885 3261 2041 3301 liberali·
2109 3286 2111 3315 ἶ

240 3311 437 3364 busstudiis
447 3312 712 3368 praeditiferme
731 3316 835 3352 Graeci
849 3340 859 3355 .
884 3313 1245 3367 quorumfirmonibus
1268 3315 1464 3352 levaretur.
1491 3314 1605 3353 Tacit.
1622 3315 1647 3351 l,
1660 3329 1696 3365 4.
1712 3316 1843 3352 Annal-
1895 3320 1960 3368 (θ)
1987 3322 2037 3357 A-

241 3369 340 3407 then.
362 3367 424 3404 lib.
453 3381 508 3416 ¹4·
697 3411 701 3414 ,
1410 3388 1429 3397 x
