<?xml version="1.0" encoding="UTF-8"?>
<!DOCTYPE html PUBLIC "-//W3C//DTD XHTML 1.0 Transitional//EN"
    "http://www.w3.org/TR/xhtml1/DTD/xhtml1-transitional.dtd">
<html xmlns="http://www.w3.org/1999/xhtml" xml:lang="en" lang="en">
 <head>
  <title>
</title>
<meta http-equiv="Content-Type" content="text/html;charset=utf-8" />
  <meta name='ocr-system' content='tesseract 3.04.00' />
  <meta name='ocr-capabilities' content='ocr_page ocr_carea ocr_par ocr_line ocrx_word'/>
</head>
<body>
  <div class='ocr_page' id='page_1' title='image "./didacisaavedraef00saav_0240.png"; bbox 0 0 2132 3730; ppageno 0'>
   <div class='ocr_carea' id='block_1_1' title="bbox 264 262 1649 315">
    <p class='ocr_par' dir='ltr' id='par_1_1' title="bbox 264 262 1649 315">
     <span class='ocr_line' id='line_1_1' title="bbox 264 262 1649 315; baseline -0.005 0"><span class='ocrx_word' id='word_1_1' title='bbox 264 286 352 315; x_wconf 77' lang='lat'>220</span> <span class='ocrx_word' id='word_1_2' title='bbox 703 264 1054 308; x_wconf 89' lang='lat' dir='ltr'><em>DIDACI</em></span> <span class='ocrx_word' id='word_1_3' title='bbox 1109 262 1649 309; x_wconf 84' lang='lat' dir='ltr'><em>SAAVEDRAE</em></span> 
     </span>
    </p>
   </div>
   <div class='ocr_carea' id='block_1_2' title="bbox 499 328 2082 342">
    <p class='ocr_par' dir='ltr' id='par_1_2' title="bbox 499 328 2082 342">
     <span class='ocr_line' id='line_1_2' title="bbox 499 328 2082 342; baseline -0.001 -4"><span class='ocrx_word' id='word_1_4' title='bbox 499 336 505 342; x_wconf 86' lang='grc'><strong>,</strong></span> <span class='ocrx_word' id='word_1_5' title='bbox 515 331 791 341; x_wconf 66' lang='lat'><em>.....—...—————</em></span> <span class='ocrx_word' id='word_1_6' title='bbox 799 328 2082 341; x_wconf 61' lang='lat'>-——-———-———-————-———-.-—-——.-,</span> 
     </span>
    </p>
   </div>
   <div class='ocr_carea' id='block_1_3' title="bbox 252 347 2132 1068">
    <p class='ocr_par' dir='ltr' id='par_1_3' title="bbox 259 347 2132 705">
     <span class='ocr_line' id='line_1_3' title="bbox 264 347 2132 409; baseline -0.004 -12"><span class='ocrx_word' id='word_1_7' title='bbox 264 355 487 409; x_wconf 76' lang='lat' dir='ltr'>expendant</span> <span class='ocrx_word' id='word_1_8' title='bbox 514 352 706 401; x_wconf 71' lang='lat' dir='ltr'>Principes</span> <span class='ocrx_word' id='word_1_9' title='bbox 725 349 896 389; x_wconf 81' lang='lat' dir='ltr'>indolem</span> <span class='ocrx_word' id='word_1_10' title='bbox 915 348 952 388; x_wconf 88' lang='lat'>&amp;</span> <span class='ocrx_word' id='word_1_11' title='bbox 971 348 1084 388; x_wconf 85' lang='lat' dir='ltr'>dotes</span> <span class='ocrx_word' id='word_1_12' title='bbox 1112 347 1386 399; x_wconf 87' lang='lat' dir='ltr'>subditorum,</span> <span class='ocrx_word' id='word_1_13' title='bbox 1419 361 1518 402; x_wconf 91' lang='lat' dir='ltr'>quos</span> <span class='ocrx_word' id='word_1_14' title='bbox 1541 351 1589 390; x_wconf 86' lang='lat' dir='ltr'>ad</span> <span class='ocrx_word' id='word_1_15' title='bbox 1610 350 1855 403; x_wconf 87' lang='lat' dir='ltr'>Magistratus</span> <span class='ocrx_word' id='word_1_16' title='bbox 1874 350 1912 390; x_wconf 88' lang='lat'>&amp;</span> <span class='ocrx_word' id='word_1_17' title='bbox 1930 349 2089 403; x_wconf 82' lang='lat' dir='ltr'>dignita·</span> <span class='ocrx_word' id='word_1_18' title='bbox 2130 359 2132 398; x_wconf 68' lang='grc' dir='ltr'>ᾖ</span> 
     </span>
     <span class='ocr_line' id='line_1_4' title="bbox 262 407 2090 464; baseline -0.004 -7"><span class='ocrx_word' id='word_1_19' title='bbox 262 426 322 457; x_wconf 87' lang='lat' dir='ltr'>tes</span> <span class='ocrx_word' id='word_1_20' title='bbox 346 417 541 456; x_wconf 83' lang='lat' dir='ltr'>evehunt:</span> <span class='ocrx_word' id='word_1_21' title='bbox 574 413 611 449; x_wconf 90' lang='lat' dir='ltr'>in</span> <span class='ocrx_word' id='word_1_22' title='bbox 635 410 693 449; x_wconf 86' lang='lat' dir='ltr'>his</span> <span class='ocrx_word' id='word_1_23' title='bbox 713 411 813 449; x_wconf 88' lang='lat' dir='ltr'>enim</span> <span class='ocrx_word' id='word_1_24' title='bbox 835 409 1142 462; x_wconf 83' lang='lat' dir='ltr'>propenfiones,</span> <span class='ocrx_word' id='word_1_25' title='bbox 1174 407 1212 447; x_wconf 89' lang='lat'>&amp;</span> <span class='ocrx_word' id='word_1_26' title='bbox 1232 410 1324 449; x_wconf 89' lang='lat' dir='ltr'>vitia</span> <span class='ocrx_word' id='word_1_27' title='bbox 1359 411 1544 451; x_wconf 60' lang='lat' dir='ltr'>naturalia</span> <span class='ocrx_word' id='word_1_28' title='bbox 1573 412 1779 464; x_wconf 85' lang='lat' dir='ltr'>augescunt</span> <span class='ocrx_word' id='word_1_29' title='bbox 1799 410 1943 459; x_wconf 85' lang='lat' dir='ltr'>indies,</span> <span class='ocrx_word' id='word_1_30' title='bbox 1973 420 2090 462; x_wconf 87' lang='lat' dir='ltr'>atque</span> 
     </span>
     <span class='ocr_line' id='line_1_5' title="bbox 263 467 2131 538; baseline -0.004 -21"><span class='ocrx_word' id='word_1_31' title='bbox 263 477 364 517; x_wconf 79' lang='lat' dir='ltr'>adeo</span> <span class='ocrx_word' id='word_1_32' title='bbox 383 476 542 513; x_wconf 84' lang='lat' dir='ltr'>virtutes</span> <span class='ocrx_word' id='word_1_33' title='bbox 568 468 684 522; x_wconf 79' lang='lat' dir='ltr'>ipsae</span> <span class='ocrx_word' id='word_1_34' title='bbox 674 483 713 510; x_wconf 88' lang='lat' dir='ltr'>m</span> <span class='ocrx_word' id='word_1_35' title='bbox 731 471 908 523; x_wconf 75' lang='lat' dir='ltr'>periculo</span> <span class='ocrx_word' id='word_1_36' title='bbox 934 470 1018 510; x_wconf 89' lang='lat' dir='ltr'>sunt</span> <span class='ocrx_word' id='word_1_37' title='bbox 1035 467 1260 517; x_wconf 83' lang='lat' dir='ltr'>interdum,</span> <span class='ocrx_word' id='word_1_38' title='bbox 1290 469 1340 510; x_wconf 80' lang='lat' dir='ltr'>eb</span> <span class='ocrx_word' id='word_1_39' title='bbox 1371 469 1478 538; x_wconf 82' lang='lat' dir='ltr'>quod</span> <span class='ocrx_word' id='word_1_40' title='bbox 1505 473 1688 512; x_wconf 90' lang='lat' dir='ltr'>voluntas</span> <span class='ocrx_word' id='word_1_41' title='bbox 1703 474 1880 524; x_wconf 89' lang='lat' dir='ltr'>potentia</span> <span class='ocrx_word' id='word_1_42' title='bbox 1906 480 2089 511; x_wconf 81' lang='lat' dir='ltr'>armatam</span> <span class='ocrx_word' id='word_1_43' title='bbox 2129 469 2131 521; x_wconf 70' lang='grc' dir='ltr'><strong>ξ</strong></span> 
     </span>
     <span class='ocr_line' id='line_1_6' title="bbox 263 529 2130 582; baseline -0.004 -4"><span class='ocrx_word' id='word_1_44' title='bbox 263 538 302 578; x_wconf 86' lang='lat' dir='ltr'>se</span> <span class='ocrx_word' id='word_1_45' title='bbox 324 534 489 581; x_wconf 86' lang='lat' dir='ltr'>videns,</span> <span class='ocrx_word' id='word_1_46' title='bbox 522 531 559 571; x_wconf 87' lang='lat'>&amp;</span> <span class='ocrx_word' id='word_1_47' title='bbox 576 529 677 570; x_wconf 63' lang='lat' dir='ltr'>faeta</span> <span class='ocrx_word' id='word_1_48' title='bbox 698 531 909 580; x_wconf 82' lang='lat' dir='ltr'>audacior,</span> <span class='ocrx_word' id='word_1_49' title='bbox 940 529 1161 570; x_wconf 67' lang='lat' dir='ltr'>oblu&amp;etur</span> <span class='ocrx_word' id='word_1_50' title='bbox 1185 531 1349 580; x_wconf 88' lang='lat' dir='ltr'>rationi,</span> <span class='ocrx_word' id='word_1_51' title='bbox 1380 532 1494 582; x_wconf 91' lang='lat' dir='ltr'>eique</span> <span class='ocrx_word' id='word_1_52' title='bbox 1515 531 1758 582; x_wconf 83' lang='lat' dir='ltr'>dominetur,</span> <span class='ocrx_word' id='word_1_53' title='bbox 1787 532 1856 572; x_wconf 74' lang='lat' dir='ltr'>nisi</span> <span class='ocrx_word' id='word_1_54' title='bbox 1884 541 1961 572; x_wconf 90' lang='lat' dir='ltr'>tam</span> <span class='ocrx_word' id='word_1_55' title='bbox 1980 530 2088 571; x_wconf 83' lang='lat' dir='ltr'>firma</span> <span class='ocrx_word' id='word_1_56' title='bbox 2128 568 2130 579; x_wconf 76' lang='lat'>‚</span> 
     </span>
     <span class='ocr_line' id='line_1_7' title="bbox 261 588 2129 647; baseline -0.004 -11"><span class='ocrx_word' id='word_1_57' title='bbox 261 597 300 636; x_wconf 73' lang='grc' dir='ltr'>ἃ</span> <span class='ocrx_word' id='word_1_58' title='bbox 321 605 463 647; x_wconf 85' lang='lat' dir='ltr'>potens</span> <span class='ocrx_word' id='word_1_59' title='bbox 484 593 544 632; x_wconf 88' lang='lat' dir='ltr'>illa</span> <span class='ocrx_word' id='word_1_60' title='bbox 557 591 630 641; x_wconf 80' lang='lat' dir='ltr'>sit,</span> <span class='ocrx_word' id='word_1_61' title='bbox 661 602 704 631; x_wconf 93' lang='lat' dir='ltr'>ut</span> <span class='ocrx_word' id='word_1_62' title='bbox 721 592 813 644; x_wconf 78' lang='lat' dir='ltr'>poss&#39;</span> <span class='ocrx_word' id='word_1_63' title='bbox 819 602 833 631; x_wconf 93' lang='lat' dir='ltr'>t</span> <span class='ocrx_word' id='word_1_64' title='bbox 857 590 1064 639; x_wconf 82' lang='lat' dir='ltr'>resistere,</span> <span class='ocrx_word' id='word_1_65' title='bbox 1093 603 1144 630; x_wconf 92' lang='lat' dir='ltr'>ne</span> <span class='ocrx_word' id='word_1_66' title='bbox 1175 588 1403 631; x_wconf 87' lang='lat' dir='ltr'>faventioris</span> <span class='ocrx_word' id='word_1_67' title='bbox 1426 590 1594 631; x_wconf 77' lang='lat' dir='ltr'>fortuna:</span> <span class='ocrx_word' id='word_1_68' title='bbox 1619 592 1886 645; x_wconf 82' lang='lat' dir='ltr'>splendoribus</span> <span class='ocrx_word' id='word_1_69' title='bbox 1909 591 2091 631; x_wconf 86' lang='lat' dir='ltr'>obscure·</span> <span class='ocrx_word' id='word_1_70' title='bbox 2127 606 2129 643; x_wconf 48' lang='lat' dir='ltr'>s</span> 
     </span>
     <span class='ocr_line' id='line_1_8' title="bbox 259 649 2127 705; baseline -0.003 -10"><span class='ocrx_word' id='word_1_71' title='bbox 259 665 346 703; x_wconf 85' lang='lat' dir='ltr'>tur,</span> <span class='ocrx_word' id='word_1_72' title='bbox 379 662 444 692; x_wconf 90' lang='lat' dir='ltr'>aut</span> <span class='ocrx_word' id='word_1_73' title='bbox 462 652 654 693; x_wconf 87' lang='lat' dir='ltr'>evanscat.</span> <span class='ocrx_word' id='word_1_74' title='bbox 716 652 839 705; x_wconf 91' lang='lat' dir='ltr'>Quod</span> <span class='ocrx_word' id='word_1_75' title='bbox 856 652 883 691; x_wconf 88' lang='grc'>11</span> <span class='ocrx_word' id='word_1_76' title='bbox 908 653 980 691; x_wconf 89' lang='lat' dir='ltr'>viri</span> <span class='ocrx_word' id='word_1_77' title='bbox 1003 653 1117 691; x_wconf 88' lang='lat' dir='ltr'>etiam</span> <span class='ocrx_word' id='word_1_78' title='bbox 1133 651 1247 702; x_wconf 85' lang='lat' dir='ltr'>probi</span> <span class='ocrx_word' id='word_1_79' title='bbox 1268 652 1307 690; x_wconf 90' lang='lat' dir='ltr'>in</span> <span class='ocrx_word' id='word_1_80' title='bbox 1325 652 1469 705; x_wconf 85' lang='lat' dir='ltr'>magnis</span> <span class='ocrx_word' id='word_1_81' title='bbox 1492 653 1706 705; x_wconf 84' lang='lat' dir='ltr'><strong>amplisque</strong></span> <span class='ocrx_word' id='word_1_82' title='bbox 1727 652 1950 693; x_wconf 89' lang='lat' dir='ltr'>muneribus</span> <span class='ocrx_word' id='word_1_83' title='bbox 1968 650 2007 691; x_wconf 89' lang='lat'>&amp;</span> <span class='ocrx_word' id='word_1_84' title='bbox 2032 649 2127 692; x_wconf 88' lang='lat' dir='ltr'>of-</span> 
     </span>
    </p>

    <p class='ocr_par' dir='ltr' id='par_1_4' title="bbox 252 705 2127 1068">
     <span class='ocr_line' id='line_1_9' title="bbox 257 705 2127 765; baseline -0.003 -11"><span class='ocrx_word' id='word_1_85' title='bbox 257 714 354 755; x_wconf 87' lang='lat' dir='ltr'>ficiis</span> <span class='ocrx_word' id='word_1_86' title='bbox 380 714 427 752; x_wconf 89' lang='lat' dir='ltr'>ab</span> <span class='ocrx_word' id='word_1_87' title='bbox 448 712 614 753; x_wconf 87' lang='lat' dir='ltr'>honesto</span> <span class='ocrx_word' id='word_1_88' title='bbox 647 712 856 753; x_wconf 67' lang='lat' dir='ltr'>defle&amp;ere</span> <span class='ocrx_word' id='word_1_89' title='bbox 876 712 1027 761; x_wconf 78' lang='lat' dir='ltr'><strong>solent,</strong></span> <span class='ocrx_word' id='word_1_90' title='bbox 1057 711 1226 762; x_wconf 87' lang='lat' dir='ltr'>improbi</span> <span class='ocrx_word' id='word_1_91' title='bbox 1251 705 1357 749; x_wconf 85' lang='lat' dir='ltr'>certe</span> <span class='ocrx_word' id='word_1_92' title='bbox 1389 712 1543 762; x_wconf 88' lang='lat' dir='ltr'>pejores</span> <span class='ocrx_word' id='word_1_93' title='bbox 1566 711 1692 750; x_wconf 87' lang='lat' dir='ltr'>fient..</span> <span class='ocrx_word' id='word_1_94' title='bbox 1743 710 1817 765; x_wconf 78' lang='lat' dir='ltr'>(a)</span> <span class='ocrx_word' id='word_1_95' title='bbox 1834 712 1974 752; x_wconf 79' lang='lat' dir='ltr'><em>Invenit</em></span> <span class='ocrx_word' id='word_1_96' title='bbox 1987 712 2090 751; x_wconf 79' lang='lat' dir='ltr'>etiam</span> <span class='ocrx_word' id='word_1_97' title='bbox 2125 734 2127 759; x_wconf 44' lang='lat' dir='ltr'>i</span> 
     </span>
     <span class='ocr_line' id='line_1_10' title="bbox 255 764 2127 827; baseline -0.002 -13"><span class='ocrx_word' id='word_1_98' title='bbox 255 775 390 815; x_wconf 79' lang='lat' dir='ltr'>aemulos</span> <span class='ocrx_word' id='word_1_99' title='bbox 405 772 539 826; x_wconf 59' lang='lat' dir='ltr'>infelix</span> <span class='ocrx_word' id='word_1_100' title='bbox 561 776 715 827; x_wconf 74' lang='lat' dir='ltr'>nequitia</span> <span class='ocrx_word' id='word_1_101' title='bbox 734 805 746 823; x_wconf 84' lang='lat'>‚</span> <span class='ocrx_word' id='word_1_102' title='bbox 777 771 865 827; x_wconf 81' lang='lat' dir='ltr'>quid</span> <span class='ocrx_word' id='word_1_103' title='bbox 867 772 905 824; x_wconf 84' lang='lat' dir='ltr'><em>fi</em></span> <span class='ocrx_word' id='word_1_104' title='bbox 910 771 1043 823; x_wconf 76' lang='lat' dir='ltr'>floreat</span> <span class='ocrx_word' id='word_1_105' title='bbox 1063 774 1249 824; x_wconf 73' lang='lat' dir='ltr'><em>vigeatque</em></span> <span class='ocrx_word' id='word_1_106' title='bbox 1265 771 1284 810; x_wconf 76' lang='lat'>‚9</span> <span class='ocrx_word' id='word_1_107' title='bbox 1315 768 1368 809; x_wconf 91' lang='lat' dir='ltr'>Et</span> <span class='ocrx_word' id='word_1_108' title='bbox 1389 769 1415 809; x_wconf 89' lang='grc'>11</span> <span class='ocrx_word' id='word_1_109' title='bbox 1435 769 1549 811; x_wconf 87' lang='lat' dir='ltr'>semel</span> <span class='ocrx_word' id='word_1_110' title='bbox 1568 770 1721 811; x_wconf 83' lang='lat' dir='ltr'>Malitia</span> <span class='ocrx_word' id='word_1_111' title='bbox 1734 772 1909 812; x_wconf 86' lang='lat' dir='ltr'>honores</span> <span class='ocrx_word' id='word_1_112' title='bbox 1931 781 2090 824; x_wconf 85' lang='lat' dir='ltr'>prome·</span> <span class='ocrx_word' id='word_1_113' title='bbox 2124 764 2127 770; x_wconf 37' lang='lat'><strong>²</strong></span> 
     </span>
     <span class='ocr_line' id='line_1_11' title="bbox 254 828 2127 887; baseline -0.004 -12"><span class='ocrx_word' id='word_1_114' title='bbox 254 837 328 875; x_wconf 90' lang='lat' dir='ltr'>reri</span> <span class='ocrx_word' id='word_1_115' title='bbox 353 833 482 887; x_wconf 91' lang='lat' dir='ltr'>potest</span> <span class='ocrx_word' id='word_1_116' title='bbox 502 864 514 883; x_wconf 93' lang='lat'>,</span> <span class='ocrx_word' id='word_1_117' title='bbox 545 836 629 886; x_wconf 88' lang='lat' dir='ltr'>quis</span> <span class='ocrx_word' id='word_1_118' title='bbox 649 835 802 874; x_wconf 87' lang='lat' dir='ltr'>virtutis</span> <span class='ocrx_word' id='word_1_119' title='bbox 820 831 884 872; x_wconf 74' lang='lat' dir='ltr'>via</span> <span class='ocrx_word' id='word_1_120' title='bbox 903 831 950 871; x_wconf 91' lang='lat' dir='ltr'>ad</span> <span class='ocrx_word' id='word_1_121' title='bbox 969 831 1129 872; x_wconf 89' lang='lat' dir='ltr'>eosdem</span> <span class='ocrx_word' id='word_1_122' title='bbox 1152 830 1372 884; x_wconf 75' lang='lat' dir='ltr'>grassabitur</span> <span class='ocrx_word' id='word_1_123' title='bbox 1387 829 1407 868; x_wconf 67' lang='grc' dir='ltr'>ἱ)</span> <span class='ocrx_word' id='word_1_124' title='bbox 1437 828 1504 870; x_wconf 89' lang='lat' dir='ltr'>Illa</span> <span class='ocrx_word' id='word_1_125' title='bbox 1524 829 1691 872; x_wconf 58' lang='lat' dir='ltr'>enatura</span> <span class='ocrx_word' id='word_1_126' title='bbox 1716 831 1830 871; x_wconf 90' lang='lat' dir='ltr'>nobis</span> <span class='ocrx_word' id='word_1_127' title='bbox 1848 829 1944 870; x_wconf 90' lang='lat' dir='ltr'>inest</span> <span class='ocrx_word' id='word_1_128' title='bbox 1963 844 1977 878; x_wconf 86' lang='lat'>;</span> <span class='ocrx_word' id='word_1_129' title='bbox 2006 831 2092 870; x_wconf 81' lang='lat' dir='ltr'>haec</span> <span class='ocrx_word' id='word_1_130' title='bbox 2124 828 2127 867; x_wconf 61' lang='grc' dir='ltr'>’ἑ</span> 
     </span>
     <span class='ocr_line' id='line_1_12' title="bbox 252 877 2126 948; baseline -0.002 -13"><span class='ocrx_word' id='word_1_131' title='bbox 252 896 389 936; x_wconf 86' lang='lat' dir='ltr'>labore</span> <span class='ocrx_word' id='word_1_132' title='bbox 410 903 591 948; x_wconf 86' lang='lat' dir='ltr'>paratur,</span> <span class='ocrx_word' id='word_1_133' title='bbox 622 905 667 932; x_wconf 89' lang='lat' dir='ltr'>ac</span> <span class='ocrx_word' id='word_1_134' title='bbox 685 892 824 932; x_wconf 88' lang='lat' dir='ltr'>studio.</span> <span class='ocrx_word' id='word_1_135' title='bbox 887 892 952 931; x_wconf 89' lang='lat' dir='ltr'>llla</span> <span class='ocrx_word' id='word_1_136' title='bbox 980 905 1050 944; x_wconf 89' lang='lat' dir='ltr'>per</span> <span class='ocrx_word' id='word_1_137' title='bbox 1067 895 1146 932; x_wconf 90' lang='lat' dir='ltr'>vim</span> <span class='ocrx_word' id='word_1_138' title='bbox 1167 892 1237 931; x_wconf 84' lang='lat' dir='ltr'>fibi</span> <span class='ocrx_word' id='word_1_139' title='bbox 1260 899 1410 944; x_wconf 83' lang='lat' dir='ltr'>arrogat</span> <span class='ocrx_word' id='word_1_140' title='bbox 1429 893 1586 943; x_wconf 87' lang='lat' dir='ltr'>proemia</span> <span class='ocrx_word' id='word_1_141' title='bbox 1605 906 1617 941; x_wconf 87' lang='lat'>;</span> <span class='ocrx_word' id='word_1_142' title='bbox 1647 893 1731 932; x_wconf 84' lang='lat' dir='ltr'>haec</span> <span class='ocrx_word' id='word_1_143' title='bbox 1748 904 1793 932; x_wconf 88' lang='lat' dir='ltr'>ea</span> <span class='ocrx_word' id='word_1_144' title='bbox 1813 893 2007 944; x_wconf 86' lang='lat' dir='ltr'>patienter</span> <span class='ocrx_word' id='word_1_145' title='bbox 2025 902 2091 931; x_wconf 84' lang='lat' dir='ltr'>ex·</span> <span class='ocrx_word' id='word_1_146' title='bbox 2123 877 2126 944; x_wconf 57' lang='lat' dir='ltr'>J</span> 
     </span>
     <span class='ocr_line' id='line_1_13' title="bbox 253 948 2125 1009; baseline -0.002 -14"><span class='ocrx_word' id='word_1_147' title='bbox 253 954 410 1009; x_wconf 57' lang='lat' dir='ltr'>pestat:</span> <span class='ocrx_word' id='word_1_148' title='bbox 435 955 629 1007; x_wconf 87' lang='lat' dir='ltr'>appetitus</span> <span class='ocrx_word' id='word_1_149' title='bbox 651 952 749 993; x_wconf 77' lang='lat' dir='ltr'>vero</span> <span class='ocrx_word' id='word_1_150' title='bbox 762 953 881 1004; x_wconf 88' lang='lat' dir='ltr'>magis</span> <span class='ocrx_word' id='word_1_151' title='bbox 902 950 1060 1005; x_wconf 70' lang='lat' dir='ltr'>propria</span> <span class='ocrx_word' id='word_1_152' title='bbox 1086 949 1149 992; x_wconf 66' lang='lat' dir='ltr'>sua</span> <span class='ocrx_word' id='word_1_153' title='bbox 1168 952 1312 1004; x_wconf 83' lang='lat' dir='ltr'>gaudet</span> <span class='ocrx_word' id='word_1_154' title='bbox 1340 948 1527 991; x_wconf 73' lang='lat' dir='ltr'>violentia</span> <span class='ocrx_word' id='word_1_155' title='bbox 1541 982 1554 1001; x_wconf 92' lang='lat'>,</span> <span class='ocrx_word' id='word_1_156' title='bbox 1583 951 1699 1005; x_wconf 77' lang='lat' dir='ltr'>quam</span> <span class='ocrx_word' id='word_1_157' title='bbox 1728 954 1892 1001; x_wconf 84' lang='lat' dir='ltr'>merito,</span> <span class='ocrx_word' id='word_1_158' title='bbox 1914 951 1953 992; x_wconf 70' lang='grc' dir='ltr'>δι</span> <span class='ocrx_word' id='word_1_159' title='bbox 1970 962 2091 992; x_wconf 81' lang='lat' dir='ltr'>morae</span> <span class='ocrx_word' id='word_1_160' title='bbox 2122 968 2125 1007; x_wconf 63' lang='lat' dir='ltr'><strong><em>g</em></strong></span> 
     </span>
     <span class='ocr_line' id='line_1_14' title="bbox 255 1010 2125 1068; baseline -0.002 -13"><span class='ocrx_word' id='word_1_161' title='bbox 255 1017 460 1068; x_wconf 83' lang='lat' dir='ltr'>impatiens</span> <span class='ocrx_word' id='word_1_162' title='bbox 485 1014 507 1054; x_wconf 76' lang='lat' dir='ltr'>a</span> <span class='ocrx_word' id='word_1_163' title='bbox 529 1014 591 1053; x_wconf 90' lang='lat' dir='ltr'>sua</span> <span class='ocrx_word' id='word_1_164' title='bbox 614 1012 839 1065; x_wconf 87' lang='lat' dir='ltr'>dependere</span> <span class='ocrx_word' id='word_1_165' title='bbox 855 1016 1005 1053; x_wconf 87' lang='lat' dir='ltr'>mavult</span> <span class='ocrx_word' id='word_1_166' title='bbox 1026 1012 1206 1053; x_wconf 86' lang='lat' dir='ltr'>industria</span> <span class='ocrx_word' id='word_1_167' title='bbox 1232 1043 1245 1063; x_wconf 87' lang='lat'>,</span> <span class='ocrx_word' id='word_1_168' title='bbox 1276 1010 1391 1064; x_wconf 76' lang='lat' dir='ltr'>quam</span> <span class='ocrx_word' id='word_1_169' title='bbox 1425 1013 1551 1052; x_wconf 90' lang='lat' dir='ltr'>alieno</span> <span class='ocrx_word' id='word_1_170' title='bbox 1574 1013 1746 1053; x_wconf 86' lang='lat' dir='ltr'>arbitrio.</span> <span class='ocrx_word' id='word_1_171' title='bbox 1805 1011 1977 1053; x_wconf 88' lang='lat' dir='ltr'>Munera</span> <span class='ocrx_word' id='word_1_172' title='bbox 1997 1011 2090 1051; x_wconf 90' lang='lat' dir='ltr'>Rei·</span> <span class='ocrx_word' id='word_1_173' title='bbox 2121 1011 2125 1060; x_wconf 67' lang='grc'><strong>1</strong></span> 
     </span>
    </p>
   </div>
   <div class='ocr_carea' id='block_1_4' title="bbox 2120 1061 2123 1077">
    <p class='ocr_par' dir='ltr' id='par_1_5' title="bbox 2120 1061 2123 1077">
     <span class='ocr_line' id='line_1_15' title="bbox 2120 1061 2123 1077; baseline 0 0"><span class='ocrx_word' id='word_1_174' title='bbox 2120 1061 2123 1077; x_wconf 80' lang='lat' dir='ltr'>l</span> 
     </span>
    </p>
   </div>
   <div class='ocr_carea' id='block_1_5' title="bbox 235 1071 2132 2983">
    <p class='ocr_par' dir='ltr' id='par_1_6' title="bbox 235 1071 2132 2983">
     <span class='ocr_line' id='line_1_16' title="bbox 251 1071 2129 1132; baseline -0.001 -18"><span class='ocrx_word' id='word_1_175' title='bbox 251 1077 418 1128; x_wconf 89' lang='lat' dir='ltr'>publicae</span> <span class='ocrx_word' id='word_1_176' title='bbox 437 1076 475 1114; x_wconf 91' lang='lat' dir='ltr'>in</span> <span class='ocrx_word' id='word_1_177' title='bbox 494 1075 692 1114; x_wconf 90' lang='lat' dir='ltr'>hominem</span> <span class='ocrx_word' id='word_1_178' title='bbox 712 1074 936 1126; x_wconf 88' lang='lat' dir='ltr'>improbum</span> <span class='ocrx_word' id='word_1_179' title='bbox 958 1075 1138 1132; x_wconf 78' lang='lat' dir='ltr'>conferre</span> <span class='ocrx_word' id='word_1_180' title='bbox 1166 1072 1222 1114; x_wconf 90' lang='lat' dir='ltr'>est</span> <span class='ocrx_word' id='word_1_181' title='bbox 1248 1075 1400 1126; x_wconf 91' lang='lat' dir='ltr'>optimo</span> <span class='ocrx_word' id='word_1_182' title='bbox 1417 1073 1560 1125; x_wconf 90' lang='lat' dir='ltr'>cuique</span> <span class='ocrx_word' id='word_1_183' title='bbox 1591 1072 1761 1113; x_wconf 86' lang='lat' dir='ltr'>adimere</span> <span class='ocrx_word' id='word_1_184' title='bbox 1782 1074 1950 1113; x_wconf 85' lang='lat' dir='ltr'>animum</span> <span class='ocrx_word' id='word_1_185' title='bbox 1976 1071 2014 1112; x_wconf 88' lang='lat'>&amp;</span> <span class='ocrx_word' id='word_1_186' title='bbox 2030 1072 2090 1112; x_wconf 85' lang='lat' dir='ltr'>vi·</span> <span class='ocrx_word' id='word_1_187' title='bbox 2119 1081 2129 1127; x_wconf 29' lang='lat'>3·-</span> 
     </span>
     <span class='ocr_line' id='line_1_17' title="bbox 253 1130 2124 1187; baseline -0.002 -13"><span class='ocrx_word' id='word_1_188' title='bbox 253 1147 334 1183; x_wconf 88' lang='lat' dir='ltr'>res,</span> <span class='ocrx_word' id='word_1_189' title='bbox 364 1135 565 1186; x_wconf 88' lang='lat' dir='ltr'>roburque</span> <span class='ocrx_word' id='word_1_190' title='bbox 584 1134 736 1174; x_wconf 88' lang='lat' dir='ltr'>malitiae</span> <span class='ocrx_word' id='word_1_191' title='bbox 755 1133 909 1174; x_wconf 86' lang='lat' dir='ltr'>addere.</span> <span class='ocrx_word' id='word_1_192' title='bbox 971 1134 1128 1186; x_wconf 85' lang='lat' dir='ltr'>Iniquus</span> <span class='ocrx_word' id='word_1_193' title='bbox 1153 1134 1287 1185; x_wconf 90' lang='lat' dir='ltr'>aliquis</span> <span class='ocrx_word' id='word_1_194' title='bbox 1306 1135 1401 1173; x_wconf 89' lang='lat' dir='ltr'>civis</span> <span class='ocrx_word' id='word_1_195' title='bbox 1424 1134 1462 1173; x_wconf 86' lang='lat' dir='ltr'>in</span> <span class='ocrx_word' id='word_1_196' title='bbox 1494 1135 1575 1173; x_wconf 89' lang='lat' dir='ltr'>vita</span> <span class='ocrx_word' id='word_1_197' title='bbox 1594 1134 1747 1186; x_wconf 87' lang='lat' dir='ltr'>privata</span> <span class='ocrx_word' id='word_1_198' title='bbox 1778 1134 1945 1187; x_wconf 86' lang='lat' dir='ltr'>graviter</span> <span class='ocrx_word' id='word_1_199' title='bbox 1970 1143 2089 1172; x_wconf 88' lang='lat' dir='ltr'>noce-</span> <span class='ocrx_word' id='word_1_200' title='bbox 2119 1130 2124 1187; x_wconf 61' lang='grc' dir='ltr'><em>ξ</em></span> 
     </span>
     <span class='ocr_line' id='line_1_18' title="bbox 250 1189 2132 1248; baseline -0.002 -13"><span class='ocrx_word' id='word_1_201' title='bbox 250 1207 293 1235; x_wconf 83' lang='lat' dir='ltr'>re</span> <span class='ocrx_word' id='word_1_202' title='bbox 313 1196 381 1235; x_wconf 87' lang='lat' dir='ltr'>vix</span> <span class='ocrx_word' id='word_1_203' title='bbox 396 1194 544 1247; x_wconf 88' lang='lat' dir='ltr'>potest,</span> <span class='ocrx_word' id='word_1_204' title='bbox 575 1194 725 1234; x_wconf 86' lang='lat' dir='ltr'>nonnisi</span> <span class='ocrx_word' id='word_1_205' title='bbox 744 1203 877 1235; x_wconf 87' lang='lat' dir='ltr'>contra</span> <span class='ocrx_word' id='word_1_206' title='bbox 898 1206 1045 1246; x_wconf 88' lang='lat' dir='ltr'>paucos</span> <span class='ocrx_word' id='word_1_207' title='bbox 1063 1194 1265 1246; x_wconf 90' lang='lat' dir='ltr'>improbos</span> <span class='ocrx_word' id='word_1_208' title='bbox 1294 1195 1380 1233; x_wconf 88' lang='lat' dir='ltr'>suos</span> <span class='ocrx_word' id='word_1_209' title='bbox 1406 1203 1566 1234; x_wconf 85' lang='lat' dir='ltr'>exercet</span> <span class='ocrx_word' id='word_1_210' title='bbox 1582 1205 1733 1234; x_wconf 84' lang='lat' dir='ltr'>mores:</span> <span class='ocrx_word' id='word_1_211' title='bbox 1764 1202 1803 1233; x_wconf 91' lang='lat' dir='ltr'>at</span> <span class='ocrx_word' id='word_1_212' title='bbox 1829 1194 1869 1232; x_wconf 90' lang='lat' dir='ltr'>in</span> <span class='ocrx_word' id='word_1_213' title='bbox 1887 1190 2087 1246; x_wconf 83' lang='lat' dir='ltr'>Magistra·</span> <span class='ocrx_word' id='word_1_214' title='bbox 2118 1189 2132 1248; x_wconf 54' lang='grc' dir='ltr'>ᾗ</span> 
     </span>
     <span class='ocr_line' id='line_1_19' title="bbox 250 1252 2122 1321; baseline -0.002 -26"><span class='ocrx_word' id='word_1_215' title='bbox 250 1264 295 1295; x_wconf 90' lang='lat' dir='ltr'>tu</span> <span class='ocrx_word' id='word_1_216' title='bbox 316 1254 502 1295; x_wconf 73' lang='lat' dir='ltr'>adversus</span> <span class='ocrx_word' id='word_1_217' title='bbox 528 1267 665 1295; x_wconf 89' lang='lat' dir='ltr'>omnes</span> <span class='ocrx_word' id='word_1_218' title='bbox 683 1285 694 1305; x_wconf 88' lang='lat'>,</span> <span class='ocrx_word' id='word_1_219' title='bbox 726 1254 815 1295; x_wconf 78' lang='lat' dir='ltr'>cum</span> <span class='ocrx_word' id='word_1_220' title='bbox 830 1254 986 1307; x_wconf 88' lang='lat' dir='ltr'>Justitiae</span> <span class='ocrx_word' id='word_1_221' title='bbox 1008 1255 1053 1295; x_wconf 82' lang='lat' dir='ltr'>fit</span> <span class='ocrx_word' id='word_1_222' title='bbox 1079 1255 1247 1303; x_wconf 81' lang='lat' dir='ltr'>arbiter,</span> <span class='ocrx_word' id='word_1_223' title='bbox 1277 1253 1314 1294; x_wconf 84' lang='lat'>&amp;</span> <span class='ocrx_word' id='word_1_224' title='bbox 1332 1253 1720 1304; x_wconf 84' lang='lat' dir='ltr'>administrationem,</span> <span class='ocrx_word' id='word_1_225' title='bbox 1750 1253 2088 1306; x_wconf 87' lang='lat' dir='ltr'>gubernationem·</span> <span class='ocrx_word' id='word_1_226' title='bbox 2117 1252 2122 1321; x_wconf 73' lang='lat'><strong>}</strong></span> 
     </span>
     <span class='ocr_line' id='line_1_20' title="bbox 251 1313 2121 1369; baseline 0.001 -15"><span class='ocrx_word' id='word_1_227' title='bbox 251 1327 328 1368; x_wconf 88' lang='lat' dir='ltr'>que</span> <span class='ocrx_word' id='word_1_228' title='bbox 350 1317 469 1356; x_wconf 89' lang='lat' dir='ltr'>totius</span> <span class='ocrx_word' id='word_1_229' title='bbox 485 1317 661 1368; x_wconf 87' lang='lat' dir='ltr'>corporis</span> <span class='ocrx_word' id='word_1_230' title='bbox 687 1315 928 1368; x_wconf 69' lang='lat' dir='ltr'>Reipublicae</span> <span class='ocrx_word' id='word_1_231' title='bbox 946 1317 982 1355; x_wconf 89' lang='lat' dir='ltr'>in</span> <span class='ocrx_word' id='word_1_232' title='bbox 1015 1314 1209 1368; x_wconf 85' lang='lat' dir='ltr'>potestate</span> <span class='ocrx_word' id='word_1_233' title='bbox 1232 1316 1293 1354; x_wconf 88' lang='lat' dir='ltr'>sua</span> <span class='ocrx_word' id='word_1_234' title='bbox 1322 1313 1393 1369; x_wconf 77' lang='lat' dir='ltr'>(h)</span> <span class='ocrx_word' id='word_1_235' title='bbox 1424 1315 1578 1368; x_wconf 81' lang='lat' dir='ltr'>habeat.</span> <span class='ocrx_word' id='word_1_236' title='bbox 1641 1314 1816 1368; x_wconf 90' lang='lat' dir='ltr'>Improbi</span> <span class='ocrx_word' id='word_1_237' title='bbox 1845 1314 1889 1353; x_wconf 88' lang='lat' dir='ltr'>iis</span> <span class='ocrx_word' id='word_1_238' title='bbox 1919 1314 2086 1353; x_wconf 88' lang='lat' dir='ltr'>muneri-</span> <span class='ocrx_word' id='word_1_239' title='bbox 2116 1325 2121 1356; x_wconf 68' lang='grc'><strong>1</strong></span> 
     </span>
     <span class='ocr_line' id='line_1_21' title="bbox 249 1372 2119 1428; baseline -0.002 -13"><span class='ocrx_word' id='word_1_240' title='bbox 249 1376 324 1415; x_wconf 86' lang='lat' dir='ltr'>bus</span> <span class='ocrx_word' id='word_1_241' title='bbox 343 1375 484 1428; x_wconf 86' lang='lat' dir='ltr'>praefici</span> <span class='ocrx_word' id='word_1_242' title='bbox 506 1389 587 1415; x_wconf 90' lang='lat' dir='ltr'>non</span> <span class='ocrx_word' id='word_1_243' title='bbox 612 1376 776 1425; x_wconf 90' lang='lat' dir='ltr'>debent,</span> <span class='ocrx_word' id='word_1_244' title='bbox 811 1378 848 1415; x_wconf 91' lang='lat' dir='ltr'>in</span> <span class='ocrx_word' id='word_1_245' title='bbox 873 1377 1012 1427; x_wconf 89' lang='lat' dir='ltr'>quibus</span> <span class='ocrx_word' id='word_1_246' title='bbox 1033 1376 1322 1427; x_wconf 80' lang='lat' dir='ltr'>improbitatem</span> <span class='ocrx_word' id='word_1_247' title='bbox 1340 1376 1441 1414; x_wconf 87' lang='lat' dir='ltr'>suam</span> <span class='ocrx_word' id='word_1_248' title='bbox 1462 1387 1647 1415; x_wconf 84' lang='lat' dir='ltr'>exercere</span> <span class='ocrx_word' id='word_1_249' title='bbox 1664 1376 1832 1414; x_wconf 85' lang='lat' dir='ltr'>valeant.</span> <span class='ocrx_word' id='word_1_250' title='bbox 1891 1372 2086 1425; x_wconf 86' lang='lat' dir='ltr'>Hujusin-</span> <span class='ocrx_word' id='word_1_251' title='bbox 2116 1383 2119 1411; x_wconf 73' lang='lat' dir='ltr'>i</span> 
     </span>
     <span class='ocr_line' id='line_1_22' title="bbox 251 1433 2084 1487; baseline -0.002 -12"><span class='ocrx_word' id='word_1_252' title='bbox 251 1436 452 1476; x_wconf 88' lang='lat' dir='ltr'>commodi</span> <span class='ocrx_word' id='word_1_253' title='bbox 481 1436 629 1475; x_wconf 89' lang='lat' dir='ltr'>vitandi</span> <span class='ocrx_word' id='word_1_254' title='bbox 649 1437 759 1475; x_wconf 86' lang='lat' dir='ltr'>causa</span> <span class='ocrx_word' id='word_1_255' title='bbox 789 1435 941 1475; x_wconf 87' lang='lat' dir='ltr'>Natura</span> <span class='ocrx_word' id='word_1_256' title='bbox 967 1436 1043 1487; x_wconf 86' lang='lat' dir='ltr'>ipsa</span> <span class='ocrx_word' id='word_1_257' title='bbox 1070 1436 1185 1475; x_wconf 79' lang='lat' dir='ltr'>solers</span> <span class='ocrx_word' id='word_1_258' title='bbox 1206 1448 1250 1475; x_wconf 85' lang='lat' dir='ltr'>ac</span> <span class='ocrx_word' id='word_1_259' title='bbox 1276 1434 1442 1487; x_wconf 87' lang='lat' dir='ltr'>provida</span> <span class='ocrx_word' id='word_1_260' title='bbox 1469 1447 1597 1475; x_wconf 88' lang='lat' dir='ltr'>rerum</span> <span class='ocrx_word' id='word_1_261' title='bbox 1617 1436 1791 1474; x_wconf 88' lang='lat' dir='ltr'>omnium</span> <span class='ocrx_word' id='word_1_262' title='bbox 1815 1433 2084 1486; x_wconf 83' lang='lat' dir='ltr'>dispensatrix,</span> 
     </span>
     <span class='ocr_line' id='line_1_23' title="bbox 251 1492 2082 1548; baseline -0.001 -13"><span class='ocrx_word' id='word_1_263' title='bbox 251 1498 327 1535; x_wconf 86' lang='lat' dir='ltr'>alas</span> <span class='ocrx_word' id='word_1_264' title='bbox 342 1495 543 1548; x_wconf 82' lang='lat' dir='ltr'>pedesque</span> <span class='ocrx_word' id='word_1_265' title='bbox 564 1496 880 1535; x_wconf 84' lang='lat' dir='ltr'>venenatioribus</span> <span class='ocrx_word' id='word_1_266' title='bbox 897 1497 1151 1535; x_wconf 82' lang='lat' dir='ltr'>animantibus</span> <span class='ocrx_word' id='word_1_267' title='bbox 1181 1496 1410 1547; x_wconf 73' lang='lat' dir='ltr'>denegavit,</span> <span class='ocrx_word' id='word_1_268' title='bbox 1440 1507 1490 1534; x_wconf 92' lang='lat' dir='ltr'>ne</span> <span class='ocrx_word' id='word_1_269' title='bbox 1508 1495 1671 1534; x_wconf 90' lang='lat' dir='ltr'>multum</span> <span class='ocrx_word' id='word_1_270' title='bbox 1693 1494 1912 1533; x_wconf 81' lang='lat' dir='ltr'>detrimenti</span> <span class='ocrx_word' id='word_1_271' title='bbox 1931 1492 2082 1533; x_wconf 89' lang='lat' dir='ltr'>adferre</span> 
     </span>
     <span class='ocr_line' id='line_1_24' title="bbox 247 1553 2083 1608; baseline -0.001 -14"><span class='ocrx_word' id='word_1_272' title='bbox 247 1556 414 1608; x_wconf 68' lang='lat' dir='ltr'>possent,</span> <span class='ocrx_word' id='word_1_273' title='bbox 474 1557 659 1608; x_wconf 86' lang='lat' dir='ltr'>Quisquis</span> <span class='ocrx_word' id='word_1_274' title='bbox 676 1557 828 1595; x_wconf 77' lang='lat' dir='ltr'>malitiae</span> <span class='ocrx_word' id='word_1_275' title='bbox 847 1555 969 1607; x_wconf 85' lang='lat' dir='ltr'>pedes</span> <span class='ocrx_word' id='word_1_276' title='bbox 996 1557 1122 1604; x_wconf 85' lang='lat' dir='ltr'>addit,</span> <span class='ocrx_word' id='word_1_277' title='bbox 1155 1566 1220 1595; x_wconf 91' lang='lat' dir='ltr'>aut</span> <span class='ocrx_word' id='word_1_278' title='bbox 1250 1557 1346 1603; x_wconf 85' lang='lat' dir='ltr'>alas,</span> <span class='ocrx_word' id='word_1_279' title='bbox 1378 1555 1456 1593; x_wconf 85' lang='lat' dir='ltr'>hoc</span> <span class='ocrx_word' id='word_1_280' title='bbox 1479 1566 1592 1607; x_wconf 83' lang='lat' dir='ltr'>agere</span> <span class='ocrx_word' id='word_1_281' title='bbox 1616 1554 1792 1601; x_wconf 88' lang='lat' dir='ltr'>videtur,</span> <span class='ocrx_word' id='word_1_282' title='bbox 1821 1562 1866 1591; x_wconf 89' lang='lat' dir='ltr'>ut</span> <span class='ocrx_word' id='word_1_283' title='bbox 1889 1562 2013 1591; x_wconf 86' lang='lat' dir='ltr'>currat</span> <span class='ocrx_word' id='word_1_284' title='bbox 2040 1553 2083 1592; x_wconf 91' lang='lat' dir='ltr'>il-</span> 
     </span>
     <span class='ocr_line' id='line_1_25' title="bbox 245 1610 2084 1666; baseline -0.001 -11"><span class='ocrx_word' id='word_1_285' title='bbox 245 1617 306 1665; x_wconf 90' lang='lat' dir='ltr'>la,</span> <span class='ocrx_word' id='word_1_286' title='bbox 336 1626 401 1655; x_wconf 90' lang='lat' dir='ltr'>aut</span> <span class='ocrx_word' id='word_1_287' title='bbox 425 1619 545 1654; x_wconf 89' lang='lat' dir='ltr'>volet.</span> <span class='ocrx_word' id='word_1_288' title='bbox 607 1615 742 1653; x_wconf 83' lang='lat' dir='ltr'>Solent</span> <span class='ocrx_word' id='word_1_289' title='bbox 767 1616 867 1653; x_wconf 82' lang='lat' dir='ltr'>verb</span> <span class='ocrx_word' id='word_1_290' title='bbox 899 1614 1073 1665; x_wconf 80' lang='lat' dir='ltr'>plerique</span> <span class='ocrx_word' id='word_1_291' title='bbox 1110 1616 1305 1666; x_wconf 77' lang='lat' dir='ltr'>Principes</span> <span class='ocrx_word' id='word_1_292' title='bbox 1329 1614 1517 1653; x_wconf 83' lang='lat' dir='ltr'>malorum</span> <span class='ocrx_word' id='word_1_293' title='bbox 1542 1612 1698 1665; x_wconf 81' lang='lat' dir='ltr'>potius,</span> <span class='ocrx_word' id='word_1_294' title='bbox 1730 1610 1844 1664; x_wconf 73' lang='lat' dir='ltr'>quam</span> <span class='ocrx_word' id='word_1_295' title='bbox 1866 1612 2084 1663; x_wconf 86' lang='lat' dir='ltr'>proborum</span> 
     </span>
     <span class='ocr_line' id='line_1_26' title="bbox 244 1670 2083 1727; baseline -0.001 -13"><span class='ocrx_word' id='word_1_296' title='bbox 244 1677 301 1715; x_wconf 87' lang='lat' dir='ltr'>uti</span> <span class='ocrx_word' id='word_1_297' title='bbox 328 1687 469 1727; x_wconf 89' lang='lat' dir='ltr'>opera,</span> <span class='ocrx_word' id='word_1_298' title='bbox 503 1674 553 1714; x_wconf 81' lang='lat' dir='ltr'>eo</span> <span class='ocrx_word' id='word_1_299' title='bbox 571 1673 679 1724; x_wconf 81' lang='lat' dir='ltr'>quod</span> <span class='ocrx_word' id='word_1_300' title='bbox 694 1673 853 1712; x_wconf 85' lang='lat' dir='ltr'>videant</span> <span class='ocrx_word' id='word_1_301' title='bbox 876 1674 961 1710; x_wconf 86' lang='lat' dir='ltr'>illos</span> <span class='ocrx_word' id='word_1_302' title='bbox 981 1676 1174 1710; x_wconf 78' lang='lat' dir='ltr'>ordinario</span> <span class='ocrx_word' id='word_1_303' title='bbox 1194 1684 1272 1722; x_wconf 84' lang='lat' dir='ltr'>prae</span> <span class='ocrx_word' id='word_1_304' title='bbox 1295 1670 1369 1710; x_wconf 89' lang='lat' dir='ltr'>istis</span> <span class='ocrx_word' id='word_1_305' title='bbox 1396 1670 1467 1723; x_wconf 74' lang='lat' dir='ltr'>(c)</span> <span class='ocrx_word' id='word_1_306' title='bbox 1493 1672 1569 1712; x_wconf 80' lang='lat' dir='ltr'>effe</span> <span class='ocrx_word' id='word_1_307' title='bbox 1590 1673 1811 1723; x_wconf 83' lang='lat' dir='ltr'>sagaciores.</span> <span class='ocrx_word' id='word_1_308' title='bbox 1874 1671 1951 1711; x_wconf 91' lang='lat' dir='ltr'>Sed</span> <span class='ocrx_word' id='word_1_309' title='bbox 1977 1684 2083 1723; x_wconf 85' lang='lat' dir='ltr'>egre-</span> 
     </span>
     <span class='ocr_line' id='line_1_27' title="bbox 243 1729 2082 1789; baseline -0.001 -15"><span class='ocrx_word' id='word_1_310' title='bbox 243 1737 306 1789; x_wconf 83' lang='lat' dir='ltr'>gie</span> <span class='ocrx_word' id='word_1_311' title='bbox 329 1735 534 1785; x_wconf 76' lang='lat' dir='ltr'>falluntur-3</span> <span class='ocrx_word' id='word_1_312' title='bbox 564 1744 692 1784; x_wconf 89' lang='lat' dir='ltr'>neque</span> <span class='ocrx_word' id='word_1_313' title='bbox 719 1734 819 1770; x_wconf 86' lang='lat' dir='ltr'>enim</span> <span class='ocrx_word' id='word_1_314' title='bbox 848 1730 998 1771; x_wconf 80' lang='lat' dir='ltr'>Malitia</span> <span class='ocrx_word' id='word_1_315' title='bbox 1033 1732 1212 1781; x_wconf 83' lang='lat' dir='ltr'>sapientia</span> <span class='ocrx_word' id='word_1_316' title='bbox 1239 1729 1312 1779; x_wconf 85' lang='lat' dir='ltr'>est,</span> <span class='ocrx_word' id='word_1_317' title='bbox 1343 1741 1417 1768; x_wconf 87' lang='lat' dir='ltr'>nec</span> <span class='ocrx_word' id='word_1_318' title='bbox 1448 1729 1590 1770; x_wconf 87' lang='lat' dir='ltr'>clarum</span> <span class='ocrx_word' id='word_1_319' title='bbox 1620 1731 1864 1772; x_wconf 81' lang='lat' dir='ltr'>sincerumve</span> <span class='ocrx_word' id='word_1_320' title='bbox 1893 1731 2082 1783; x_wconf 85' lang='lat' dir='ltr'>judicium</span> 
     </span>
     <span class='ocr_line' id='line_1_28' title="bbox 246 1789 2083 1847; baseline -0.002 -12"><span class='ocrx_word' id='word_1_321' title='bbox 246 1794 322 1835; x_wconf 76' lang='lat' dir='ltr'>css&#39;e</span> <span class='ocrx_word' id='word_1_322' title='bbox 339 1794 490 1847; x_wconf 87' lang='lat' dir='ltr'>potest,</span> <span class='ocrx_word' id='word_1_323' title='bbox 521 1794 588 1832; x_wconf 90' lang='lat' dir='ltr'>ubi</span> <span class='ocrx_word' id='word_1_324' title='bbox 614 1793 736 1832; x_wconf 88' lang='lat' dir='ltr'>virtus</span> <span class='ocrx_word' id='word_1_325' title='bbox 757 1804 835 1830; x_wconf 86' lang='lat' dir='ltr'>non</span> <span class='ocrx_word' id='word_1_326' title='bbox 857 1789 921 1831; x_wconf 86' lang='lat' dir='ltr'>est.</span> <span class='ocrx_word' id='word_1_327' title='bbox 988 1791 1189 1831; x_wconf 74' lang='lat' dir='ltr'>Laudabat</span> <span class='ocrx_word' id='word_1_328' title='bbox 1208 1803 1252 1829; x_wconf 88' lang='lat' dir='ltr'>ea</span> <span class='ocrx_word' id='word_1_329' title='bbox 1276 1802 1318 1830; x_wconf 89' lang='lat' dir='ltr'>re</span> <span class='ocrx_word' id='word_1_330' title='bbox 1339 1789 1583 1842; x_wconf 85' lang='lat' dir='ltr'>prudentiam</span> <span class='ocrx_word' id='word_1_331' title='bbox 1610 1790 1878 1833; x_wconf 88' lang='lat' dir='ltr'>Romanorum</span> <span class='ocrx_word' id='word_1_332' title='bbox 1904 1793 2083 1843; x_wconf 85' lang='lat' dir='ltr'>Alphon-</span> 
     </span>
     <span class='ocr_line' id='line_1_29' title="bbox 241 1850 2082 1907; baseline -0.003 -11"><span class='ocrx_word' id='word_1_333' title='bbox 241 1856 301 1896; x_wconf 90' lang='lat' dir='ltr'>sus</span> <span class='ocrx_word' id='word_1_334' title='bbox 326 1855 527 1907; x_wconf 79' lang='lat' dir='ltr'>Aragoniae</span> <span class='ocrx_word' id='word_1_335' title='bbox 547 1852 585 1892; x_wconf 61' lang='grc' dir='ltr'>ὃς</span> <span class='ocrx_word' id='word_1_336' title='bbox 607 1851 798 1903; x_wconf 80' lang='lat' dir='ltr'>Neapolis</span> <span class='ocrx_word' id='word_1_337' title='bbox 820 1851 930 1899; x_wconf 77' lang='lat' dir='ltr'>Rex,</span> <span class='ocrx_word' id='word_1_338' title='bbox 963 1852 1069 1901; x_wconf 84' lang='lat' dir='ltr'>quod</span> <span class='ocrx_word' id='word_1_339' title='bbox 1097 1851 1274 1890; x_wconf 83' lang='lat' dir='ltr'>Honoris</span> <span class='ocrx_word' id='word_1_340' title='bbox 1291 1860 1390 1901; x_wconf 58' lang='lat' dir='ltr'>temp</span> <span class='ocrx_word' id='word_1_341' title='bbox 1401 1850 1480 1890; x_wconf 90' lang='lat' dir='ltr'>lum</span> <span class='ocrx_word' id='word_1_342' title='bbox 1508 1852 1606 1890; x_wconf 88' lang='lat' dir='ltr'>intra</span> <span class='ocrx_word' id='word_1_343' title='bbox 1638 1852 1743 1904; x_wconf 89' lang='lat' dir='ltr'>septa</span> <span class='ocrx_word' id='word_1_344' title='bbox 1774 1854 1909 1904; x_wconf 87' lang='lat' dir='ltr'>templi</span> <span class='ocrx_word' id='word_1_345' title='bbox 1928 1853 2082 1892; x_wconf 88' lang='lat' dir='ltr'>virtutis</span> 
     </span>
     <span class='ocr_line' id='line_1_30' title="bbox 242 1909 2080 1964; baseline -0.002 -9"><span class='ocrx_word' id='word_1_346' title='bbox 242 1915 296 1956; x_wconf 82' lang='lat' dir='ltr'>fic</span> <span class='ocrx_word' id='word_1_347' title='bbox 322 1911 633 1960; x_wconf 76' lang='lat' dir='ltr'>construxissent,</span> <span class='ocrx_word' id='word_1_348' title='bbox 664 1920 706 1950; x_wconf 89' lang='lat' dir='ltr'>ut</span> <span class='ocrx_word' id='word_1_349' title='bbox 731 1910 879 1949; x_wconf 80' lang='lat' dir='ltr'>nonnisi</span> <span class='ocrx_word' id='word_1_350' title='bbox 900 1923 970 1961; x_wconf 85' lang='lat' dir='ltr'>per</span> <span class='ocrx_word' id='word_1_351' title='bbox 990 1912 1067 1950; x_wconf 86' lang='lat' dir='ltr'>hoc</span> <span class='ocrx_word' id='word_1_352' title='bbox 1087 1911 1178 1949; x_wconf 88' lang='lat' dir='ltr'>illud</span> <span class='ocrx_word' id='word_1_353' title='bbox 1206 1912 1370 1961; x_wconf 87' lang='lat' dir='ltr'>cuipiam</span> <span class='ocrx_word' id='word_1_354' title='bbox 1390 1909 1524 1950; x_wconf 90' lang='lat' dir='ltr'>liceret</span> <span class='ocrx_word' id='word_1_355' title='bbox 1548 1913 1714 1963; x_wconf 83' lang='lat' dir='ltr'>ingredi,</span> <span class='ocrx_word' id='word_1_356' title='bbox 1745 1911 1795 1952; x_wconf 79' lang='lat' dir='ltr'>eb</span> <span class='ocrx_word' id='word_1_357' title='bbox 1819 1912 1926 1964; x_wconf 89' lang='lat' dir='ltr'>quod</span> <span class='ocrx_word' id='word_1_358' title='bbox 1953 1912 2080 1952; x_wconf 86' lang='lat' dir='ltr'>existi-</span> 
     </span>
     <span class='ocr_line' id='line_1_31' title="bbox 241 1969 2080 2021; baseline -0.002 -6"><span class='ocrx_word' id='word_1_359' title='bbox 241 1984 390 2016; x_wconf 87' lang='lat' dir='ltr'>marent</span> <span class='ocrx_word' id='word_1_360' title='bbox 411 1972 625 2013; x_wconf 88' lang='lat' dir='ltr'>honoribus</span> <span class='ocrx_word' id='word_1_361' title='bbox 644 1970 839 2020; x_wconf 67' lang='lat' dir='ltr'>indignum</span> <span class='ocrx_word' id='word_1_362' title='bbox 867 1969 941 2009; x_wconf 78' lang='lat' dir='ltr'>effe</span> <span class='ocrx_word' id='word_1_363' title='bbox 972 1983 1079 2017; x_wconf 88' lang='lat' dir='ltr'>eum,</span> <span class='ocrx_word' id='word_1_364' title='bbox 1110 1971 1174 2020; x_wconf 87' lang='lat' dir='ltr'>qui</span> <span class='ocrx_word' id='word_1_365' title='bbox 1211 1969 1419 2008; x_wconf 85' lang='lat' dir='ltr'>virtutibus</span> <span class='ocrx_word' id='word_1_366' title='bbox 1444 1981 1525 2008; x_wconf 90' lang='lat' dir='ltr'>non</span> <span class='ocrx_word' id='word_1_367' title='bbox 1549 1972 1738 2021; x_wconf 81' lang='lat' dir='ltr'>polleret3</span> <span class='ocrx_word' id='word_1_368' title='bbox 1770 1985 1844 2012; x_wconf 89' lang='lat' dir='ltr'>nec</span> <span class='ocrx_word' id='word_1_369' title='bbox 1868 1973 1916 2011; x_wconf 87' lang='lat' dir='ltr'>ad</span> <span class='ocrx_word' id='word_1_370' title='bbox 1953 1973 2080 2011; x_wconf 81' lang='lat' dir='ltr'>officia</span> 
     </span>
     <span class='ocr_line' id='line_1_32' title="bbox 242 2027 2078 2088; baseline -0.002 -13"><span class='ocrx_word' id='word_1_371' title='bbox 242 2035 281 2075; x_wconf 85' lang='lat'>&amp;</span> <span class='ocrx_word' id='word_1_372' title='bbox 316 2034 517 2088; x_wconf 85' lang='lat' dir='ltr'>dignitates</span> <span class='ocrx_word' id='word_1_373' title='bbox 551 2030 836 2077; x_wconf 88' lang='lat' dir='ltr'>admittendos,</span> <span class='ocrx_word' id='word_1_374' title='bbox 868 2032 931 2080; x_wconf 85' lang='lat' dir='ltr'>qui</span> <span class='ocrx_word' id='word_1_375' title='bbox 965 2044 1045 2070; x_wconf 84' lang='lat' dir='ltr'>non</span> <span class='ocrx_word' id='word_1_376' title='bbox 1081 2029 1184 2080; x_wconf 79' lang='lat' dir='ltr'>prius</span> <span class='ocrx_word' id='word_1_377' title='bbox 1213 2029 1366 2068; x_wconf 89' lang='lat' dir='ltr'>virtutis</span> <span class='ocrx_word' id='word_1_378' title='bbox 1400 2027 1634 2069; x_wconf 86' lang='lat' dir='ltr'>vestibulum</span> <span class='ocrx_word' id='word_1_379' title='bbox 1670 2030 1876 2075; x_wconf 74' lang='lat' dir='ltr'>subiissent.</span> <span class='ocrx_word' id='word_1_380' title='bbox 1934 2030 1986 2070; x_wconf 90' lang='lat' dir='ltr'>Et</span> <span class='ocrx_word' id='word_1_381' title='bbox 2011 2034 2078 2083; x_wconf 88' lang='lat' dir='ltr'>qui</span> 
     </span>
     <span class='ocr_line' id='line_1_33' title="bbox 243 2087 2076 2146; baseline -0.002 -12"><span class='ocrx_word' id='word_1_382' title='bbox 243 2096 389 2146; x_wconf 85' lang='lat' dir='ltr'>absque</span> <span class='ocrx_word' id='word_1_383' title='bbox 411 2090 532 2134; x_wconf 65' lang='lat' dir='ltr'>isthac</span> <span class='ocrx_word' id='word_1_384' title='bbox 549 2089 726 2130; x_wconf 86' lang='lat' dir='ltr'>Minister</span> <span class='ocrx_word' id='word_1_385' title='bbox 767 2091 900 2140; x_wconf 82' lang='lat' dir='ltr'>aliquis</span> <span class='ocrx_word' id='word_1_386' title='bbox 931 2087 1170 2142; x_wconf 79' lang='lat' dir='ltr'>Reipublica:</span> <span class='ocrx_word' id='word_1_387' title='bbox 1198 2090 1299 2128; x_wconf 89' lang='lat' dir='ltr'>utilis</span> <span class='ocrx_word' id='word_1_388' title='bbox 1331 2087 1406 2126; x_wconf 79' lang='lat' dir='ltr'>effe</span> <span class='ocrx_word' id='word_1_389' title='bbox 1434 2090 1614 2139; x_wconf 75' lang='lat' dir='ltr'>poterit?</span> <span class='ocrx_word' id='word_1_390' title='bbox 1644 2090 1848 2139; x_wconf 86' lang='lat' dir='ltr'>quomodo</span> <span class='ocrx_word' id='word_1_391' title='bbox 1881 2092 1979 2130; x_wconf 89' lang='lat' dir='ltr'>inter</span> <span class='ocrx_word' id='word_1_392' title='bbox 1997 2093 2076 2143; x_wconf 85' lang='lat' dir='ltr'>ipsa</span> 
     </span>
     <span class='ocr_line' id='line_1_34' title="bbox 243 2146 2074 2202; baseline -0.002 -7"><span class='ocrx_word' id='word_1_393' title='bbox 243 2156 338 2194; x_wconf 91' lang='lat' dir='ltr'>vitia</span> <span class='ocrx_word' id='word_1_394' title='bbox 362 2156 469 2193; x_wconf 87' lang='lat' dir='ltr'>locus</span> <span class='ocrx_word' id='word_1_395' title='bbox 489 2154 560 2191; x_wconf 89' lang='lat' dir='ltr'>erit</span> <span class='ocrx_word' id='word_1_396' title='bbox 583 2150 821 2198; x_wconf 83' lang='lat' dir='ltr'>Prudentiae,</span> <span class='ocrx_word' id='word_1_397' title='bbox 852 2149 1030 2201; x_wconf 83' lang='lat' dir='ltr'>Justitiae,</span> <span class='ocrx_word' id='word_1_398' title='bbox 1058 2149 1307 2196; x_wconf 85' lang='lat' dir='ltr'>Clementiae,</span> <span class='ocrx_word' id='word_1_399' title='bbox 1330 2146 1564 2187; x_wconf 88' lang='lat' dir='ltr'>Fortitudini</span> <span class='ocrx_word' id='word_1_400' title='bbox 1580 2178 1591 2196; x_wconf 83' lang='grc'>,</span> <span class='ocrx_word' id='word_1_401' title='bbox 1622 2151 1848 2202; x_wconf 82' lang='lat' dir='ltr'>caeterisque</span> <span class='ocrx_word' id='word_1_402' title='bbox 1865 2152 2074 2192; x_wconf 87' lang='lat' dir='ltr'>virtutibus</span> 
     </span>
     <span class='ocr_line' id='line_1_35' title="bbox 241 2207 2074 2262; baseline -0.003 -7"><span class='ocrx_word' id='word_1_403' title='bbox 241 2217 278 2255; x_wconf 91' lang='lat' dir='ltr'>ei</span> <span class='ocrx_word' id='word_1_404' title='bbox 305 2212 541 2260; x_wconf 75' lang='lat' dir='ltr'>necessariis,</span> <span class='ocrx_word' id='word_1_405' title='bbox 573 2211 637 2262; x_wconf 92' lang='lat' dir='ltr'>qui</span> <span class='ocrx_word' id='word_1_406' title='bbox 658 2223 745 2249; x_wconf 91' lang='lat' dir='ltr'>cum</span> <span class='ocrx_word' id='word_1_407' title='bbox 765 2211 928 2261; x_wconf 89' lang='lat' dir='ltr'>imperio</span> <span class='ocrx_word' id='word_1_408' title='bbox 945 2208 1081 2262; x_wconf 83' lang='lat' dir='ltr'>&#39;praeest</span> <span class='ocrx_word' id='word_1_409' title='bbox 1108 2210 1186 2247; x_wconf 86' lang='lat' dir='ltr'>aliis</span> <span class='ocrx_word' id='word_1_410' title='bbox 1203 2209 1222 2247; x_wconf 68' lang='lat'>‘3</span> <span class='ocrx_word' id='word_1_411' title='bbox 1253 2207 1458 2259; x_wconf 86' lang='lat' dir='ltr'>quomodo</span> <span class='ocrx_word' id='word_1_412' title='bbox 1476 2209 1529 2256; x_wconf 86' lang='lat' dir='ltr'>is,</span> <span class='ocrx_word' id='word_1_413' title='bbox 1561 2210 1624 2259; x_wconf 90' lang='lat' dir='ltr'>qui</span> <span class='ocrx_word' id='word_1_414' title='bbox 1646 2219 1774 2261; x_wconf 88' lang='lat' dir='ltr'>paret,</span> <span class='ocrx_word' id='word_1_415' title='bbox 1807 2221 1870 2249; x_wconf 85' lang='lat' dir='ltr'>eas</span> <span class='ocrx_word' id='word_1_416' title='bbox 1890 2211 2074 2260; x_wconf 86' lang='lat' dir='ltr'>tuebitur,</span> 
     </span>
     <span class='ocr_line' id='line_1_36' title="bbox 241 2267 2132 2327; baseline -0.001 -12"><span class='ocrx_word' id='word_1_417' title='bbox 241 2287 326 2327; x_wconf 68' lang='lat' dir='ltr'>qum</span> <span class='ocrx_word' id='word_1_418' title='bbox 346 2275 392 2314; x_wconf 85' lang='lat' dir='ltr'>ab</span> <span class='ocrx_word' id='word_1_419' title='bbox 411 2273 490 2325; x_wconf 90' lang='lat' dir='ltr'>ipso</span> <span class='ocrx_word' id='word_1_420' title='bbox 508 2271 753 2322; x_wconf 87' lang='lat' dir='ltr'>requiruntur</span> <span class='ocrx_word' id='word_1_421' title='bbox 768 2301 778 2318; x_wconf 87' lang='lat'>‚</span> <span class='ocrx_word' id='word_1_422' title='bbox 798 2270 823 2308; x_wconf 87' lang='grc'>11</span> <span class='ocrx_word' id='word_1_423' title='bbox 850 2269 946 2309; x_wconf 79' lang='lat' dir='ltr'>desit</span> <span class='ocrx_word' id='word_1_424' title='bbox 970 2271 1194 2321; x_wconf 73' lang='lat' dir='ltr'>exemplum</span> <span class='ocrx_word' id='word_1_425' title='bbox 1219 2267 1507 2316; x_wconf 72' lang='lat' dir='ltr'>ministrorum,</span> <span class='ocrx_word' id='word_1_426' title='bbox 1541 2280 1705 2320; x_wconf 91' lang='lat' dir='ltr'>quorum</span> <span class='ocrx_word' id='word_1_427' title='bbox 1723 2269 1917 2320; x_wconf 65' lang='lat' dir='ltr'>aetiones,</span> <span class='ocrx_word' id='word_1_428' title='bbox 1942 2283 2071 2312; x_wconf 89' lang='lat' dir='ltr'>mores</span> <span class='ocrx_word' id='word_1_429' title='bbox 2130 2287 2132 2314; x_wconf 63' lang='lat' dir='ltr'>l</span> 
     </span>
     <span class='ocr_line' id='line_1_37' title="bbox 241 2327 2073 2387; baseline -0.002 -13"><span class='ocrx_word' id='word_1_430' title='bbox 241 2347 319 2387; x_wconf 90' lang='lat' dir='ltr'>que</span> <span class='ocrx_word' id='word_1_431' title='bbox 344 2332 491 2374; x_wconf 80' lang='lat' dir='ltr'>attente</span> <span class='ocrx_word' id='word_1_432' title='bbox 510 2333 710 2378; x_wconf 82' lang='lat' dir='ltr'>observat,</span> <span class='ocrx_word' id='word_1_433' title='bbox 726 2329 763 2369; x_wconf 90' lang='lat'>&amp;</span> <span class='ocrx_word' id='word_1_434' title='bbox 786 2342 873 2369; x_wconf 86' lang='lat' dir='ltr'>cum</span> <span class='ocrx_word' id='word_1_435' title='bbox 900 2331 1120 2369; x_wconf 81' lang='lat' dir='ltr'>adulatione</span> <span class='ocrx_word' id='word_1_436' title='bbox 1138 2329 1335 2368; x_wconf 78' lang='lat' dir='ltr'>imitatur?</span> <span class='ocrx_word' id='word_1_437' title='bbox 1364 2327 1586 2368; x_wconf 88' lang='lat' dir='ltr'>Ministrum</span> <span class='ocrx_word' id='word_1_438' title='bbox 1607 2331 1752 2369; x_wconf 85' lang='lat' dir='ltr'>virtute</span> <span class='ocrx_word' id='word_1_439' title='bbox 1777 2330 1981 2382; x_wconf 84' lang='lat' dir='ltr'>praeditum</span> <span class='ocrx_word' id='word_1_440' title='bbox 2000 2332 2073 2383; x_wconf 84' lang='lat' dir='ltr'>po-</span> 
     </span>
     <span class='ocr_line' id='line_1_38' title="bbox 240 2387 2068 2448; baseline -0.002 -14"><span class='ocrx_word' id='word_1_441' title='bbox 240 2396 355 2448; x_wconf 90' lang='lat' dir='ltr'>pulus</span> <span class='ocrx_word' id='word_1_442' title='bbox 382 2395 418 2433; x_wconf 91' lang='lat' dir='ltr'>in</span> <span class='ocrx_word' id='word_1_443' title='bbox 453 2393 705 2431; x_wconf 87' lang='lat' dir='ltr'>veneratione</span> <span class='ocrx_word' id='word_1_444' title='bbox 733 2391 871 2439; x_wconf 82' lang='lat' dir='ltr'>habet,</span> <span class='ocrx_word' id='word_1_445' title='bbox 903 2391 1050 2441; x_wconf 82' lang='lat' dir='ltr'>sibique</span> <span class='ocrx_word' id='word_1_446' title='bbox 1078 2389 1300 2441; x_wconf 82' lang='lat' dir='ltr'>persuadet,</span> <span class='ocrx_word' id='word_1_447' title='bbox 1331 2389 1424 2428; x_wconf 84' lang='lat' dir='ltr'>nihil</span> <span class='ocrx_word' id='word_1_448' title='bbox 1455 2401 1536 2429; x_wconf 91' lang='lat' dir='ltr'>non</span> <span class='ocrx_word' id='word_1_449' title='bbox 1553 2387 1659 2429; x_wconf 65' lang='lat' dir='ltr'>reete</span> <span class='ocrx_word' id='word_1_450' title='bbox 1679 2391 1725 2429; x_wconf 89' lang='lat' dir='ltr'>ab</span> <span class='ocrx_word' id='word_1_451' title='bbox 1760 2401 1810 2430; x_wconf 91' lang='lat' dir='ltr'>eo</span> <span class='ocrx_word' id='word_1_452' title='bbox 1840 2392 1898 2443; x_wconf 85' lang='lat' dir='ltr'>agi</span> <span class='ocrx_word' id='word_1_453' title='bbox 1930 2390 2068 2443; x_wconf 76' lang='lat' dir='ltr'>poss&#39;e3</span> 
     </span>
     <span class='ocr_line' id='line_1_39' title="bbox 241 2448 2070 2504; baseline -0.003 -9"><span class='ocrx_word' id='word_1_454' title='bbox 241 2465 377 2494; x_wconf 87' lang='lat' dir='ltr'>contra</span> <span class='ocrx_word' id='word_1_455' title='bbox 393 2451 531 2493; x_wconf 85' lang='lat' dir='ltr'>nullam</span> <span class='ocrx_word' id='word_1_456' title='bbox 555 2449 721 2490; x_wconf 72' lang='lat' dir='ltr'>Mini‘tri</span> <span class='ocrx_word' id='word_1_457' title='bbox 740 2451 895 2500; x_wconf 82' lang='lat' dir='ltr'>alicujus</span> <span class='ocrx_word' id='word_1_458' title='bbox 919 2452 1005 2490; x_wconf 86' lang='lat' dir='ltr'>mali</span> <span class='ocrx_word' id='word_1_459' title='bbox 1034 2448 1225 2488; x_wconf 62' lang='lat' dir='ltr'>aaronem</span> <span class='ocrx_word' id='word_1_460' title='bbox 1248 2450 1286 2488; x_wconf 92' lang='lat' dir='ltr'>in</span> <span class='ocrx_word' id='word_1_461' title='bbox 1306 2450 1507 2490; x_wconf 87' lang='lat' dir='ltr'>meliorem</span> <span class='ocrx_word' id='word_1_462' title='bbox 1534 2457 1684 2503; x_wconf 89' lang='lat' dir='ltr'>partem</span> <span class='ocrx_word' id='word_1_463' title='bbox 1716 2451 1879 2503; x_wconf 87' lang='lat' dir='ltr'>accipit,</span> <span class='ocrx_word' id='word_1_464' title='bbox 1911 2459 1977 2489; x_wconf 86' lang='lat' dir='ltr'>aut</span> <span class='ocrx_word' id='word_1_465' title='bbox 2004 2463 2070 2504; x_wconf 84' lang='lat' dir='ltr'>ap-</span> 
     </span>
     <span class='ocr_line' id='line_1_40' title="bbox 241 2508 2069 2568; baseline -0.002 -14"><span class='ocrx_word' id='word_1_466' title='bbox 241 2516 398 2568; x_wconf 80' lang='lat' dir='ltr'>probat.</span> <span class='ocrx_word' id='word_1_467' title='bbox 458 2513 662 2564; x_wconf 88' lang='lat' dir='ltr'>Optimum</span> <span class='ocrx_word' id='word_1_468' title='bbox 690 2510 889 2550; x_wconf 79' lang='lat' dir='ltr'>consilium</span> <span class='ocrx_word' id='word_1_469' title='bbox 917 2513 954 2550; x_wconf 91' lang='lat' dir='ltr'>in</span> <span class='ocrx_word' id='word_1_470' title='bbox 980 2512 1108 2550; x_wconf 87' lang='lat' dir='ltr'>senatu</span> <span class='ocrx_word' id='word_1_471' title='bbox 1128 2509 1344 2562; x_wconf 87' lang='lat' dir='ltr'>Sparthano</span> <span class='ocrx_word' id='word_1_472' title='bbox 1365 2509 1652 2550; x_wconf 88' lang='lat' dir='ltr'>Demosthenes</span> <span class='ocrx_word' id='word_1_473' title='bbox 1682 2508 1862 2558; x_wconf 75' lang='lat' dir='ltr'>dederat-3</span> <span class='ocrx_word' id='word_1_474' title='bbox 1893 2509 1957 2550; x_wconf 91' lang='lat' dir='ltr'>sed</span> <span class='ocrx_word' id='word_1_475' title='bbox 1980 2513 2069 2563; x_wconf 88' lang='lat' dir='ltr'>quia</span> 
     </span>
     <span class='ocr_line' id='line_1_41' title="bbox 239 2569 2068 2628; baseline -0.002 -13"><span class='ocrx_word' id='word_1_476' title='bbox 239 2576 368 2628; x_wconf 85' lang='lat' dir='ltr'>paffim</span> <span class='ocrx_word' id='word_1_477' title='bbox 404 2574 526 2613; x_wconf 90' lang='lat' dir='ltr'>homo</span> <span class='ocrx_word' id='word_1_478' title='bbox 562 2570 768 2625; x_wconf 82' lang='lat' dir='ltr'>flagitiosus</span> <span class='ocrx_word' id='word_1_479' title='bbox 797 2570 1004 2619; x_wconf 87' lang='lat' dir='ltr'>audiebat,</span> <span class='ocrx_word' id='word_1_480' title='bbox 1035 2580 1278 2622; x_wconf 87' lang='lat' dir='ltr'>acceptatum</span> <span class='ocrx_word' id='word_1_481' title='bbox 1310 2581 1390 2609; x_wconf 89' lang='lat' dir='ltr'>non</span> <span class='ocrx_word' id='word_1_482' title='bbox 1434 2570 1536 2619; x_wconf 83' lang='lat' dir='ltr'>fuit,</span> <span class='ocrx_word' id='word_1_483' title='bbox 1567 2569 1631 2610; x_wconf 91' lang='lat' dir='ltr'>sed</span> <span class='ocrx_word' id='word_1_484' title='bbox 1669 2571 1783 2610; x_wconf 90' lang='lat' dir='ltr'>alium</span> <span class='ocrx_word' id='word_1_485' title='bbox 1819 2572 1984 2622; x_wconf 86' lang='lat' dir='ltr'>aliquem</span> <span class='ocrx_word' id='word_1_486' title='bbox 2016 2583 2068 2612; x_wconf 84' lang='lat' dir='ltr'>ex</span> 
     </span>
     <span class='ocr_line' id='line_1_42' title="bbox 240 2630 2067 2688; baseline -0.002 -13"><span class='ocrx_word' id='word_1_487' title='bbox 240 2635 491 2688; x_wconf 85' lang='lat' dir='ltr'>Ephororum</span> <span class='ocrx_word' id='word_1_488' title='bbox 510 2633 645 2673; x_wconf 82' lang='lat' dir='ltr'>ordine</span> <span class='ocrx_word' id='word_1_489' title='bbox 662 2630 764 2671; x_wconf 91' lang='lat' dir='ltr'>idem</span> <span class='ocrx_word' id='word_1_490' title='bbox 782 2630 874 2670; x_wconf 88' lang='lat' dir='ltr'>illud</span> <span class='ocrx_word' id='word_1_491' title='bbox 892 2631 1089 2670; x_wconf 82' lang='lat' dir='ltr'>consilium</span> <span class='ocrx_word' id='word_1_492' title='bbox 1112 2630 1202 2670; x_wconf 86' lang='lat' dir='ltr'>dare</span> <span class='ocrx_word' id='word_1_493' title='bbox 1224 2631 1418 2682; x_wconf 85' lang='lat' dir='ltr'>oportuit,</span> <span class='ocrx_word' id='word_1_494' title='bbox 1449 2641 1493 2671; x_wconf 90' lang='lat' dir='ltr'>ut</span> <span class='ocrx_word' id='word_1_495' title='bbox 1511 2631 1777 2681; x_wconf 86' lang='lat' dir='ltr'>admitterent,</span> <span class='ocrx_word' id='word_1_496' title='bbox 1810 2632 1848 2671; x_wconf 74' lang='grc' dir='ltr'>δε</span> <span class='ocrx_word' id='word_1_497' title='bbox 1868 2633 2067 2672; x_wconf 88' lang='lat' dir='ltr'>executio-</span> 
     </span>
     <span class='ocr_line' id='line_1_43' title="bbox 240 2689 2067 2743; baseline -0.003 -7"><span class='ocrx_word' id='word_1_498' title='bbox 240 2698 280 2736; x_wconf 85' lang='lat' dir='ltr'>ni</span> <span class='ocrx_word' id='word_1_499' title='bbox 298 2695 533 2735; x_wconf 85' lang='lat' dir='ltr'>mandarent.</span> <span class='ocrx_word' id='word_1_500' title='bbox 596 2691 710 2731; x_wconf 87' lang='lat' dir='ltr'>Tanti</span> <span class='ocrx_word' id='word_1_501' title='bbox 737 2689 880 2738; x_wconf 76' lang='lat' dir='ltr'>refert,</span> <span class='ocrx_word' id='word_1_502' title='bbox 912 2692 1011 2731; x_wconf 89' lang='lat' dir='ltr'>hanc</span> <span class='ocrx_word' id='word_1_503' title='bbox 1037 2691 1175 2743; x_wconf 86' lang='lat' dir='ltr'>populi</span> <span class='ocrx_word' id='word_1_504' title='bbox 1196 2690 1477 2743; x_wconf 85' lang='lat' dir='ltr'>persuasionem</span> <span class='ocrx_word' id='word_1_505' title='bbox 1503 2691 1578 2732; x_wconf 81' lang='lat' dir='ltr'>ess&#39;e</span> <span class='ocrx_word' id='word_1_506' title='bbox 1607 2691 1775 2740; x_wconf 90' lang='lat' dir='ltr'>bonam,</span> <span class='ocrx_word' id='word_1_507' title='bbox 1807 2701 1850 2731; x_wconf 92' lang='lat' dir='ltr'>ut</span> <span class='ocrx_word' id='word_1_508' title='bbox 1880 2698 1963 2730; x_wconf 74' lang='lat' dir='ltr'>tum</span> <span class='ocrx_word' id='word_1_509' title='bbox 1998 2692 2067 2731; x_wconf 89' lang='lat' dir='ltr'>eti-</span> 
     </span>
     <span class='ocr_line' id='line_1_44' title="bbox 241 2749 2065 2805; baseline -0.003 -10"><span class='ocrx_word' id='word_1_510' title='bbox 241 2768 302 2795; x_wconf 84' lang='lat' dir='ltr'>am</span> <span class='ocrx_word' id='word_1_511' title='bbox 319 2785 332 2805; x_wconf 87' lang='lat'>,</span> <span class='ocrx_word' id='word_1_512' title='bbox 363 2754 450 2793; x_wconf 81' lang='lat' dir='ltr'>cum</span> <span class='ocrx_word' id='word_1_513' title='bbox 473 2750 649 2792; x_wconf 85' lang='lat' dir='ltr'>Minister</span> <span class='ocrx_word' id='word_1_514' title='bbox 667 2750 823 2791; x_wconf 79' lang='lat' dir='ltr'>minime</span> <span class='ocrx_word' id='word_1_515' title='bbox 844 2751 965 2791; x_wconf 87' lang='lat' dir='ltr'>malus</span> <span class='ocrx_word' id='word_1_516' title='bbox 994 2750 1070 2799; x_wconf 88' lang='lat' dir='ltr'>est,</span> <span class='ocrx_word' id='word_1_517' title='bbox 1101 2749 1339 2803; x_wconf 83' lang='lat' dir='ltr'>periclitetur</span> <span class='ocrx_word' id='word_1_518' title='bbox 1366 2760 1494 2792; x_wconf 84' lang='lat' dir='ltr'>tamen</span> <span class='ocrx_word' id='word_1_519' title='bbox 1513 2754 1551 2791; x_wconf 92' lang='lat' dir='ltr'>in</span> <span class='ocrx_word' id='word_1_520' title='bbox 1572 2753 1746 2792; x_wconf 84' lang='lat' dir='ltr'>manibus</span> <span class='ocrx_word' id='word_1_521' title='bbox 1769 2751 1848 2803; x_wconf 86' lang='lat' dir='ltr'>ejus</span> <span class='ocrx_word' id='word_1_522' title='bbox 1878 2751 2065 2804; x_wconf 86' lang='lat' dir='ltr'>guberna-</span> 
     </span>
     <span class='ocr_line' id='line_1_45' title="bbox 239 2810 2128 2866; baseline -0.002 -12"><span class='ocrx_word' id='word_1_523' title='bbox 239 2817 318 2864; x_wconf 88' lang='lat' dir='ltr'>tio,</span> <span class='ocrx_word' id='word_1_524' title='bbox 349 2813 375 2853; x_wconf 88' lang='grc'>11</span> <span class='ocrx_word' id='word_1_525' title='bbox 397 2813 416 2852; x_wconf 75' lang='lat' dir='ltr'>a</span> <span class='ocrx_word' id='word_1_526' title='bbox 441 2814 590 2864; x_wconf 85' lang='lat' dir='ltr'>populo</span> <span class='ocrx_word' id='word_1_527' title='bbox 620 2812 745 2851; x_wconf 77' lang='lat' dir='ltr'>minus</span> <span class='ocrx_word' id='word_1_528' title='bbox 767 2810 873 2851; x_wconf 64' lang='lat' dir='ltr'>reete</span> <span class='ocrx_word' id='word_1_529' title='bbox 905 2811 1093 2852; x_wconf 78' lang='lat' dir='ltr'>sentiente</span> <span class='ocrx_word' id='word_1_530' title='bbox 1124 2824 1196 2864; x_wconf 83' lang='lat' dir='ltr'>pro</span> <span class='ocrx_word' id='word_1_531' title='bbox 1230 2811 1387 2850; x_wconf 89' lang='lat' dir='ltr'>homine</span> <span class='ocrx_word' id='word_1_532' title='bbox 1419 2813 1560 2852; x_wconf 86' lang='lat' dir='ltr'>vitioso</span> <span class='ocrx_word' id='word_1_533' title='bbox 1588 2811 1790 2853; x_wconf 86' lang='lat' dir='ltr'>habeatur.</span> <span class='ocrx_word' id='word_1_534' title='bbox 1852 2810 1989 2850; x_wconf 90' lang='lat' dir='ltr'>Movit</span> <span class='ocrx_word' id='word_1_535' title='bbox 2017 2823 2063 2851; x_wconf 82' lang='lat' dir='ltr'>ea</span> <span class='ocrx_word' id='word_1_536' title='bbox 2091 2862 2094 2866; x_wconf 56' lang='lat'><em>„</em></span> <span class='ocrx_word' id='word_1_537' title='bbox 2126 2818 2128 2823; x_wconf 72' lang='grc'><strong>“</strong></span> 
     </span>
     <span class='ocr_line' id='line_1_46' title="bbox 237 2869 2092 2927; baseline -0.002 -12"><span class='ocrx_word' id='word_1_538' title='bbox 237 2887 299 2915; x_wconf 89' lang='lat' dir='ltr'>res</span> <span class='ocrx_word' id='word_1_539' title='bbox 323 2873 535 2913; x_wconf 89' lang='lat' dir='ltr'>Henricum</span> <span class='ocrx_word' id='word_1_540' title='bbox 553 2872 743 2924; x_wconf 83' lang='lat' dir='ltr'>Quartum</span> <span class='ocrx_word' id='word_1_541' title='bbox 768 2873 914 2923; x_wconf 82' lang='lat' dir='ltr'>Angliae</span> <span class='ocrx_word' id='word_1_542' title='bbox 939 2872 1088 2924; x_wconf 77' lang='lat' dir='ltr'>Regem</span> <span class='ocrx_word' id='word_1_543' title='bbox 1116 2871 1136 2927; x_wconf 85' lang='lat'>(</span> <span class='ocrx_word' id='word_1_544' title='bbox 1150 2871 1237 2911; x_wconf 79' lang='lat' dir='ltr'>cum</span> <span class='ocrx_word' id='word_1_545' title='bbox 1262 2871 1367 2923; x_wconf 87' lang='lat' dir='ltr'>regni</span> <span class='ocrx_word' id='word_1_546' title='bbox 1394 2873 1650 2923; x_wconf 87' lang='lat' dir='ltr'>gubernacula</span> <span class='ocrx_word' id='word_1_547' title='bbox 1677 2869 1910 2924; x_wconf 77' lang='lat' dir='ltr'>susciperet&gt;</span> <span class='ocrx_word' id='word_1_548' title='bbox 1931 2878 1973 2909; x_wconf 91' lang='lat' dir='ltr'>ut</span> <span class='ocrx_word' id='word_1_549' title='bbox 1996 2871 2065 2912; x_wconf 86' lang='lat' dir='ltr'>abs</span> <span class='ocrx_word' id='word_1_550' title='bbox 2090 2877 2092 2880; x_wconf 86' lang='lat'>&#39;</span> 
     </span>
     <span class='ocr_line' id='line_1_47' title="bbox 235 2930 2058 2983; baseline -0.002 -8"><span class='ocrx_word' id='word_1_551' title='bbox 235 2935 274 2976; x_wconf 90' lang='lat' dir='ltr'>se</span> <span class='ocrx_word' id='word_1_552' title='bbox 299 2934 537 2982; x_wconf 87' lang='lat' dir='ltr'>dimitteret,</span> <span class='ocrx_word' id='word_1_553' title='bbox 577 2945 674 2983; x_wconf 90' lang='lat' dir='ltr'>quos</span> <span class='ocrx_word' id='word_1_554' title='bbox 708 2933 917 2971; x_wconf 84' lang='lat' dir='ltr'>licentioris</span> <span class='ocrx_word' id='word_1_555' title='bbox 948 2934 1038 2971; x_wconf 80' lang='lat' dir='ltr'>vitae</span> <span class='ocrx_word' id='word_1_556' title='bbox 1070 2936 1106 2972; x_wconf 91' lang='lat' dir='ltr'>in</span> <span class='ocrx_word' id='word_1_557' title='bbox 1140 2942 1251 2971; x_wconf 85' lang='lat' dir='ltr'>aetate</span> <span class='ocrx_word' id='word_1_558' title='bbox 1276 2931 1438 2982; x_wconf 86' lang='lat' dir='ltr'>juvenili</span> <span class='ocrx_word' id='word_1_559' title='bbox 1463 2933 1653 2974; x_wconf 89' lang='lat' dir='ltr'>habuerat</span> <span class='ocrx_word' id='word_1_560' title='bbox 1682 2933 1827 2980; x_wconf 89' lang='lat' dir='ltr'>socios,</span> <span class='ocrx_word' id='word_1_561' title='bbox 1856 2930 2058 2982; x_wconf 86' lang='lat' dir='ltr'>malosque</span> 
     </span>
    </p>
   </div>
   <div class='ocr_carea' id='block_1_6' title="bbox 2080 1250 2132 3730">
    <p class='ocr_par' dir='ltr' id='par_1_7' title="bbox 2080 1250 2132 3730">
     <span class='ocr_line' id='line_1_48' title="bbox 2121 1250 2132 1395; baseline 0 -40"><span class='ocrx_word' id='word_1_562' title='bbox 2121 1250 2132 1395; x_wconf 95' lang='lat' dir='ltr'>  </span> 
     </span>
     <span class='ocr_line' id='line_1_49' title="bbox 2109 1395 2132 1576; baseline 0 -62"><span class='ocrx_word' id='word_1_563' title='bbox 2109 1395 2132 1576; x_wconf 95' lang='lat' dir='ltr'>   </span> 
     </span>
     <span class='ocr_line' id='line_1_50' title="bbox 2084 1576 2132 1819; baseline 0 -70"><span class='ocrx_word' id='word_1_564' title='bbox 2084 1576 2132 1819; x_wconf 95' lang='lat' dir='ltr'>    </span> 
     </span>
     <span class='ocr_line' id='line_1_51' title="bbox 2084 1819 2129 1935; baseline 0 -65"><span class='ocrx_word' id='word_1_565' title='bbox 2084 1819 2129 1935; x_wconf 95' lang='lat' dir='ltr'>  </span> 
     </span>
     <span class='ocr_line' id='line_1_52' title="bbox 2080 1935 2132 3730; baseline 0 0"><span class='ocrx_word' id='word_1_566' title='bbox 2080 1935 2132 3730; x_wconf 95' lang='lat' dir='ltr'>   </span> 
     </span>
    </p>
   </div>
   <div class='ocr_carea' id='block_1_7' title="bbox 243 3197 2086 3225">
    <p class='ocr_par' dir='ltr' id='par_1_8' title="bbox 243 3197 2086 3225">
     <span class='ocr_line' id='line_1_53' title="bbox 243 3197 2086 3225; baseline -0.007 -8"><span class='ocrx_word' id='word_1_567' title='bbox 243 3200 1013 3214; x_wconf 63' lang='lat' dir='ltr'><em>———-—--——-————-—-—s——-.-..——-—</em></span> <span class='ocrx_word' id='word_1_568' title='bbox 1021 3197 2052 3214; x_wconf 58' lang='lat'><em>9—-————————-—--———·..——-—-—--—-—-—-—·——·</em></span> <span class='ocrx_word' id='word_1_569' title='bbox 2084 3207 2086 3225; x_wconf 62' lang='lat' dir='ltr'>l</span> 
     </span>
    </p>
   </div>
   <div class='ocr_carea' id='block_1_8' title="bbox 233 3231 2084 3356">
    <p class='ocr_par' dir='ltr' id='par_1_9' title="bbox 233 3231 2084 3351">
     <span class='ocr_line' id='line_1_54' title="bbox 345 3231 2056 3299; baseline -0.009 -15"><span class='ocrx_word' id='word_1_570' title='bbox 345 3247 401 3293; x_wconf 86' lang='lat' dir='ltr'>(a)</span> <span class='ocrx_word' id='word_1_571' title='bbox 427 3245 543 3284; x_wconf 81' lang='lat' dir='ltr'>Tacit.</span> <span class='ocrx_word' id='word_1_572' title='bbox 565 3247 611 3283; x_wconf 84' lang='grc'><strong>1.·</strong></span> <span class='ocrx_word' id='word_1_573' title='bbox 613 3244 759 3294; x_wconf 85' lang='lat' dir='ltr'>4.¹Hist.</span> <span class='ocrx_word' id='word_1_574' title='bbox 811 3246 871 3292; x_wconf 86' lang='lat' dir='ltr'>(b)</span> <span class='ocrx_word' id='word_1_575' title='bbox 901 3248 998 3281; x_wconf 75' lang='lat' dir='ltr'>Nam</span> <span class='ocrx_word' id='word_1_576' title='bbox 1025 3242 1087 3297; x_wconf 84' lang='lat' dir='ltr'>qui</span> <span class='ocrx_word' id='word_1_577' title='bbox 1104 3253 1275 3293; x_wconf 77' lang='lat' dir='ltr'>magnam</span> <span class='ocrx_word' id='word_1_578' title='bbox 1290 3236 1496 3299; x_wconf 76' lang='lat' dir='ltr'>potestatem</span> <span class='ocrx_word' id='word_1_579' title='bbox 1509 3234 1654 3275; x_wconf 81' lang='lat' dir='ltr'>habent,</span> <span class='ocrx_word' id='word_1_580' title='bbox 1679 3233 1838 3284; x_wconf 75' lang='lat' dir='ltr'>etiamst</span> <span class='ocrx_word' id='word_1_581' title='bbox 1847 3231 1913 3288; x_wconf 83' lang='lat' dir='ltr'>ipst</span> <span class='ocrx_word' id='word_1_582' title='bbox 1930 3231 2056 3270; x_wconf 70' lang='lat' dir='ltr'>nudius</span> 
     </span>
     <span class='ocr_line' id='line_1_55' title="bbox 233 3285 2084 3356; baseline -0.005 -24"><span class='ocrx_word' id='word_1_583' title='bbox 233 3298 349 3356; x_wconf 81' lang='lat' dir='ltr'>pretii</span> <span class='ocrx_word' id='word_1_584' title='bbox 359 3296 455 3346; x_wconf 74' lang='lat' dir='ltr'>sint,</span> <span class='ocrx_word' id='word_1_585' title='bbox 478 3298 629 3337; x_wconf 77' lang='lat' dir='ltr'>muitum</span> <span class='ocrx_word' id='word_1_586' title='bbox 641 3307 772 3334; x_wconf 81' lang='lat' dir='ltr'>nocent.</span> <span class='ocrx_word' id='word_1_587' title='bbox 801 3297 915 3334; x_wconf 89' lang='lat' dir='ltr'>Arist.</span> <span class='ocrx_word' id='word_1_588' title='bbox 926 3297 986 3333; x_wconf 83' lang='lat' dir='ltr'>li·.b</span> <span class='ocrx_word' id='word_1_589' title='bbox 1013 3309 1043 3332; x_wconf 90' lang='lat'>1.</span> <span class='ocrx_word' id='word_1_590' title='bbox 1058 3293 1136 3332; x_wconf 86' lang='lat' dir='ltr'>Pol.</span> <span class='ocrx_word' id='word_1_591' title='bbox 1160 3305 1191 3330; x_wconf 87' lang='lat' dir='ltr'>c</span> <span class='ocrx_word' id='word_1_592' title='bbox 1208 3305 1246 3339; x_wconf 81' lang='lat'>9.</span> <span class='ocrx_word' id='word_1_593' title='bbox 1300 3295 1358 3340; x_wconf 88' lang='lat' dir='ltr'>(c)</span> <span class='ocrx_word' id='word_1_594' title='bbox 1384 3290 1466 3330; x_wconf 80' lang='lat' dir='ltr'>Filii</span> <span class='ocrx_word' id='word_1_595' title='bbox 1484 3288 1587 3339; x_wconf 78' lang='lat' dir='ltr'><em>hujus</em></span> <span class='ocrx_word' id='word_1_596' title='bbox 1599 3285 2055 3340; x_wconf 69' lang='lat' dir='ltr'>ficuliprudentioresfiliis</span> <span class='ocrx_word' id='word_1_597' title='bbox 2082 3314 2084 3340; x_wconf 57' lang='lat'>3</span> 
     </span>
    </p>
   </div>
   <div class='ocr_carea' id='block_1_9' title="bbox 238 3348 1074 3404">
    <p class='ocr_par' dir='ltr' id='par_1_10' title="bbox 238 3348 1074 3404">
     <span class='ocr_line' id='line_1_56' title="bbox 238 3348 1074 3404; baseline -0.005 -15"><span class='ocrx_word' id='word_1_598' title='bbox 238 3350 326 3393; x_wconf 73' lang='lat' dir='ltr'>lucis</span> <span class='ocrx_word' id='word_1_599' title='bbox 344 3351 385 3389; x_wconf 79' lang='lat' dir='ltr'>in</span> <span class='ocrx_word' id='word_1_600' title='bbox 400 3353 629 3404; x_wconf 75' lang='lat' dir='ltr'>generatione</span> <span class='ocrx_word' id='word_1_601' title='bbox 643 3349 714 3400; x_wconf 72' lang='lat' dir='ltr'>sim</span> <span class='ocrx_word' id='word_1_602' title='bbox 732 3348 826 3399; x_wconf 64' lang='lat' dir='ltr'>siant.</span> <span class='ocrx_word' id='word_1_603' title='bbox 854 3352 943 3388; x_wconf 88' lang='lat' dir='ltr'>Luc.</span> <span class='ocrx_word' id='word_1_604' title='bbox 965 3353 1020 3387; x_wconf 84' lang='lat'>16.</span> <span class='ocrx_word' id='word_1_605' title='bbox 1041 3355 1074 3390; x_wconf 98' lang='grc'><strong>3</strong></span> 
     </span>
    </p>
   </div>
  </div>
 </body>
</html>
