2132 3730
516 196 1496 242 SYMBOLAPOLIYJCA.
1822 217 1876 258 59

222 285 457 335 Antiquores
473 281 715 334 Respublicae
745 292 826 321 non
851 282 988 322 nesciae
1005 283 1165 323 omnino
1190 312 1203 332 ,
1232 295 1418 334 quantum
1450 285 1716 328 conducerent
1734 286 1878 338 Satyrae

70 347 118 388 ad
143 343 302 387 arcenda
318 342 484 383 infamiae
505 353 613 382 metu
631 343 724 382 vitia
747 355 757 381 ε
786 342 825 382 in
843 342 1000 382 theatris
1024 343 1188 395 publicis
1221 344 1300 384 illas
1324 346 1576 397 permiserunt
1598 377 1612 398 ‚
1642 347 1707 388 sed
1738 351 1881 401 paulla.

69 409 138 447 tim
161 405 182 446 a
202 405 398 444 communi
412 416 564 444 morum
581 401 880 455 reprehenfione
893 403 940 443 ad
951 402 1252 444 obtrectationes
1262 407 1506 456 particulares
1524 420 1686 449 ventum
1704 408 1778 459 est,
1798 422 1880 451 non

69 467 147 508 fine
161 465 269 518 gravi
294 464 455 504 honoris
478 462 720 516 quorundam
743 462 923 510 laesione;
953 463 1058 504 unde
1081 474 1227 504 exortae
1245 463 1458 516 fatuones,
1489 467 1526 506 &
1548 480 1598 508 ex
1619 470 1662 509 iis
1672 469 1879 510 seditiones

67 526 272 580 populares
291 538 302 564 .·
330 525 418 576 quia
440 524 467 576 ζ
467 522 513 580 a)
529 524 673 576 Spiritu
698 522 738 563 S.
761 522 877 574 teste,
908 525 1035 577 lingua
1051 524 1238 564 maledica
1256 527 1386 565 turbat
1398 539 1559 578 pacem,
1590 529 1629 568 &
1645 528 1803 571 familias
1824 532 1881 571 in·

67 596 209 637 tegras,
237 597 282 625 ac
299 586 476 625 civitates
502 586 656 624 evertit.
744 582 802 624 Ea
818 584 868 625 de
885 584 1017 632 causa,
1046 596 1097 624 ne
1117 597 1271 625 morum
1293 585 1486 626 correctio
1503 599 1554 626 ex
1579 592 1720 630 malitia
1745 593 1881 644 linguae

64 645 252 700 penderet
268 675 281 695 ,
313 654 378 684 aut
395 646 549 693 calami,
565 643 778 684 Censorum
803 657 942 685 munus
962 642 1177 684 institutum
1192 643 1288 692 fuit3
1320 649 1384 697 qui
1400 646 1628 687 auctoritate
1645 651 1799 700 publica
1811 652 1881 692 fin—

64 705 239 760 gulorum
260 715 441 745 notarent
458 716 586 745 mores
603 734 616 754 ‚
646 713 762 756 atque
780 706 1028 756 corrigerent.
1116 704 1306 756 Perquam
1329 708 1423 745 utile
1443 717 1536 746 tunc
1557 707 1630 747 suit
1649 708 1746 750 istud
1764 712 1883 752 offici-

64 777 130 805 um
149 795 161 814 ,
192 765 258 805 diu
273 766 516 816 multumque
537 766 686 817 viguit,
716 766 805 816 quia
823 762 1058 804 verecundia
1078 763 1116 803 δε
1138 766 1352 805 animorum
1369 766 1556 806 modestia
1580 768 1658 819 ejus
1676 771 1880 811 tuebantur

60 824 364 877 jurisdictionem
390 837 403 871 ;
433 826 512 865 hoc
533 824 665 864 nostro
684 834 813 864 tamen
828 834 1008 875 tempore
1027 823 1185 864 effectui
1207 824 1286 865 dari
1303 838 1384 866 non
1401 826 1527 879 poss'et
1549 841 1557 866 ε
1587 827 1761 881 superbia
1782 833 1885 872 enim

19 923 21 927 ,
63 885 102 925 &
116 896 267 925 morum
290 887 443 925 licentia
464 897 560 925 mox
585 885 661 924 sese
693 884 820 924 modis
838 884 1018 923 omnibus
1032 884 1083 923 illi
1095 896 1378 937 opponerent,¹¹
1388 887 1485 927 ficut
1503 900 1607 928 nunc
1623 889 1694 942 ipss
1710 889 1884 931 refistunt

63 943 304 998 Magistratui
325 975 339 995 ,
369 947 616 997 quantumvis
636 945 791 996 optimis
807 944 956 997 legibus
979 943 1016 983 &
1036 945 1270 986 authoritate
1306 947 1462 999 publica
1493 959 1639 989 armato
1658 980 1671 999 ,
1703 950 1884 1002 adeoque

63 1006 147 1044 risui
166 1004 205 1044 ὅτ,
224 1006 391 1045 ludibrio
412 1006 544 1046 forent
561 1004 773 1053 Censores,
803 1016 886 1044 non
906 1004 1054 1055 absque
1074 1004 1207 1057 insigni
1228 1008 1421 1059 regiminis
1446 1010 1641 1060 periculo:
1670 1011 1764 1050 nihil
1780 1012 1884 1051 enim

61 1066 266 1105 nocentius
286 1096 298 1114 ‚
330 1066 422 1106 nihil
444 1065 551 1116 quod
574 1067 666 1104 vitia
685 1065 802 1117 magis
821 1064 1046 1104 insolescere
1062 1063 1179 1105 faciat
1200 1096 1214 1116 ,
1245 1068 1361 1118 quam
1382 1067 1411 1107 s1
1433 1069 1520 1108 talia
1546 1069 1800 1111 adhibeantur
1825 1082 1883 1111 re·

61 1126 188 1165 media
207 1155 218 1174 ,
251 1139 335 1176 quae
359 1126 626 1176 delinquentes
648 1124 861 1176 despiciunt
876 1137 921 1163 ac
937 1124 1075 1165 rident.

177 1184 212 1235 §.
245 1185 351 1224 Sicut
373 1197 502 1224 autem
526 1188 681 1224 censura
706 1197 859 1224 morum
888 1184 1206 1238 corrigendorum
1233 1185 1343 1225 causa
1377 1186 1598 1228 introducta
1632 1188 1732 1238 fuit,
1762 1190 1814 1230 ita
1845 1189 1885 1231 δε

61 1254 225 1296 propter
242 1247 386 1284 civium
413 1243 639 1293 facultates,
670 1254 714 1283 ut
729 1245 870 1285 scilicet
893 1257 991 1296 opes
1008 1258 1053 1285 ac
1075 1245 1252 1286 fortunas
1275 1245 1508 1299 singulorum
1533 1248 1696 1291 referret
1713 1251 1752 1290 in
1775 1251 1886 1290 tabu-

60 1304 143 1352 las,
176 1304 213 1343 δι
236 1305 481 1355 personarum
499 1314 648 1343 certum
669 1304 781 1344 iniret
805 1315 1042 1357 numerum3
1073 1305 1110 1344 &
1130 1308 1306 1357 quamvis
1327 1319 1468 1359 magno
1496 1309 1738 1362 Reipublicae
1761 1310 1885 1361 bono,

62 1363 150 1403 cum
168 1364 268 1415 apud
293 1364 454 1403 Graecos
473 1393 486 1412 ,
513 1374 594 1403 tum
624 1363 727 1416 apud
745 1363 907 1404 Latinos
940 1364 1007 1404 diu
1026 1364 1093 1404 ista
1114 1365 1358 1406 consuetudo
1384 1366 1582 1419 floruerit,
1613 1371 1732 1410 hodie
1754 1380 1884 1412 tamen

60 1423 101 1463 id
120 1423 235 1463 valde
256 1423 349 1464 effer
364 1423 563 1472 odiosum,
581 1423 618 1464 ὅτ.
643 1423 798 1476 grandia
826 1434 979 1476 pareret
995 1425 1268 1471 incommoda,
1300 1428 1389 1478 quia
1405 1427 1498 1468 scire
1512 1439 1589 1470 tam
1609 1430 1787 1471 accurate
1798 1432 1885 1471 sub-

5 1490 9 1496 '
61 1483 229 1524 ditorum
250 1496 454 1525 numerum
474 1513 487 1534 ,
517 1483 798 1524 &facultatum
825 1485 1117 1535 conditionem,
1147 1485 1194 1525 ad
1212 1487 1304 1526 nihil
1331 1486 1498 1528 deservit
1522 1490 1624 1530 aliud
1650 1520 1662 1540 ,
1701 1504 1815 1544 quam
1842 1502 1884 1532 ut

61 1545 211 1583 tributis
231 1543 268 1584 &
292 1544 559 1585 exactionibus
577 1546 603 1584 ii
629 1545 748 1599 magis
772 1554 994 1586 onerentur.
1055 1543 1257 1598 Tanquam
1283 1559 1490 1599 peccatum
1517 1552 1772 1603 gravissimum
1800 1554 1882 1593 vin-

63 1602 206 1643 dicavit
225 1604 337 1646 Deus
354 1607 454 1646 illam
473 1606 610 1657 populi
628 1605 818 1645 israelitici
832 1618 903 1658 per
920 1606 1046 1658 capita
1061 1606 1328 1647 recensionem
1343 1637 1356 1657 ,
1389 1619 1504 1659 quam
1530 1609 1602 1665 (h)
1621 1611 1755 1652 David
1784 1612 1886 1653 insti-

8 1708 10 1711 ,
59 1672 186 1702 tuerat
213 1674 224 1707 ε
256 1664 327 1720 (c)
356 1664 461 1724 Qgtid
479 1667 566 1704 enim
581 1673 655 1705 tam
679 1663 805 1704 durum
830 1694 844 1713 ,
873 1674 1012 1718 tamque
1031 1665 1310 1716 inhumaszmnest
1330 1697 1344 1716 ,
1380 1680 1482 1719 quam
1501 1670 1729 1720 publicatione
1746 1703 1758 1721 ‚
1787 1682 1885 1725 pom-

53 1730 170 1775 paque
198 1737 316 1764 rerum
321 1723 557 1777 familiarium
575 1753 588 1772 ,
618 1722 910 1774 &paupertatis
925 1723 1034 1774 detegi
1058 1724 1269 1774 utilitatem,
1300 1723 1353 1769 ἕρ
1369 1726 1512 1767 invidiae
1541 1738 1704 1781 &ponere
1718 1731 1882 1783 divitias,

62 1783 262 1834 cupiditati
279 1784 315 1824 ἃ
336 1786 476 1837 rapinae
502 1794 565 1822 eas
586 1781 821 1832 objiciendo.
884 1783 1007 1837 Quod
1028 1783 1056 1822 fi
1073 1785 1112 1822 in
1127 1786 1199 1823 illis
1220 1784 1515 1837 Rebuspublicis
1534 1788 1702 1829 Censura
1722 1792 1800 1832 fine
1822 1794 1883 1833 his

64 1844 323 1884 incommodis
341 1843 512 1884 exerceri
543 1843 634 1879 olim
651 1842 783 1891 potuit
799 1869 812 1889 ,
841 1842 932 1883 ideo
949 1841 1096 1880 factum
1112 1842 1167 1880 est
1184 1870 1196 1889 ‚
1226 1846 1316 1894 quia
1337 1847 1377 1883 in
1394 1848 1577 1896 primaeva
1597 1850 1658 1888 sua
1674 1851 1878 1892 institutio-

63 1913 115 1942 ne
148 1914 305 1954 recepta
325 1903 400 1943 fuit
423 1901 470 1940 ab
489 1899 687 1946 omnibus,
719 1908 785 1937 aut
804 1905 891 1948 quia
907 1900 1021 1940 animi
1043 1901 1166 1940 minus
1181 1902 1271 1943 elati
1292 1913 1386 1944 tunc
1407 1916 1538 1959 erant,
1562 1910 1766 1963 minusque
1786 1923 1882 1953 con«

61 1967 119 2001 tra
135 1963 325 2004 rationem
350 1961 512 2003 rebelles
532 1988 546 2010 ,
577 1957 692 2011 quam
716 1958 774 1998 his
796 1962 934 2004 nostris
955 1961 1210 2014 temporibus.

559 2134 1204 2206 SYMBOLUM
1259 2138 1409 2208 XV.

65 2276 317 2418 QUam
341 2281 482 2322 vellem
511 2281 703 2334 praesentis
728 2278 979 2322 Emblematis
1002 2281 1219 2332 symbolum
1239 2283 1366 2335 legere
1395 2283 1486 2324 mihi
1504 2284 1637 2326 liceret
1653 2286 1691 2326 in
1711 2285 1878 2340 pettori-

242 2343 314 2394 bus
336 2344 509 2382 omnium
532 2343 771 2395 Principum,
793 2351 909 2393 atque
925 2353 967 2382 ut
985 2342 1314 2394 quemadmodum
1337 2345 1442 2397 ignes
1471 2346 1618 2386 miffiles
1645 2359 1716 2400 per
1749 2350 1880 2392 ae‘rem

246 2404 452 2443 volitantes
477 2401 658 2442 astrorum
676 2404 869 2442 imitantur
888 2402 1152 2454 splendorem,
1173 2402 1382 2456 lucentque
1397 2417 1491 2445 mox
1509 2416 1624 2458 atque
1651 2409 1881 2452 emittuntur

66 2460 91 2502 ὲ
106 2474 222 2502 manu
245 2491 257 2512 ,
288 2462 414 2502 donec
445 2464 483 2502 in
502 2464 647 2502 cineres
664 2464 831 2506 abeantt
862 2464 914 2502 ita
935 2466 973 2503 in
1004 2465 1073 2503 illis
1099 2477 1256 2517 quoque
1287 2463 1312 2519 ζ
1331 2477 1420 2506 nam
1442 2465 1615 2519 Sipiritus
1635 2468 1783 2510 sanetus
1807 2473 1877 2525 igni

64 2520 236 2576 effitlgenti
252 2517 324 2578 (d)
355 2534 424 2563 eos
446 2524 685 2576 comparat)
713 2533 908 2576 nunquam
928 2535 1008 2564 non
1027 2524 1176 2565 arderet
1195 2523 1307 2566 famae
1320 2525 1548 2567 desiderium
1562 2557 1575 2577 ,
1603 2527 1642 2567 δι

451 2620 553 2635 -···
589 2592 658 2660 (e)
682 2591 785 2662 fax
818 2597 990 2647 mentis
1015 2596 1205 2668 honesta:

460 2663 635 2716 Gloria
659 2683 678 2727 >⁸
904 2683 907 2686 ’

65 2744 140 2775 nec
162 2733 375 2785 quicquam·
387 2736 493 2786 pensi
510 2730 715 2787 haberent,
734 2736 841 2791 quod
865 2737 974 2791 pastu
990 2738 1143 2779 flamma
1167 2737 1233 2779 ista
1256 2737 1423 2792 indigeat
1440 2769 1453 2790 ,
1484 2739 1647 2793 quodve
1664 2740 1703 2782 id
1726 2769 1737 2791 -,
1769 2738 1877 2793 quod

66 2794 174 2834 ardet
203 2793 500 2843 vehementius3
532 2798 641 2836 citius
660 2800 774 2841 etiam
798 2800 1053 2841 consumatur.
1115 2798 1221 2840 Nam
1240 2801 1388 2841 tametsi
1413 2804 1630 2844 communis
1659 2803 1704 2843 s1t
1725 2803 1874 2843 homini

65 2866 154 2895 cum
169 2854 420 2895 animantibus
441 2857 619 2897 omnibus
635 2859 821 2912 cupiditas
842 2862 903 2901 illa
925 2859 1159 2914 prorogandi
1186 2862 1332 2909 vitam;
1362 2861 1498 2903 harum
1525 2873 1654 2904 tamen
1676 2862 1761 2905 finis
1783 2864 1875 2903 alius

1038 2921 1067 2961 P
1092 2935 1120 2962 2
1794 2933 1874 2963 non

169 3032 232 3078 (a)
257 3027 397 3076 Sufizrro
428 3029 474 3074 &-
496 3029 659 3085 bilinguis
678 3033 886 3073 maledic-lus
903 3047 915 3070 .·
941 3035 1068 3074 multos
1098 3038 1192 3074 enim
1216 3035 1386 3076 turbavit
1401 3050 1524 3092 pacem
1548 3038 1714 3077 habentes
1735 3040 1876 3090 Lingna

66 3082 179 3117 tertia
200 3082 326 3126 maltos
348 3109 356 3123 ,
382 3087 568 3122 commovit
591 3084 636 3128 όν
659 3085 810 3139 dispersit
828 3088 900 3126 Mos
928 3089 970 3126 de
986 3100 1096 3142 gente
1116 3090 1155 3126 in
1173 3101 1331 3143 gentem.
1385 3094 1566 3130 Civitates
1585 3102 1751 3130 muratas
1777 3091 1876 3129 divi-

66 3142 143 3169 tum
163 3133 341 3189 destruxt't
358 3163 367 3176 ‚
392 3136 438 3180 (ῤ’
463 3137 574 3175 domos
599 3140 817 3191 Magnattim
831 3139 964 3195 effidit.
1020 3143 1115 3181 Eccl.
1139 3151 1200 3185 28.
1224 3156 1281 3190 15.
1334 3146 1395 3194 (b)
1421 3144 1562 3196 Pecuffit
1582 3154 1704 3181 autem
1719 3158 1775 3181 cvr
1797 3148 1874 3180 Da-

67 3183 139 3222 vid
141 3183 245 3230 strum
261 3214 270 3228 ,
289 3187 469 3242 pcstquam
489 3201 696 3229 numeratus
719 3192 764 3245 cst
779 3194 921 3246 populus
943 3223 952 3237 ‚
978 3194 1024 3239 ό*
1056 3196 1156 3234 dixit
1163 3196 1296 3235 David
1310 3197 1362 3235 ad
1374 3200 1585 3236 Dominum:
1611 3196 1876 3234 Peccavivalde

65 3242 106 3277 in
122 3233 181 3273 hoc
199 3237 311 3289 fallo.
341 3253 376 3278 2.
394 3244 473 3294 Reg
514 3257 576 3293 24.
615 3257 670 3282 10.
725 3247 783 3294 (c)
795 3247 820 3285 1.
838 3248 929 3286 2.C.
951 3251 1085 3299 quand.
1109 3251 1144 3288 δ(
1169 3249 1269 3300 quib.
1289 3263 1405 3302 quart·
1434 3262 1524 3301 pars·
1572 3251 1634 3294 (d)
1647 3248 1876 3304 Qastigni'

65 3286 246 3342 effulgens.
271 3292 368 3330 Eccl.
396 3307 454 3340 50.
473 3308 508 3341 9.
564 3301 621 3345 (e)
647 3296 707 3336 Sil.
