2132 3730
493 192 1459 238 SYMBOLAPOLITICA.
1820 202 1878 242 ὅτ’

93 281 172 319 aliis
194 278 369 319 omnibus
393 276 431 314 in
445 276 572 327 pretio
589 275 672 315 sunt
689 276 987 316 &honoratiora
1010 278 1047 316 in
1070 278 1176 317 bello
1209 283 1403 330 occup‘ant
1419 289 1576 319 munera
1598 309 1610 328 ,
1639 280 1776 331 quibus
1790 279 1879 320 No-

91 339 277 378 bilitatem
293 344 357 374 aut
371 334 524 387 adipisci
547 337 712 388 primum
734 366 746 385 ,
776 345 841 375 aut
854 335 929 388 jam
949 336 1124 389 adeptam
1143 347 1281 387 augere
1308 338 1427 388 porro
1446 369 1459 388 ,
1488 340 1682 392 magisque
1699 337 1880 380 illustrare

89 398 253 439 valeant.
328 393 425 446 Spes
441 393 500 434 illa
515 407 673 447 magnos
704 395 788 435 orbi
804 396 941 436 heroas
966 396 1072 437 dedit
1089 426 1100 443 ,
1130 395 1168 435 &
1194 394 1354 446 insignes
1373 397 1491 438 duces
1508 400 1698 450 preteritis
1715 399 1876 449 saeculis3

89 459 154 498 ubi
171 454 266 495 vero
288 465 334 493 ea
352 453 517 494 defuerit
529 484 541 504 ,
572 456 829 495 contemnitur
849 458 996 496 militia:
1025 454 1101 495 sola
1117 456 1218 495 enim
1234 467 1433 497 munerum
1448 460 1661 499 militarium
1672 460 1789 512 gloria
1799 460 1879 500 bel-

88 518 113 556 li
141 513 387 556 incommoda
414 514 451 554 &
469 516 636 566 pericula
653 514 761 554 solari
778 514 918 566 potest.
976 515 1068 556 Nec
1094 513 1185 554 illud
1207 523 1353 554 certum
1377 518 1535 556 omnino
1551 546 1564 566 ,
1595 519 1702 570 quod
1726 519 1881 571 quidam

88 584 303 624 autumant,
332 573 570 614 illustriorem
587 574 727 614 scilicet
746 574 960 628 sanguinem
975 575 1106 626 majori
1125 575 1161 613 in
1180 577 1430 615 veneratione
1449 574 1548 625 esse,
1578 587 1642 617 aut
1651 578 1776 619 eidem
1787 580 1880 620 obe-

87 635 156 675 diri
170 635 406 686 promptius:
436 633 504 674 nisi
526 635 626 674 enim
653 636 804 674 virtutis
828 634 1010 675 accedant
1027 643 1268 682 ornamenta,
1297 635 1509 686 prudentiae
1532 637 1735 687 praesertiin
1749 639 1786 679 &
1802 639 1883 680 for·

85 694 254 734 titudinis
275 724 287 742 ,
319 695 443 734 omnis
463 694 647 734 submissio
665 695 836 735 exhibita
856 695 1040 747 sanguini,
1072 695 1240 733 exterior
1256 694 1377 735 solum
1395 697 1518 735 cultus
1542 696 1634 745 erit,
1663 708 1742 736 non
1765 700 1811 738 ab
1826 701 1882 739 in—

85 755 215 793 teriori
236 752 435 806 profe&us
450 754 589 794 animo.
648 753 845 794 Virtutem
866 754 902 794 ἀ
921 753 1179 793 excelsitatem
1202 756 1338 793 mentis
1354 785 1365 803 ‚
1397 768 1481 807 quae
1501 755 1569 794 fibi
1584 755 1670 806 ipsae
1687 755 1883 800 fortunam

84 813 315 854 fabricantur
330 844 341 861 ,
371 813 451 852 illas
472 812 626 865 suspicit
648 815 793 854 animus
814 814 851 854 &
876 812 1092 853 admiratur.
1175 812 1337 854 Oceano
1361 813 1511 868 Magno
1542 814 1758 855 Columbus
1779 818 1884 871 leges

83 873 238 926 posuit3
270 873 307 913 δε
334 873 436 915 Orbi
454 885 563 913 novo
581 873 823 913 Hermannus
843 871 1035 927 Cottesius
1054 903 1065 921 ‚
1097 873 1161 924 qui
1184 874 1274 913 licet
1293 874 1495 915 illustribus
1511 875 1699 914 natalibus
1717 878 1881 917 ortinon

12 964 13 967 η
82 933 247 982 fuerint,
276 934 347 972 suis
363 943 488 973 tamen
507 932 789 974 Successoribus
813 931 1071 972 Nobilitatem
1097 944 1330 985 pepererunt
1345 964 1356 981 ‚
1386 944 1428 974 ut
1457 935 1630 973 maximis
1654 934 1758 974 Viris
1775 947 1887 987 pares

12 990 13 995 ’
80 991 158 1032 ess'e
172 991 336 1045 possent.
399 992 640 1033 Celebriores
674 993 783 1033 fluvii
817 991 838 1031 ὲ
868 992 1107 1032 tenuioribus
1131 991 1214 1031 fere
1238 992 1369 1032 rivulis
1394 996 1580 1046 originem
1600 993 1746 1034 ducunt
1768 1004 1886 1047 atque

81 1054 250 1101 initium,
280 1053 383 1092 haud
407 1054 524 1106 longo
560 1063 688 1093 tamen
722 1050 810 1104 post
832 1053 1035 1092 intervallo
1061 1051 1084 1091 a
1106 1052 1254 1092 suomet
1281 1054 1395 1092 alveo
1428 1065 1574 1094 nomen
1610 1054 1815 1095 sortiuntur
1832 1055 1885 1099 2&

82 1115 252 1166 gloriam.

253 1171 287 1223 §.
319 1171 510 1223 Equidem
534 1173 572 1211 in
597 1172 721 1220 bello,
751 1171 817 1210 ubi
848 1171 970 1210 virtus
998 1169 1036 1210 δε
1059 1168 1250 1210 fortitudo
1280 1172 1398 1224 magis
1420 1170 1667 1221 aestimantur,
1699 1172 1885 1225 expediet

82 1229 130 1269 ad
148 1231 300 1270 altiores
327 1233 520 1271 honorum
546 1230 682 1283 gradus
711 1231 880 1271 evehere
906 1242 994 1278 eOS,
1027 1231 1091 1281 qui
1111 1231 1224 1270 rebus
1246 1230 1426 1283 praeclare
1444 1231 1554 1285 gestis
1574 1231 1612 1272 id
1634 1231 1776 1272 fuerint
1795 1245 1886 1284 pro-

81 1291 226 1338 meriti,
249 1290 316 1330 etsi
339 1288 442 1329 forte
465 1289 641 1340 splendor
657 1287 885 1330 Nobilitatis
911 1288 1098 1336 defuerit;
1131 1292 1235 1341 pacis
1261 1300 1388 1331 tamen
1419 1301 1615 1343 ternpore,
1646 1291 1765 1345 &Ost
1781 1292 1887 1333 Rem-

9 1370 11 1402 2
70 1349 241 1401 publicam
262 1352 402 1401 gnaris,
432 1347 484 1392 ἐξ)
500 1361 562 1388 non
577 1350 689 1400 magni
707 1350 815 1400 pretii
833 1347 1021 1389 hominihus
1041 1351 1224 1389 committat
1240 1349 1419 1402 Princeps
1433 1382 1443 1399 ,
1463 1349 1588 1404 statim
1614 1350 1665 1394 &⁶³
1688 1351 1887 1402 Nobilium,

9 1442 11 1447 ⁴
77 1421 119 1448 ac
139 1407 351 1461 strenuorum
370 1411 460 1449 iram
480 1409 515 1448 iii
537 1404 807 1461 stapervocabit,
836 1408 875 1448 oh
898 1415 1113 1460 coiiteiiiptatiz
1130 1407 1380 1462 eorumfidem,
1409 1409 1461 1454 ὣς)
1478 1411 1633 1450 nummis
1652 1412 1687 1450 in
1703 1411 1804 1451 rebus
1824 1411 1888 1450 da-

9 1479 11 1496 ÷
78 1482 156 1508 mim
164 1472 333 1521 patietur.
395 1467 517 1521 Quod
542 1478 623 1507 tum
644 1468 874 1520 potissimum
898 1467 1056 1517 accidit,
1087 1480 1174 1508 cum
1191 1467 1375 1509 Subditus
1398 1468 1601 1510 rarioribus
1618 1468 1639 1509 a
1664 1480 1796 1510 natura
1818 1470 1887 1510 do-

7 1549 11 1583 ξ
77 1529 136 1568 nis
156 1527 355 1568 instrutffms
380 1528 454 1575 est,
482 1531 562 1568 non
578 1527 675 1568 vero
696 1539 786 1568 cum
801 1528 974 1568 inclaruit
991 1527 1068 1578 jam
1085 1528 1188 1580 apud
1221 1531 1410 1581 populum
1425 1560 1437 1579 ,
1467 1530 1505 1570 &
1521 1541 1588 1569 ore
1621 1531 1793 1570 omnium
1826 1541 1889 1569 ce-

8 1585 11 1595 “
79 1589 266 1637 lebratur,
297 1587 474 1639 adeoque
499 1588 574 1640 ipsa
596 1587 795 1628 Natalium
816 1587 1023 1628 obscuritas
1048 1586 1068 1625 a
1085 1587 1296 1639 praestantia
1314 1589 1350 1629 ἃ
1376 1588 1532 1630 dotibus
1556 1591 1670 1629 animi
1703 1590 1786 1630 satis
1807 1590 1889 1629 illu-

8 1647 10 1652 ’
78 1645 189 1686 strata
205 1648 271 1691 est.
333 1647 485 1687 Multos
509 1647 712 1695 videmus,
742 1649 808 1699 qui
834 1645 905 1701 (h)
936 1659 978 1686 ex
990 1643 1211 1696 Jevidentur
1233 1651 1331 1696 miri,
1360 1650 1416 1687 uti
1441 1649 1490 1688 de
1517 1649 1652 1688 Curtio
1681 1649 1803 1688 Ruffo
1834 1648 1889 1689 di-

79 1718 168 1746 cere
189 1708 332 1748 solebat
347 1706 537 1746 Tiberius.
598 1707 640 1745 In
656 1707 729 1747 hos
745 1707 840 1746 tales
859 1704 1008 1758 optime
1028 1707 1215 1746 convenit
1231 1707 1294 1745 illa
1316 1707 1397 1746 laus
1416 1708 1529 1748 bonae
1554 1706 1752 1749 electionis
1766 1708 1886 1751 Mini-

79 1764 240 1809 strorum
255 1766 359 1819 apud
377 1764 654 1806 Claudianum:

268 1905 286 1915 -
320 1909 337 1919 -
368 1905 390 1917 -
428 1873 588 1926 Lefflos
611 1891 668 1924 ex
691 1873 917 1924 omnibus
943 1874 1042 1927 oris

261 1945 466 1997 Evebih
503 1943 568 1997 ὅς’
585 1945 814 1994 meritum
833 1961 1091 2013 nunquam
1107 1941 1350 1998 cunabula
1372 1950 1571 2016 quaerit,

250 2015 315 2068 Et
331 2012 517 2084 qualis,
553 2033 648 2065 non
678 2011 802 2066 unde
802 2009 966 2083 fhtus.

243 2138 278 2191 §.
312 2138 435 2192 Quod
465 2138 494 2179 fi
525 2137 723 2178 Nobilitas
750 2147 816 2179 aut
838 2140 921 2179 otio
949 2147 1013 2178 aut
1029 2136 1173 2178 deliciis
1196 2149 1378 2192 corrupta
1399 2139 1535 2190 fuerit,
1567 2139 1801 2183 suadendum
1815 2153 1887 2196 po·

5 2205 8 2210 '
76 2199 149 2239 tius
165 2228 177 2246 ‚
206 2208 250 2239 ut
267 2201 451 2239 exercitio
472 2199 510 2238 δε
535 2199 698 2250 praemiis
717 2199 778 2238 illa
795 2197 1041 2246 instauretur,
1073 2197 1187 2250 quam
1203 2201 1272 2239 alia
1299 2200 1488 2240 condatur
1512 2199 1625 2253 plan'e
1647 2213 1766 2246 nova.
1813 2204 1888 2242 Ar.

76 2268 233 2309 gentum
253 2259 290 2298 &
311 2272 442 2299 aurum
469 2257 648 2299 facillime
672 2269 951 2312 expurgantur3
983 2270 1032 2298 ex
1058 2269 1216 2311 argento
1244 2272 1373 2300 tamen
1416 2273 1548 2301 aurum
1579 2259 1791 2310 conficere,
1816 2263 1885 2302 im·

75 2317 194 2357 mensi
226 2317 366 2358 laboris
391 2318 475 2367 est,
507 2319 543 2358 ὃς
573 2320 613 2357 in
641 2330 719 2370 quo
744 2318 879 2359 frustra
912 2317 1071 2358 desudet
1111 2319 1415 2360 Alchimistarum
1448 2331 1504 2359 ars
1544 2330 1659 2372 atque
1690 2319 1883 2365 industria,

77 2376 208 2428 Quare
236 2380 432 2430 pessimum
454 2378 527 2418 fuit
549 2378 767 2427 consilium,
800 2377 907 2430 quod
930 2379 1027 2431 Regi
1048 2377 1222 2419 Henrico
1249 2380 1400 2433 Quarto
1422 2379 1626 2431 aliquando
1644 2379 1666 2419 a
1693 2382 1889 2422 nonnullis

76 2435 206 2475 datum
223 2437 318 2486 fuit,
349 2448 392 2478 ut
421 2440 657 2491 opprimeret
685 2439 826 2478 scilicet
850 2439 1092 2490 potentiores
1123 2441 1228 2492 regni
1254 2440 1307 2476 sui
1331 2450 1534 2489 proceres,
1566 2440 1734 2492 aliosque
1752 2439 1775 2480 ὲ
1806 2450 1887 2481 me-

76 2494 198 2535 diocri
215 2495 369 2537 fortuna
391 2499 437 2538 ad
454 2500 628 2538 altiorem
656 2499 852 2537 eveheret.
915 2496 997 2537 Etsi
1021 2498 1175 2538 libertas
1203 2496 1241 2537 &
1261 2497 1522 2538 inobedientia
1542 2497 1789 2539 Nabiliorum
1806 2502 1889 2540 exi·

74 2566 163 2607 gere
189 2556 378 2597 interdum
396 2559 602 2606 videntur,
631 2566 673 2596 ut
690 2559 922 2609 aliquantum
943 2556 1367 2611 deprimantur:magna
1384 2560 1486 2598 enim
1503 2572 1582 2609 prae
1604 2559 1684 2598 aliis
1708 2560 1882 2601 eminen-

73 2617 126 2654 tia
149 2615 360 2667 superbiam
386 2619 522 2671 gignit,
551 2628 677 2668 neque
710 2617 957 2671 Superiorem
983 2616 1085 2656 ferre
1115 2616 1279 2658 sustinet.
1340 2616 1407 2671 (c)
1439 2617 1636 2668 Nobilitas,
1665 2620 1720 2658 cui
1742 2620 1780 2659 in
1801 2627 1889 2670 pace

72 2673 197 2714 durius
208 2673 394 2727 servitium
412 2676 469 2730 cst.
530 2675 603 2731 (d)
633 2676 862 2719 Imbecilliores
879 2675 1010 2729 stinper
1034 2690 1168 2730 aequum
1199 2675 1251 2720 &⁹
1270 2675 1402 2730 justum
1425 2686 1589 2731 quaerunt
1602 2709 1614 2727 ‚
1634 2679 1885 2731 potentioribus

72 2741 187 2773 mitem
207 2734 246 2775 id
257 2737 340 2776 nihil
359 2735 405 2789 est
421 2749 534 2786 ciirce‚·
565 2736 602 2776 δι
626 2746 716 2778 tunc
731 2740 939 2790 quietiores
959 2734 1042 2776 fere
1062 2736 1147 2776 sunt
1166 2736 1324 2785 subditi,
1355 2749 1443 2778 cum
1463 2737 1569 2778 deest
1586 2740 1782 2791 potentia,
1801 2751 1889 2791 quae

73 2804 142 2833 eos
167 2803 318 2836 tueatur
333 2796 370 2836 ἃ
387 2798 579 2836 novitates
609 2795 685 2850 (e)
714 2811 848 2838 eorum
867 2797 1016 2838 foveat.
1077 2794 1133 2836 Ea
1156 2796 1205 2836 de
1222 2794 1343 2836 caussa
1369 2809 1449 2837 non
1466 2800 1696 2850 permittunt
1709 2797 1883 2839 Castellae

75 2855 177 2906 leges
207 2865 250 2895 ut
281 2856 364 2896 duae
392 2858 525 2908 amplae
554 2856 592 2896 &
608 2867 785 2908 potentes
812 2856 907 2913 (f)
938 2856 1088 2897 familiae
1111 2857 1324 2897 coalescant
1341 2857 1378 2897 in
1398 2868 1538 2906 unam,
1557 2868 1639 2898 tum
1661 2857 1752 2900 ideb
1773 2862 1889 2899 etiam

76 2923 119 2953 ut
138 2914 242 2956 bona
258 2918 375 2969 magis
395 2917 512 2956 divisa
536 2928 738 2968 muneant,
769 2932 842 2960 nec
867 2917 969 2971 apud
993 2918 1086 2957 alios
1104 2918 1232 2959 zelum
1252 2917 1290 2957 &
1317 2916 1501 2959 invidiam
1527 2919 1713 2969 excitent,
1771 2919 1888 2959 Artes

1003 2977 1040 3017 R
1067 2990 1095 3018 2
1777 2974 1888 3016 certe

90 3057 123 3066 ,-

170 3082 234 3121 (a)
259 3078 370 3115 Dion.
396 3077 486 3115 Caff.
541 3079 602 3124 (b)
629 3077 745 3114 Tacit.
770 3079 832 3117 lib.
861 3093 918 3118 ιι.
937 3080 1068 3117 Annal.
1120 3080 1184 3128 (c)
1212 3079 1329 3118 Tacit.
1347 3080 1370 3122 l,
1395 3092 1453 3117 11.
1470 3081 1601 3117 Annal.
1652 3078 1714 3123 (d)
1740 3075 1888 3113 Arist-l·

75 3131 110 3165 6.
129 3129 237 3166 Polit.
261 3144 292 3167 c.
320 3145 353 3168 2.
408 3135 465 3175 (c)
493 3128 599 3167 Nihil
617 3128 782 3176 aststcram
794 3130 924 3184 plebem
938 3129 1153 3185 Principffius
1165 3133 1306 3170 amotis.
1357 3132 1476 3170 Tacit.
1500 3132 1557 3175 lic,
1586 3144 1616 3168 1.
1634 3128 1765 3167 Annal.
1819 3128 1842 3175 ζ
1845 3126 1890 3174 f)

75 3181 289 3220 Commodum
303 3182 349 3235 est
370 3185 499 3224 etiam,
518 3192 561 3219 ut
575 3181 795 3220 haereditates
809 3198 875 3221 uon
904 3184 1108 3231 donatione,
1121 3183 1195 3231 st’d
1208 3185 1296 3232 jure
1309 3187 1516 3238 agnationis
1541 3180 1757 3222 tradantur,
1781 3189 1889 3232 utque

74 3231 125 3271 ad
134 3233 277 3274 eundem
294 3250 369 3273 una
380 3263 388 3276 ,
413 3249 480 3273 non
491 3235 609 3288 plnres
623 3234 841 3273 hereditates
854 3239 1086 3291 proveniant.
1111 3236 1207 3276 Arist
1228 3237 1292 3277 lib.
1323 3250 1355 3284 5.
1376 3237 1485 3276 Polit.
1503 3249 1533 3278 c.
1547 3243 1580 3282 8.
