2132 3730
271 205 360 255 276
708 196 1059 242 DJDACJ
1111 196 1654 243 SAAJJEDRAE.

268 286 378 328 fidias
397 297 466 327 eos
487 284 687 325 observare
705 280 851 334 posset,
881 282 1142 334 praecepitque
1161 282 1228 321 sub
1245 296 1357 336 poena
1383 285 1517 336 capitis
1537 313 1550 335 ,
1578 298 1628 326 ne
1645 287 1741 325 ullus
1762 287 1826 326 vel
1844 283 1891 323 ad
1911 282 2078 327 radicem

268 347 410 390 montis
426 343 585 397 propius
597 341 672 396 (a)
703 341 916 381 accederet.
974 341 1033 381 En
1048 339 1161 394 ipfius
1175 344 1289 383 etiam
1302 344 1382 384 Dei
1401 343 1698 385 consultationes
1713 345 1751 386 &
1775 343 1973 393 mandata,
1998 354 2078 384 tan-
2110 338 2111 343 ’

268 419 382 461 quam
414 402 590 453 mysteria
611 404 650 443 in
668 400 810 443 secessu
837 402 981 442 secreta
1007 402 1138 441 haberi
1170 406 1356 456 oportuit.
1445 404 1553 459 Quid
1583 407 1696 459 igitur
1728 406 1766 445 in
1794 405 1968 446 humanis
1987 405 2079 454 erit,
2110 395 2111 426 3

265 468 355 508 cim]
373 465 518 505 nullum
543 462 767 515 Sapientum
785 461 832 502 fit
853 462 1051 502 consilium
1079 463 1226 514 absque
1259 465 1481 517 ignorantiis
1507 465 1527 505 *ἓ
1558 465 1716 519 quando
1744 465 1916 505 consulta
1943 475 2080 505 eorum

267 530 469 578 vulgantur
494 525 532 563 in
560 524 759 576 publicum
780 553 791 572 ‚
822 521 898 562 diu*
917 525 1160 574 multumque
1188 523 1354 575 expensa
1391 524 1569 566 videntur
1595 556 1608 576 ‚
1637 527 1677 567 δε
1705 524 1807 566 faeta
1827 536 1967 578 magno
1991 536 2081 565 cum

262 586 419 640 judicio,
480 582 724 635 Majestatem
754 583 792 623 δι
816 581 1058 636 prudentiam
1079 584 1264 636 Principis
1283 583 1456 624 referunt
1474 613 1488 634 ,
1514 582 1728 639 gravesque
1754 585 2080 626 considerationes
2110 599 2112 614 =

265 645 444 686 &causas
470 643 614 684 subesse
637 643 828 684 credimus
851 673 864 693 ,
895 654 988 696 quas
1020 654 1152 685 mente
1185 642 1325 696 affequi
1350 656 1431 684 non
1456 643 1655 697 possumus
1676 659 1689 693 ;
1717 645 1837 687 immo
1865 645 2003 687 multas
2027 646 2082 683 in·

262 705 416 746 terdum
431 717 504 745 nos
528 705 598 757 ipsi
622 704 796 745 addimus
810 734 824 754 ,
853 716 937 756 quae
955 703 1121 756 Principi
1143 714 1208 744 aut
1227 705 1446 745 consiliariis
1478 707 1580 746 nein
1601 714 1772 746 mentem
1790 704 1947 758 quidem
1964 716 2084 744 vene-
2110 743 2111 748 ,

261 776 378 807 runt:
408 777 545 806 verum
570 765 598 805 sl
615 765 731 818 ipsam
771 765 1091 805 consultationem
1112 795 1124 814 ,
1153 764 1403 805 fundamenta
1421 794 1435 815 ,
1463 764 1502 806 δε
1525 765 1681 807 consilia
1709 763 1841 806 coram
1880 764 2011 805 audire
2040 764 2084 804 li-
2110 806 2111 811 ,

264 824 419 876 ευίίΓθῑ,
449 826 588 866 merito
606 837 652 865 ea
675 824 886 866 risissemus.
945 825 1001 865 Ita
1027 827 1065 866 in
1096 825 1251 866 theatris
1271 825 1354 866 fieri
1374 824 1506 866 assolet
1523 858 1535 876 ,
1565 827 1632 867 ubi
1647 825 1813 867 Astores
1833 824 1936 865 belle
1953 822 2084 877 perso·

261 889 341 929 nati
366 888 404 927 in
421 887 568 927 scenam
587 886 810 938 prodeunt,
841 886 879 926 ὅτ.
911 884 1177 926 ευᾶοτίῑειῖεῐῃ
1202 899 1282 938 prae
1303 886 1341 927 se
1358 884 1488 926 ferunt
1505 898 1518 933 ς
1537 887 1638 928 intus
1658 895 1786 928 autem
1804 882 1892 938 post
1906 883 2084 937 siparium

263 961 399 990 eorum
421 957 514 987 nota
532 946 586 986 est
607 947 850 999 ignobilitas3
881 948 1011 987 omnia
1028 947 1081 985 ibi
1104 949 1292 998 permixta
1312 947 1350 986 δε
1377 944 1547 986 confusa.
1608 946 1705 988 Eam
1725 947 1777 987 ob
1787 957 1868 987 rem
1883 942 2000 997 longe
2015 943 2084 983 ad-

262 1011 340 1051 huc
360 1008 696 1047 inconvenientius
720 1005 775 1046 est
791 1037 804 1056 ‚
834 1007 863 1047 s1
887 1007 1175 1060 gubernationis
1214 1005 1393 1057 mysteria
1422 1009 1759 1047 communicentur
1793 1017 1883 1047 cum
1907 1004 2084 1052 Exteris,

264 1081 361 1121 quos
383 1066 574 1119 suspestos
594 1067 761 1107 habebat
779 1067 868 1107 Rex
891 1066 1085 1107 Henricus
1114 1065 1202 1122 (ab)
1236 1067 1281 1108 II.
1371 1066 1424 1106 Et
1445 1067 1537 1106 licet
1566 1068 1677 1107 multi
1700 1065 1828 1107 forsan
1855 1064 1992 1105 fideles
2019 1063 2081 1103 fu·
2110 1072 2111 1077 ¹

261 1131 335 1169 turi
358 1128 429 1167 sint
448 1157 460 1176 ‚
498 1129 615 1167 tutius
649 1137 778 1168 tamen
810 1126 864 1167 est
885 1156 899 1177 ,
936 1128 1051 1180 plane
1072 1138 1140 1166 eos
1163 1139 1293 1167 arcere
1311 1125 1332 1166 ὲ
1362 1126 1629 1180 gubernaculis
1643 1157 1656 1176 ,
1687 1136 1752 1166 aut
1775 1126 1890 1166 aerarii
1907 1135 2085 1164 commu·

259 1192 318 1231 nis
338 1186 661 1228 administratione
677 1219 689 1237 ,
719 1187 925 1240 praesertim
953 1185 1108 1240 quando
1129 1185 1267 1226 subditi
1295 1199 1375 1228 non
1403 1188 1487 1227 iunt
1506 1217 1520 1237 ,
1550 1198 1615 1227 aut
1641 1188 1793 1239 aequalis
1821 1183 2054 1225 conditionis
2071 1212 2086 1231 ,

258 1265 299 1291 ne
313 1248 494 1290 videlicet
517 1247 586 1303 (c)
604 1248 705 1288 alieni
722 1248 836 1301 Regni
852 1279 863 1297 ‚
894 1246 986 1301 quod
1005 1258 1069 1287 non
1081 1249 1259 1296 con-venit,
1265 1244 1471 1297 scrutentur
1486 1260 1632 1287 arcana.
1693 1246 1773 1287 Sed
1788 1248 1841 1286 ita
1875 1243 1958 1285 fere
1979 1254 2090 1283 natu·

257 1308 300 1351 ra
329 1310 539 1361 comparati
563 1309 691 1349 sumus
709 1338 723 1358 ‚
753 1316 796 1348 ut
825 1306 1033 1348 domestica
1051 1306 1296 1358 aspernemur
1315 1335 1328 1355 ,
1358 1308 1541 1346 miremur
1567 1308 1699 1346 aliena⁴
1791 1304 1954 1345 Nullam
1974 1313 2086 1355 puta·

191 1405 194 1407 ,
260 1382 346 1412 mus
367 1368 442 1410 effe
461 1369 574 1408 animi
608 1367 878 1409 fortitudinem
893 1398 904 1416 ,
933 1367 1126 1407 scientiam
1141 1367 1307 1414 nullam,
1337 1367 1483 1404 nullum
1509 1364 1730 1412 confilium,
1756 1364 1824 1404 nist
1845 1363 1950 1415 apud
1967 1363 2086 1404 Exte-

258 1443 324 1470 ros
348 1460 361 1478 ‚
391 1430 648 1480 nequicquam
665 1438 852 1468 monente
868 1439 940 1466 nos
967 1425 1110 1478 Spiritu
1133 1424 1277 1465 Salisio
1296 1423 1375 1477 (cl)
1403 1423 1565 1464 Admitte
1583 1423 1632 1463 ad
1653 1431 1687 1464 te
1705 1422 2087 1477 alienigenam‚&lz'1b·

259 1497 358 1530 verte
373 1497 407 1529 te
423 1492 458 1529 in
479 1489 616 1528 turbine
637 1518 650 1538 ‚
678 1487 904 1532 &alienabit
928 1494 962 1526 te
979 1488 1001 1525 ὰ
1027 1488 1099 1529 tuis
1104 1487 1273 1536 propriis.

411 1548 450 1588 Si
465 1547 647 1599 Princeps
664 1549 852 1595 voluerit,
882 1556 926 1585 ut
953 1544 1108 1584 consilia
1132 1544 1195 1582 sua
1217 1544 1362 1582 secreta
1381 1540 1593 1580 habeantur
1622 1540 1662 1580 δε
1691 1540 1827 1589 tacita,
1854 1543 2088 1583 taciturnita⁴

256 1620 298 1651 te
317 1605 379 1649 sua
395 1608 433 1648 &
458 1604 662 1660 prudentia
683 1610 723 1647 in
748 1606 864 1646 rebus
882 1605 953 1645 suis
974 1602 1142 1644 celandis
1167 1602 1351 1653 exemplo
1373 1600 1452 1639 aliis
1480 1608 1636 1652 praeeat.
1698 1599 1751 1653 Q.
1775 1599 1985 1643 Metellum
2003 1603 2087 1643 imi·

256 1680 359 1710 tetur
383 1698 396 1720 ‚
425 1679 541 1720 quem
572 1664 702 1706 dixisse
727 1665 933 1717 aliquando
950 1663 1199 1715 accepimus:
1229 1659 1379 1716 (quod
1404 1659 1508 1700 idem
1537 1659 1575 1700 &
1607 1659 1744 1700 Petrus
1769 1662 1971 1714 Aragoniae
1995 1662 2087 1703 Rex

256 1727 445 1783 solebat)
476 1725 565 1780 (e)
595 1726 636 1765 Sc·
657 1726 759 1780 hujus
780 1724 897 1777 consilii
921 1725 986 1764 mei
1006 1725 1203 1764 interiorem
1224 1723 1374 1763 tunicam
1397 1717 1551 1771 consciam
1561 1717 1626 1774 'effi‘
1642 1716 1775 1771 sensero
1798 1752 1810 1771 ‚
1841 1725 1992 1763 continuo
2013 1735 2088 1763 eam
2108 1732 2110 1773 ᾗ

255 1790 402 1831 cremari
421 1786 555 1841 jubebo.
614 1784 790 1826 Enitatur
807 1785 990 1838 peculiari
1009 1782 1157 1833 studio,
1189 1792 1232 1822 ut
1266 1781 1434 1821 animum
1464 1780 1572 1820 suum
1600 1782 1799 1821 occultum
1832 1782 1999 1823 habeat:
2020 1784 2087 1836 qui

255 1852 359 1891 enim
378 1849 532 1888 suaemet
549 1846 772 1886 intentionis
788 1843 906 1885 fuerit
928 1844 1108 1884 dominus
1125 1874 1139 1893 ‚
1167 1842 1270 1883 idem
1301 1852 1460 1892 quoque
1489 1842 1727 1893 praecipuum
1751 1827 1990 1894 gubernandi
2027 1845 2085 1883 in-

255 1910 507 1951 strumentum
535 1908 573 1945 in
600 1906 664 1945 sua
686 1906 762 1957 jam
785 1913 891 1944 tenet
916 1902 1122 1956 potestate.
1211 1902 1405 1942 Intellexit
1432 1902 1510 1941 hoc
1529 1900 1725 1953 quondam
1751 1901 1930 1943 Tiberius
1950 1933 1964 1954 ,
1995 1901 2087 1957 (f)
2108 1926 2110 1933 ›

256 1971 319 2010 cui
334 1971 436 2008 etiam
456 1969 493 2006 in
508 1966 611 2006 rebus
625 1995 637 2014 ,
668 1978 758 2018 quas
775 1978 840 2005 non
858 1964 1017 2003 occuleret
1030 1994 1040 2011 ‚
1061 1960 1124 2013 fi’u
1136 1962 1269 2001 mltum*
1282 1991 1294 2009 ,
1314 1961 1393 2012 sive
1409 1958 1626 2011 affletmllne
1641 1958 1795 2013 fispenstz
1803 1959 1935 2014 smper
1953 1962 2007 2007 &⁶²
2028 1963 2104 2010 obs

245 2028 353 2083 scura
368 2026 503 2067 verba:
532 2033 613 2065 tunc
634 2037 720 2064 vero
740 2056 753 2073 ,
785 2036 874 2063 cum
891 2024 939 2063 de
959 2022 1187 2062 successione
1210 2021 1289 2073 ejus
1312 2022 1349 2059 in
1374 2018 1527 2071 Augusti
1546 2021 1677 2060 locum
1696 2031 1872 2072 ageretur
1887 2052 1899 2071 ,
1929 2022 1994 2062 vel
2005 2035 2084 2063 rna-

255 2092 360 2131 xime
381 2087 557 2127 nitebatur
577 2115 590 2135 ‚
619 2081 780 2135 utst’nfits
788 2081 870 2134 filos
887 2084 1030 2135 penitus
1048 2082 1200 2122 abderet.
1288 2080 1445 2120 Secreta
1464 2091 1542 2119 non
1575 2092 1665 2119 cum
1687 2079 1871 2122 Ministris
1900 2082 2084 2123 omnibus

255 2145 575 2190 communicanda
602 2145 684 2184 sunt
706 2174 718 2193 ,
748 2145 994 2196 quantumvis
1014 2140 1147 2183 fideles
1164 2142 1195 2180 ii
1209 2139 1281 2180 smt
1302 2168 1315 2188 ,
1344 2139 1407 2178 sed
1429 2140 1499 2178 illis
1519 2138 1704 2178 duntaxat
1720 2170 1732 2188 ‚
1764 2140 1812 2180 ad
1824 2153 1924 2193 quos
1937 2143 1998 2182 illa
2018 2141 2083 2182 ali.

256 2207 332 2261 qua
355 2209 504 2248 ratione
541 2207 737 2257 pertinent
753 2236 765 2253 ,
804 2212 868 2243 aut
893 2214 991 2255 quos
1016 2202 1162 2254 absque
1187 2199 1332 2251 majore
1362 2198 1617 2239 incommodo
1645 2210 1689 2239 ea
1715 2201 1840 2240 celare
1868 2214 1948 2243 non
1974 2203 2080 2244 licet.
2131 2222 2132 2225 ¹

254 2270 364 2311 Dum
385 2265 556 2307 Christus
588 2264 692 2305 suurn
711 2263 908 2316 quoddam
930 2262 950 2302 a
968 2263 1004 2302 se
1021 2272 1212 2315 patratum
1223 2261 1450 2300 miraculum
1468 2261 1565 2298 clam
1587 2259 1681 2299 alios
1696 2259 1772 2301 esse
1783 2271 1947 2314 cuperet
1961 2292 1972 2312 ‚
2005 2272 2083 2304 tres

255 2331 376 2371 solum
402 2325 612 2378 Apostolos
638 2324 850 2379 illius-fecit
869 2323 1044 2363 conscios
1068 2352 1081 2372 ‚
1112 2322 1149 2362 in
1167 2321 1346 2360 omnibus
1371 2320 1473 2359 enirn
1504 2320 1690 2360 secretum
1723 2320 1827 2360 haud
1850 2322 1935 2363 satis
1951 2332 2081 2363 tutum
2102 2354 2104 2357 v

256 2387 329 2443 (g)
362 2386 499 2428 fuisset.
588 2382 733 2437 Magna
753 2382 841 2424 cura
860 2381 962 2437 opus
979 2381 1052 2431 est,
1083 2392 1126 2421 ut
1153 2379 1246 2420 illud
1270 2380 1307 2419 in
1327 2391 1465 2419 arcano
1487 2389 1662 2419 maneat:
1686 2379 1873 2422 etflenim
1893 2383 1934 2422 in
1952 2381 2082 2424 nostra

255 2451 301 2491 fit
330 2446 521 2501 potestate
548 2444 639 2498 (h)
673 2443 801 2484 facere
827 2473 839 2491 ,
870 2456 948 2483 non
976 2453 1104 2483 tamen
1134 2443 1304 2481 internus
1325 2440 1387 2480 ille
1415 2449 1545 2480 motus
1575 2438 1784 2482 affeetuum
1805 2439 1844 2481 δι
1866 2442 2082 2495 paffionum

257 2510 402 2558 animi,
434 2514 498 2546 aut
515 2507 616 2545 celer
636 2505 700 2545 ille
726 2504 972 2544 verecundiae
1002 2503 1147 2555 sanguis
1171 2533 1183 2551 ‚
1221 2502 1284 2553 qui
1315 2501 1353 2540 in
1381 2503 1493 2541 vultu
1517 2499 1555 2541 δε
1573 2501 1695 2540 oculis
1721 2500 1873 2553 prodit,
1906 2504 2014 2555 quod
2038 2505 2079 2544 in

257 2573 336 2611 imo
361 2567 523 2622 pec‘tore
539 2567 632 2605 latet
661 2564 723 2619 (i)
755 2565 941 2609 abditum,
1021 2563 1218 2603 Subtiliori
1244 2562 1421 2601 nimirum
1451 2560 1489 2600 &
1528 2560 1744 2602 traducenti
1770 2562 1911 2603 chartae
1928 2565 2080 2604 animus

256 2630 383 2672 similis
409 2627 490 2677 est,
519 2625 556 2666 &
583 2624 678 2666 foris
706 2627 780 2679 legi
802 2623 930 2677 potest
947 2654 960 2673 ‚
991 2624 1098 2677 quod
1120 2626 1220 2664 intus
1246 2621 1522 2675 consignatum.
1592 2619 1656 2661 Sic
1678 2633 1729 2662 ex
1751 2623 1817 2663 illo
1854 2624 2079 2677 Agrippinas
2130 2614 2132 2618 ¹

255 2702 360 2732 mors
390 2687 569 2728 Britanici
592 2684 678 2742 (k)
707 2688 866 2738 quamvis
881 2685 983 2726 vultu
1006 2691 1226 2737 premeretur
1240 2715 1251 2733 ‚
1281 2684 1424 2723 emicuit.
1503 2679 1714 2723 Noverant
1731 2680 1830 2722 istud
1846 2682 2075 2736 Tiberius&

255 2747 448 2801 Augustus
468 2779 480 2797 ,
510 2759 583 2787 nec
603 2747 791 2799 putabant
820 2746 904 2787 satis
932 2745 1208 2786 dimissimulare
1233 2742 1269 2783 se
1295 2740 1402 2795 posse
1425 2742 1604 2794 gaudium
1623 2771 1636 2792 ,
1671 2754 1750 2796 quo
1775 2755 1826 2783 ex
1855 2743 2076 2785 Germanici

258 2819 386 2853 morte
405 2807 763 2861 perfundebantur,
794 2806 974 2859 adeoque
999 2807 1038 2847 in
1058 2806 1217 2860 publico
1238 2814 1463 2857 comparere
1486 2802 1564 2844 auss
1590 2814 1671 2844 non
1698 2802 1778 2857 (l)
1803 2803 1901 2845 sunt.
1971 2802 2076 2846 Non

1996 2863 2077 2905 sola
2131 2902 2132 2907 ,

352 2973 411 3018 (a)
437 2973 585 3009 Cavete,
610 2983 653 3006 ne
675 2968 873 3016 asc'endatis
885 2971 925 3007 in
941 2980 1110 3011 montem,
1136 2983 1179 3006 ne
1195 2970 1361 3021 tangatis
1365 2967 1459 3019 fines
1474 2967 1568 3006 idias
1580 2997 1591 3014 ,
1608 2968 1719 3006 omnis
1727 2968 1790 3019 qni
1800 2966 1966 3017 tetigerit
1981 2980 2076 3005 mon-

255 3034 348 3064 tem,
378 3031 488 3059 morte
501 3023 681 3059 morietur.
710 3023 824 3060 Exod.
849 3036 906 3069 19.
929 3036 986 3060 12.
1039 3024 1100 3068 (b)
1127 3023 1166 3060 L.
1184 3033 1221 3072 4.
1238 3032 1282 3059 tt.
1304 3035 1336 3068 3.
1354 3019 1379 3060 l.
1403 3035 1433 3059 1.
1449 3024 1587 3071 Recop.
1638 3022 1697 3067 (c)
1724 3022 1766 3057 L.
1795 3030 2016 3057 mercatores
2038 3034 2069 3058 c.

257 3079 302 3113 de
317 3086 490 3113 commer.
545 3075 606 3119 (d)
630 3075 760 3114 -Eccles,
783 3087 840 3114 ιι.
862 3077 920 3124 36.
979 3076 1038 3121 (e)
1065 3075 1145 3111 Val.
1166 3075 1262 3111 Max.
1314 3078 1332 3122 (
1340 3073 1379 3121 f)
1405 3075 1438 3111 T
1440 3073 1522 3111 acit.
1542 3074 1564 3111 l.
1590 3085 1623 3110 ι.
1642 3071 1770 3110 Annal.
1821 3073 1883 3120 (g)
1909 3076 1988 3108 Non
1995 3082 2076 3125 per-

256 3126 351 3177 misit
370 3130 511 3165 intrare
518 3124 634 3174 ficum
650 3140 856 3179 quemquam
877 3126 947 3179 nisi
957 3132 1115 3168 Petrum,
1137 3125 1184 3170 ἄν
1205 3125 1391 3176 Jacobnm.
1418 3129 1507 3164 Luc.
1532 3127 1569 3168 8.
1591 3136 1648 3173 51.
1699 3124 1768 3172 (h)
1794 3125 1830 3160 Si
1854 3133 1934 3161 tam
1954 3126 1995 3162 in
2019 3139 2077 3162 no-

244 3179 324 3233 strd
339 3177 506 3232 potestate
527 3178 603 3227 effet
618 3178 791 3227 oblivisti,
820 3194 927 3232 quam
956 3191 1083 3219 tacere.
1110 3178 1226 3217 Tacit.
1252 3179 1289 3216 in
1310 3179 1388 3217 vita
1410 3179 1534 3229 Agric.
1616 3176 1672 3226 (i)
1697 3178 1884 3228 Qoniam
1909 3179 2075 3230 nequitia

257 3234 297 3270 in
318 3231 531 3270 habitaculis
543 3245 658 3270 eorum
675 3234 715 3269 in
729 3233 838 3271 medio
852 3247 980 3271 eorum.
1007 3232 1132 3270 Psalm.
1155 3245 1212 3280 54.
1236 3236 1293 3270 16.
1347 3233 1416 3282 (k)
1441 3231 1556 3269 Tacit.
1581 3231 1603 3266 1.
1626 3237 1682 3271 18·
1711 3229 1840 3266 Annal.
1895 3230 1947 3277 (l)
1969 3236 2071 3270 Anne

256 3286 411 3323 omnium
428 3286 530 3326 oculis
545 3285 690 3324 vultum
712 3299 830 3324 eorum
838 3283 1204 3337 strutantibus‚faffi
1218 3285 1524 3340 intelligerentur?
1550 3283 1652 3323 Idem
1667 3282 1691 3320 l.
1720 3295 1754 3332 3.
1775 3282 1906 3325 Amal.
2102 3294 2104 3296 ’
