2132 3730
481 245 1458 298 STMBOLAPOLJTICA.
1774 265 1854 308 303

6 373 8 377 ·
62 344 307 387 Ponticorum
338 336 578 391 quorundam
597 339 732 391 opinio
758 337 803 377 sit
819 366 834 386 ,
866 347 962 388 opes
979 336 1270 377 accumulandas
1282 349 1362 378 non
1374 336 1470 387 esse,
1484 336 1535 377 εὸ
1549 336 1654 389 quod
1669 336 1858 390 cupiditas

6 411 7 416 ’
63 404 224 446 hostium
246 411 348 440 arma
363 400 531 445 excitet;
561 407 604 438 ut
620 396 759 438 accidit
773 396 874 450 Regi
893 395 1072 439 Ezechiae
1085 426 1099 448 ,
1129 394 1332 449 postquam
1343 395 1494 437 divitias
1513 398 1594 438 suas
1613 395 1768 448 Affyriae
1781 397 1856 438 Le-

0 498 3 506 ,.
61 465 155 515 gatis
175 459 246 515 (a)
277 457 521 507 ostendisset,
549 457 589 497 &
612 456 759 510 AEgytii
781 456 988 511 propterea
1016 456 1160 496 reditus
1177 455 1322 509 Regios
1343 459 1383 497 in
1397 453 1600 498 strusturas
1629 457 1669 499 δε
1693 456 1856 499 fabricas

61 520 345 573 impendebant.
406 519 592 558 Rationes
604 528 731 558 tamen
749 547 762 566 ‚
794 529 887 570 quas
913 516 1089 558 adferunt
1108 545 1122 566 ,
1151 515 1191 556 δε
1212 518 1388 570 exempla
1412 515 1479 556 ista
1504 519 1583 558 vim
1601 530 1682 559 non
1701 518 1857 559 habent:

0 617 1 622 ,
59 592 146 622 nam
167 578 344 622 Ezechiae
359 579 412 618 ob
434 577 664 619 monstratos
687 578 883 619 thesauros
907 579 1050 620 bellurn
1073 578 1216 617 illatum
1242 588 1322 617 non
1346 577 1420 617 fuit
1438 605 1452 625 ‚
1482 574 1547 617 sed
1566 577 1618 618 ob
1646 580 1856 621 vanitatem

6 637 9 672 ἶ
61 639 321 682 ostentationis
339 669 352 689 ,
383 637 420 679 Gt
443 638 550 691 quod
566 640 692 680 inillis
714 641 849 693 magis,
880 651 993 691 quam
1011 640 1048 678 in
1069 636 1162 678 Deo
1176 637 1281 690 spem
1298 637 1401 678 suam
1418 637 1456 678 δι
1471 635 1649 678 fiduciam
1676 649 1856 691 poneres

60 702 148 743 hinc
169 701 343 765 praedigtit
359 700 413 741 illi
437 698 752 754 IsaiasPropheta
772 698 879 750 fore,
909 708 953 740 ut
974 700 1102 747 omnia
1117 697 1192 752 (h)
1219 697 1414 751 perderet.
1471 696 1646 752 AEgyptii
1668 698 1765 740 vero
1774 711 1858 741 non

49 2139 209 2195 periculi
239 2137 347 2181 causa
363 2168 377 2189 ‚
404 2137 470 2180 sed
493 2137 542 2179 ad
557 2134 820 2179 distrahendos
837 2136 1077 2180 subditorum
1101 2139 1255 2179 animos
1277 2136 1308 2191 C
1323 2135 1651 2190 quemadmodum
1671 2134 1743 2179 suo
1766 2135 1858 2177 loco

49 2199 257 2255 dicemus>
286 2200 325 2240 δε
347 2200 466 2240 inanis
483 2199 611 2251 gloriae
633 2196 758 2238 studio
777 2198 945 2238 aedificiis
967 2198 1190 2238 extruendis
1206 2199 1465 2251 occupabant.
1526 2199 1564 2237 Si
1580 2198 1761 2250 Princeps
1776 2197 1859 2237 the·

48 2261 178 2301 sauros
199 2272 269 2311 per
288 2260 482 2300 avaritiam
505 2267 713 2310 congreget
729 2286 744 2308 ,
771 2269 899 2309 neque
922 2267 1052 2298 tamen
1080 2259 1125 2298 iis
1152 2267 1281 2297 utatur
1297 2258 1409 2307 kubi
1436 2255 1693 2308 offendendi,
1714 2267 1778 2297 aut
1795 2256 1861 2295 de-

51 2316 237 2361 fendendi
257 2314 508 2373 postulaverit
523 2318 744 2366 neceffitas,
771 2317 808 2357 δε
829 2317 1048 2371 sumptuum
1068 2317 1333 2358 faciendorum
1362 2327 1470 2358 metu
1493 2317 1542 2358 de
1565 2318 1746 2370 praefidiis
1764 2316 1860 2356 suffi-

50 2380 241 2421 cientibus
264 2379 426 2420 &armis
451 2378 620 2420 Statibus
648 2377 719 2418 suis
742 2389 822 2419 non
843 2376 1076 2429 provideat,
1104 2375 1219 2418 facile
1244 2374 1416 2418 futurum
1447 2376 1635 2427 arbitror,
1663 2386 1709 2417 ut
1729 2375 1860 2416 hostes

50 2448 188 2478 contra
202 2438 241 2479 se
262 2439 430 2479 advocet
445 2467 458 2489 ,
487 2435 615 2478 dando
630 2438 675 2477 iis
690 2435 934 2478 occasionem
960 2437 1103 2478 ferreas
1121 2436 1334 2478 fabricandi
1357 2440 1507 2487 claves,
1538 2439 1676 2490 quibus
1703 2437 1784 2489 ejus
1803 2432 1858 2475 ef-

50 2498 217 2551 fringant
234 2499 358 2537 aeraria
378 2510 392 2546 ;
423 2508 460 2538 at
478 2499 544 2538 ubi
563 2496 756 2538 thesauros
786 2496 876 2537 istos
900 2498 939 2537 in
959 2496 1044 2537 usus
1083 2506 1332 2551 opportunos
1361 2492 1605 2537 affervaverit
1628 2526 1643 2547 ,
1671 2507 1860 2537 terrorem

51 2555 129 2598 una
153 2557 314 2597 incutiet
329 2556 500 2598 hostibus
518 2587 531 2606 ‚
562 2556 599 2597 &
621 2556 724 2609 apud
743 2569 813 2597 eos
828 2559 866 2596 in
891 2558 1143 2597 veneratione
1170 2560 1240 2597 erit
1256 2587 1268 2607 ‚
1300 2558 1464 2609 pecunia
1479 2567 1645 2608 namque
1668 2555 1757 2595 belli
1786 2554 1858 2609 (c)

51 2628 197 2658 nervus
221 2615 289 2658 est.
346 2615 449 2658 Illius
481 2614 673 2657 beneficio
700 2616 828 2657 Amici
848 2625 1026 2668 parantur
1045 2616 1083 2656 δι
1110 2614 1242 2666 Socii,
1271 2627 1344 2655 nec
1373 2614 1497 2654 minus
1521 2611 1687 2655 hostium
1709 2612 1858 2667 percel-

49 2678 136 2718 lunt
155 2678 302 2717 animos
318 2676 478 2717 thesauri
494 2677 534 2718 in
549 2674 695 2725 aerariis,
709 2685 827 2728 atque
843 2684 1044 2728 apparatus
1061 2673 1240 2724 bellicus,
1269 2674 1307 2714 &
1324 2675 1448 2714 omnis
1465 2674 1613 2727 generIs
1630 2672 1855 2715 instrumen-

51 2746 90 2777 ta
109 2735 280 2777 militaria
300 2737 338 2776 in
358 2736 651 2777 armamentariis
667 2765 680 2785 ,
711 2746 776 2776 aut
797 2735 926 2777 classes
949 2735 986 2775 &
1007 2732 1180 2775 triremes
1203 2734 1240 2774 in
1263 2733 1475 2774 navalibus.
1561 2731 1600 2774 Si
1633 2736 1672 2774 in
1692 2746 1780 2774 eum
1810 2732 1854 2773 fi-

53 2808 143 2837 nem
160 2795 200 2836 id
219 2795 308 2844 fiat,
339 2807 419 2836 non
433 2795 487 2836 est
500 2796 657 2835 avaritia
674 2793 868 2836 thesauros
899 2803 1040 2848 cogere
1053 2824 1066 2845 ,
1097 2804 1162 2834 aut
1187 2791 1356 2846 sumptus
1374 2792 1413 2833 &
1434 2793 1662 2835 donationes
1676 2794 1854 2834 modera-

52 2855 115 2906 ri,
151 2855 217 2897 sed
249 2854 452 2908 prudentia
494 2853 667 2908 quaedam
688 2857 846 2908 politica
863 2882 878 2907 ,
909 2855 1026 2906 qualis
1060 2855 1122 2894 illa
1138 2852 1212 2895 fuit
1232 2854 1350 2907 Regis
1385 2851 1614 2895 Ferdinandi
1635 2853 1856 2902 Catholici,

895 2914 934 2956 G
957 2927 981 2968 g
1000 2926 1025 2967 g
1053 2925 1077 2967 g
1110 2926 1133 2953 ο
1791 2924 1857 2953 cu·

151 3052 208 3098 (a)
235 3056 387 3089 Laetatus
399 3049 447 3103 est
468 3061 589 3088 autem
604 3052 644 3088 in
661 3050 824 3089 adventu
849 3064 965 3090 eoram
988 3078 998 3092 ‚
1024 3049 1072 3094 ό·
1093 3049 1241 3104 ‹stendit
1252 3052 1326 3099 (jus
1336 3049 1475 3088 domum
1489 3060 1691 3089 aromatum
1706 3076 1715 3091 ,
1740 3047 1858 3092 &au-

51 3115 149 3143 rum,
173 3100 220 3146 ό·
232 3115 279 3140 ar
303 3112 424 3142 entum
444 3130 454 3142 .
480 3102 526 3147 ά·
536 3104 723 3156 pigmenta
741 3105 855 3141 varia
873 3131 882 3145 ,
906 3112 1088 3156 unguenta
1101 3116 1230 3157 qaoque
1245 3130 1255 3143 ,
1281 3102 1419 3140 domam
1433 3102 1599 3150 vasorum
1623 3100 1780 3147 ficorum,
1810 3098 1855 3142 ό·

53 3154 172 3191 omnia
191 3168 262 3208 gua
302 3155 405 3195 abere
411 3165 556 3210 poterat
582 3157 622 3193 in
642 3153 909 3203 thefizurisstcis.
936 3170 973 3204 4.
989 3159 1080 3206 Reg.
1100 3168 1161 3193 20.
1182 3166 1239 3203 13.
1293 3156 1355 3203 (b)
1381 3156 1557 3209 Dixitque
1570 3153 1679 3201 [stains
1692 3147 1857 3191 Ezechiae:

53 3203 142 3242 audi
146 3203 337 3252 sirmeum:
350 3207 515 3247 Domini:
538 3222 612 3246 ecce
625 3206 698 3246 alies
730 3206 878 3246 venient
896 3232 907 3250 -,
930 3207 977 3252 όν
992 3206 1204 3255 auferentur
1215 3207 1334 3245 omnia
1346 3230 1357 3248 ³
1380 3205 1542 3263 quaſsent
1558 3207 1597 3243 in
1616 3204 1711 3243 domo
1724 3215 1801 3242 tua.
1817 3221 1855 3252 4.

54 3260 148 3317 ch.
166 3271 227 3296 20.
251 3272 308 3307 ¹7·
363 3262 429 3308 (c)
454 3260 522 3299 Sed
542 3258 639 3298 nihil
644 3288 648 3294 :
663 3259 749 3314 aqu&
757 3255 980 3315 saugdan
1005 3258 1111 3314 qusint
1136 3261 1368 3314 pecuniarum
1388 3258 1586 3313 conquisitio
1600 3270 1612 3294 .·
1633 3270 1687 3296 eos
1709 3256 1767 3307 aff*
1781 3256 1858 3296 belli

13 3357 17 3375 s
54 3309 175 3348 czwlis
191 3323 317 3352 nervos
335 3313 520 3353 diffitems.
546 3315 632 3352 Tac·
646 3313 670 3353 l.
681 3328 716 3353 2.
735 3312 825 3352 Hist.
