2132 3730
267 218 323 258 28
702 209 1051 251 DIDACI
1104 209 1637 255 SAAVEDRAE

280 272 2048 286 fflQ-——ssw———m——mm

268 306 360 347 ceps
394 294 560 334 obstinet
593 295 778 340 animum,
808 290 908 331 idem
938 294 1051 332 etiam
1078 293 1149 344 ipsl
1170 292 1335 343 faciunt,
1360 304 1402 333 ut
1418 294 1496 346 jam
1521 308 1602 336 non
1631 297 1699 336 nisi
1716 309 1836 349 penes
1853 294 2067 336 obstinatos

266 356 466 409 imperium
490 355 548 394 sit.
611 351 733 404 Quod
748 351 775 391 fi
791 352 992 404 aliquando
1013 351 1035 391 e
1051 364 1092 391 re
1115 351 1201 392 fore
1221 354 1430 402 videbitur,
1463 363 1505 393 ut
1526 355 1707 408 Princeps
1733 358 1868 409 populi
1885 354 2068 397 affectum

264 416 489 469 plausumve
512 420 663 463 captet,
686 412 736 451 ita
755 411 791 451 se
805 411 936 462 potius
955 422 1084 464 gerat,
1104 421 1147 450 ut
1169 423 1235 461 ea,
1262 426 1346 465 quae
1361 415 1529 467 populus
1550 414 1649 469 fugit
1665 415 1703 455 &
1720 415 1981 469 amplee'titur,
2000 427 2066 456 na-

266 477 375 516 turali
393 470 568 513 instintffm
584 471 661 522 ipse
673 470 808 524 fugere
819 473 855 511 &
868 470 1046 523 ampleffl
1067 471 1252 511 videatur.

384 534 418 584 §.
451 531 572 571 Porro
599 532 696 570 inter
715 531 875 571 affeGlus
898 532 935 571 δε
955 532 1139 583 paffiones
1162 530 1386 572 Aristoteles
1417 534 1532 573 etiam
1557 532 1829 574 verecundiam
1856 543 2031 574 numerat
2052 565 2067 586 ,

265 606 380 646 quam
402 601 516 645 negat
532 592 738 631 virtutibus
755 593 961 631 moralibus
981 591 1252 631 accensendam
1268 620 1281 639 ,
1313 604 1363 632 eo
1392 592 1499 644 quod
1519 592 1564 633 sit
1582 592 1745 633 infamiae
1761 592 1886 633 metus
1906 624 1919 643 ‚
1951 594 2068 634 adeo-

265 665 342 704 que
374 652 546 692 videatur
571 651 707 691 cadere
726 663 806 690 non
825 650 932 703 posse
964 653 1003 690 in
1022 653 1148 691 virum
1172 652 1318 691 bonum
1341 651 1378 691 &
1404 651 1641 693 constantem
1663 682 1676 701 ‚
1706 654 1771 704 qui
1789 652 1876 693 cum
1897 665 1947 693 ex
1970 667 2067 706 prae·

263 713 405 765 scripto
423 710 536 751 rettae
553 712 708 751 rationis
738 723 849 763 agere
874 712 1002 750 omnia
1029 712 1174 760 soleat,
1204 723 1283 750 non
1305 710 1359 750 est
1383 711 1490 762 quod
1517 712 1566 751 de
1596 715 1670 753 ulla
1695 724 1737 751 re
1763 713 2063 759 verecundetur.

264 771 302 812 S.
333 771 539 813 Ambrosio
563 780 692 811 tamen
712 769 782 826 (a)
808 772 929 810 virtus
952 770 1005 809 est
1022 784 1105 823 quae
1122 771 1335 811 astionibus
1353 770 1511 811 modum
1526 774 1650 823 ponit.
1714 771 1837 825 Quod
1855 773 2069 825 intelligen-

264 831 357 873 dum
374 841 473 885 puto
504 831 552 870 de
576 830 822 870 Verecundia
845 832 906 870 illa
923 832 1085 882 ingenua
1104 861 1117 881 ‚
1148 831 1186 871 &
1210 831 1375 879 liberali,
1400 842 1484 881 quae
1506 834 1633 872 animo
1656 831 1869 874 honestiori
1882 830 1992 871 froeni
2009 834 2067 872 in-

260 892 334 934 star
373 891 450 940 est,
478 903 527 930 ne
553 890 644 941 quid
667 900 778 941 turpe
801 900 865 929 aut
885 890 1111 931 indecorum
1134 891 1332 930 admittat:
1363 888 1494 940 estque
1521 894 1676 942 optimae
1700 892 1839 932 indolis
1859 891 2065 942 indicium,

263 953 302 993 &
321 959 584 1005 argumentum
611 949 714 988 haud
730 951 819 989 leve
837 979 849 997 ,
880 949 1067 1002 superesse
1094 951 1223 992 adhuc
1244 952 1283 990 in
1307 949 1495 1001 ejusmodi
1524 952 1650 991 animo
1672 951 1846 1003 quaedam
1869 953 2059 994 virtutum

262 1013 421 1061 semina,
451 1010 521 1050 etsi
541 1009 722 1050 nondum
736 1009 819 1049 satis
841 1009 915 1049 alte
929 1010 1104 1050 radicata.
1164 1009 1408 1050 Aristotelem
1429 1009 1526 1048 vero
1540 1011 1647 1061 loqui
1665 1011 1890 1051 crediderim
1905 1011 1953 1050 de
1968 1011 2066 1051 Eru-

261 1072 454 1112 bescentia
473 1071 542 1109 alia
562 1069 718 1118 vitiosa,
747 1069 1050 1110 &immoderata
1066 1101 1078 1119 ‚
1109 1083 1192 1121 quae
1208 1070 1413 1110 virtutibus
1433 1070 1548 1109 noxia
1565 1068 1644 1119 est,
1675 1071 1778 1110 haud
1798 1071 1905 1111 secus
1933 1083 1977 1110 ac
1998 1083 2065 1111 ros

262 1133 385 1173 lenior
431 1130 575 1183 segetes
605 1129 719 1169 fovet
748 1142 791 1169 ac
828 1139 1002 1179 recreat,
1032 1129 1085 1169 ast
1117 1130 1183 1168 ubi
1210 1131 1355 1183 pruinae
1385 1130 1423 1169 in
1461 1128 1621 1169 modum
1649 1129 1751 1169 cadit
1771 1160 1784 1179 ‚
1823 1130 1946 1170 adurit
1984 1142 2065 1170 eas-

263 1192 353 1233 dem
397 1203 441 1231 ac
485 1188 654 1230 destruit.
742 1188 862 1229 Nulla
893 1191 1014 1229 virtus
1048 1191 1218 1229 exerceri
1262 1187 1382 1229 libere
1406 1187 1560 1240 potest,
1598 1190 1665 1229 ubi
1699 1191 1784 1230 haec
1806 1190 1922 1242 pallio
1946 1191 2055 1229 inva-

261 1253 374 1292 luerit
391 1281 403 1299 ‚
440 1261 567 1301 neque
588 1251 663 1288 ulla
694 1261 754 1289 res
775 1249 1013 1302 Principibus
1037 1250 1154 1302 magis
1184 1250 1393 1301 perniciosa
1425 1247 1479 1288 est
1499 1279 1509 1297 ‚
1541 1248 1590 1289 eo
1624 1247 1689 1290 vel
1712 1248 1879 1290 maxime
1898 1280 1911 1299 ‚
1950 1250 2060 1301 quod

261 1312 414 1352 virtutis
432 1319 535 1362 gerat
554 1309 742 1361 speciem,
773 1309 933 1361 perinde
950 1309 1054 1361 quast
1076 1309 1303 1349 candidioris
1320 1308 1364 1348 fit
1388 1310 1499 1348 animi
1516 1307 1540 1362 (
1557 1321 1645 1350 cum
1661 1309 1770 1349 sraffi
1789 1309 1827 1349 &
1844 1308 2064 1361 abjedtipo-

261 1372 336 1412 tius
358 1368 432 1411 effe
454 1368 673 1422 videatur)
704 1369 731 1408 fi
747 1381 907 1422 negare,
937 1369 1200 1409 contradicere
1216 1400 1228 1419 ‚
1260 1368 1753 1421 reprehendere,castigare
1773 1370 1952 1421 Princeps
1977 1381 2062 1408 eru-

260 1432 400 1473 bescat.
460 1429 635 1468 Nimium
652 1430 690 1467 in
708 1430 768 1467 sua
784 1429 1033 1481 amplitudine
1049 1430 1087 1468 hi
1105 1431 1197 1469 tales
1218 1429 1255 1468 se
1277 1428 1536 1481 constringunt
1552 1458 1565 1477 ,
1600 1431 1752 1469 umbras
1769 1428 2062 1482 quodammodo

261 1499 460 1536 metuunt,
492 1488 529 1528 &
544 1488 650 1539 quod
668 1498 782 1540 caput
807 1487 860 1528 est
875 1519 887 1538 ,
918 1491 1075 1529 aliorum
1103 1489 1179 1529 sese
1202 1488 1367 1528 reddunt
1388 1490 1594 1540 mancipia,
1627 1492 1691 1540 qui
1715 1489 2058 1529 dominaridebue-

261 1564 357 1592 rant.
419 1548 514 1588 Illud
533 1560 628 1588 vero
650 1547 762 1599 quarn
780 1548 1005 1588 indecorum
1023 1579 1035 1598 ,
1075 1548 1180 1600 quod
1203 1548 1372 1589 frontem
1400 1549 1565 1600 ipsorum
1594 1550 1838 1589 verecundiae
1866 1548 1976 1588 color
1995 1561 2061 1588 oc-

261 1620 406 1662 cupet,
437 1620 515 1660 quo
548 1608 762 1648 adulatores
779 1638 791 1657 ‚
823 1609 1056 1657 mendaces,
1086 1607 1322 1649 facinorosos
1348 1608 1511 1648 suffundi
1534 1619 1735 1659 oporteret
1755 1639 1767 1657 ‚
1797 1608 1981 1660 quodque
2009 1608 2064 1648 sui

260 1671 426 1723 ipsorum
457 1668 566 1706 obliti
597 1667 643 1705 ab
687 1668 765 1705 aliis
792 1670 870 1719 regi
900 1668 937 1706 se
967 1668 1087 1708 sinant
1115 1681 1159 1707 ac
1184 1669 1346 1720 decipi?
1380 1668 1580 1721 Quidquid
1605 1669 1665 1708 alii
1692 1678 1858 1720 petunt,
1891 1667 2063 1707 offerunt

260 1729 361 1770 ultro
399 1727 436 1767 δι
467 1726 694 1778 largiuntur,
725 1726 816 1765 nihil
841 1726 949 1778 penfi
978 1727 1164 1766 habentes
1184 1757 1196 1774 ,
1226 1728 1317 1777 quid
1348 1730 1500 1777 exigant
1523 1729 1675 1775 merita,
1706 1728 1792 1767 solis
1839 1726 1933 1766 visti
1975 1739 2063 1778 pre-

259 1791 380 1829 cibus.
440 1786 482 1826 ln
511 1786 714 1824 sententias
733 1787 892 1825 aliorum
919 1786 957 1826 &
993 1785 1146 1825 consilia
1168 1816 1181 1834 ,
1212 1785 1281 1825 etsi
1310 1782 1466 1825 minime
1488 1785 1651 1836 probata
1671 1816 1684 1835 ‚
1716 1787 1894 1826 lubentes
1916 1787 2061 1826 abeunt

258 1851 337 1891 hoc
367 1847 449 1886 solo
466 1845 623 1883 nomine
642 1873 652 1890 ‚
664 1843 770 1893 quod
793 1844 1056 1883 contradicere
1074 1844 1143 1895 ipsi
1159 1857 1238 1882 non
1263 1844 1448 1892 audeant,
1466 1846 1675 1896 malintque
1690 1844 1783 1886 viffl
1803 1846 1927 1886 videri
1946 1844 2064 1897 quam

258 1904 389 1949 vicisse
407 1902 514 1948 alios.
594 1901 636 1940 Id
654 1902 760 1953 quod
778 1902 1073 1955 gravissimorum
1090 1902 1275 1942 malorum
1296 1904 1333 1941 in
1352 1902 1452 1954 Rep,
1482 1902 1718 1943 seminarium
1736 1904 1801 1945 est.
1865 1905 1938 1959 (h)
1952 1905 2061 1946 Nam

258 1963 469 2023 quorundam
486 1971 616 2014 parum
632 1960 748 2002 idonea
781 1960 828 2015 est
852 1961 1056 2002 verecundia
1080 1962 1183 2002 rebus
1202 1962 1357 2002 civilibus
1382 1993 1395 2010 ‚
1432 1973 1508 2015 qztae
1520 1958 1665 2013 firmam
1677 1960 1832 2013 frontem
1857 1964 2061 2017 defiderant.

256 2025 496 2077 Principibus
514 2024 642 2074 itaque
664 2022 768 2061 omni
790 2034 868 2073 ope
884 2021 1106 2061 enitendum
1122 2052 1134 2070 ,
1165 2031 1207 2060 ut
1221 2022 1319 2061 hanc
1338 2020 1582 2061 verecundiae
1598 2022 1803 2072 pastionem
1828 2053 1839 2071 ‚
1870 2024 1908 2062 &
1936 2023 2062 2074 pudo-

257 2099 340 2129 rem
355 2085 564 2126 naturalem
587 2082 836 2121 moderentur
854 2081 1079 2120 fortitudine
1099 2082 1135 2120 δι
1157 2080 1386 2129 constantia,
1418 2079 1605 2120 firmando
1630 2093 1710 2121 non
1731 2084 1898 2122 animum
1921 2083 2058 2132 solum,

258 2147 324 2190 sed
344 2145 465 2198 ipsum
493 2143 606 2182 etiam
622 2143 851 2181 exteriorem
875 2141 1027 2180 vultum
1045 2151 1178 2180 contra
1196 2140 1433 2181 adulationes
1447 2168 1460 2187 ‚
1488 2138 1687 2180 mendacia
1704 2173 1715 2190 ,
1746 2141 1899 2182 fraudes
1924 2142 1961 2182 &
1980 2155 2060 2182 ma·

258 2209 377 2248 litiam
402 2217 414 2252 3
444 2214 486 2242 ut
505 2203 693 2253 corrigere
720 2201 757 2240 &
777 2201 980 2241 emendare
1009 2231 1020 2250 ‚
1050 2202 1305 2253 integritatem
1325 2199 1422 2240 vero
1443 2201 1583 2253 regiam
1611 2201 1649 2240 in
1669 2200 1778 2242 distis
1803 2201 1839 2241 &
1857 2201 1966 2242 faftis
1989 2202 2061 2242 sar-

257 2278 337 2307 tam
358 2263 499 2304 testam
526 2264 624 2302 tueri
641 2260 807 2301 valeant.
873 2261 993 2313 Quod
1020 2262 1106 2312 quia
1122 2260 1287 2313 Joannes
1319 2259 1519 2301 Secundus
1535 2290 1547 2310 ,
1576 2259 1613 2299 &
1640 2260 1832 2301 Henricus
1853 2262 2023 2314 Quartus
2044 2293 2058 2310 ,

259 2327 375 2367 ambo
394 2324 521 2375 Reges
540 2352 553 2370 ‚
585 2320 713 2362 facere
731 2321 1074 2372 praetermiserunt;
1106 2320 1198 2372 quid
1225 2322 1390 2368 mirum,
1420 2330 1498 2359 tam
1524 2320 1818 2369 authoritatem,
1851 2321 1964 2372 quam
1990 2333 2056 2361 co-

258 2396 391 2427 ronam
413 2382 578 2435 ipsorum
596 2383 634 2421 in
652 2391 797 2420 tantum
816 2379 980 2420 adelasia
1000 2379 1108 2419 fuisse
1125 2380 1349 2420 discrimen?
1379 2379 1530 2420 Verhm
1547 2381 1583 2419 in
1599 2380 1764 2431 paffione
1783 2382 1855 2420 hac
1877 2381 2056 2431 curanda,

257 2444 431 2499 singulari
448 2443 627 2482 cautione
661 2453 759 2493 opus
782 2440 836 2480 est
853 2470 865 2487 ‚
897 2441 965 2480 etsi
989 2442 1088 2480 enim
1115 2440 1185 2480 alia
1217 2442 1310 2480 vitia
1333 2438 1455 2479 veluti
1488 2440 1600 2492 spinae
1624 2440 1805 2480 radicitus
1830 2441 2055 2492 extirpanda

257 2505 330 2548 sint
348 2535 360 2555 ,
389 2505 467 2543 hoc
490 2512 618 2541 tamen
638 2500 912 2553 amputandum
927 2499 981 2540 est
1000 2502 1130 2552 potius
1145 2531 1158 2549 ,
1194 2510 1237 2540 ut
1251 2500 1290 2540 id
1307 2499 1496 2540 resecetur
1514 2499 1632 2539 solum
1649 2530 1662 2549 ‚
1694 2500 1799 2552 quod
1822 2500 2055 2552 superfluum

258 2565 314 2606 est
341 2578 354 2613 ;
384 2563 618 2614 relinquatur
638 2573 734 2601 vero
756 2559 816 2600 illa
843 2560 1097 2600 Verecundiae
1117 2573 1202 2612 pars
1221 2591 1233 2610 ,
1267 2573 1351 2612 quae
1371 2561 1557 2600 virtutum
1587 2558 1640 2599 est
1663 2559 1790 2599 custos
1804 2590 1816 2608 ‚
1848 2571 2055 2611 moresque

255 2626 297 2668 &
320 2623 490 2665 aetiones
508 2623 708 2662 hominum
727 2623 951 2673 componit:
981 2633 1068 2660 nam
1081 2621 1220 2671 absque
1233 2621 1311 2660 hoc
1331 2619 1451 2660 fraeno
1469 2619 1675 2660 indomitus
1695 2618 1810 2673 plane
1827 2621 1896 2659 erit
1913 2620 2054 2659 Princi-

255 2688 316 2740 pis
333 2686 500 2732 animus,
521 2682 558 2722 &
581 2682 648 2722 nisi
679 2681 725 2720 ad
743 2680 996 2721 indecentiam
1021 2690 1136 2732 atque
1155 2680 1346 2720 infamiam
1366 2680 1524 2720 subinde
1548 2679 1722 2720 advertat
1738 2681 1895 2727 oculos,
1920 2679 2053 2730 pallio-

255 2758 348 2787 num
373 2745 520 2784 suarum
547 2742 722 2793 sequetur
746 2743 959 2793 impetum,
988 2740 1198 2782 accedente
1229 2739 1433 2792 praesertim
1465 2741 1663 2792 potentia,
1690 2740 1726 2780 &
1751 2749 1921 2791 praeceps
1951 2748 2050 2780 ruet.

257 2805 323 2860 (c)
353 2804 392 2857 Si
408 2805 472 2842 vix
495 2802 632 2842 artibus
646 2799 786 2854 honestis
799 2804 968 2841 retinetur
980 2800 1117 2853 pudor,
1148 2800 1240 2851 quid
1257 2799 1343 2847 fiet,
1363 2800 1390 2839 fi
1414 2801 1517 2840 illum
1542 2801 1701 2839 omnino
1723 2798 1963 2838 exuerimus?
1989 2797 2054 2838 Ti-

256 2866 384 2907 berius
399 2861 505 2903 certe
523 2860 596 2915 (d)
618 2859 782 2913 postremo
796 2864 831 2901 in
848 2858 976 2910 scelera
985 2860 1087 2912 simul
1098 2873 1138 2899 ac
1155 2858 1503 2911 &decoram-orffa,
1517 2857 1697 2913 postquam
1712 2865 1832 2898 remoto
1842 2855 1976 2908 pudore
1999 2857 2052 2903 &⁹

256 2920 430 2975 mem‚fito
449 2924 583 2962 tantum
599 2924 725 2975 ingenio
741 2921 915 2961 utebatur.
973 2920 1062 2961 Hac
1092 2919 1142 2960 de
1158 2917 1278 2959 caussa
1297 2919 1405 2959 Plato
1423 2920 1538 2970 dixit,
1554 2919 1692 2972 Jovetn
1713 2916 1914 2968 aliquando
1928 2947 1941 2966 ‚
1959 2917 2050 2958 cum

1985 2989 2051 3031 ge-

359 3114 417 3161 (a)
442 3110 591 3149 Pulchra
604 3113 727 3148 virtus
749 3109 795 3159 esl
814 3109 1027 3148 verecundia
1038 3137 1045 3151 ,
1067 3108 1112 3151 ό·
1116 3107 1246 3155 ficavis
1251 3111 1383 3162 gratia
1398 3137 1407 3151 ,
1421 3123 1489 3163 quae
1503 3122 1569 3146 non
1570 3107 1682 3155 sblum
1695 3110 1734 3145 in
1748 3106 1878 3154 fastis,
1898 3106 1965 3155 ſsd
1982 3110 2049 3146 eti-

257 3179 317 3203 am
336 3167 400 3202 ini
411 3161 649 3217 fisspec‘latur
658 3162 888 3210 firmonibus,
911 3176 956 3201 ne
973 3161 1108 3200 modum
1113 3162 1415 3214 praetergrediaris
1433 3160 1606 3215 loquendi,
1623 3160 1760 3214 nequid
1770 3161 1964 3198 indecorum
1976 3164 2051 3207 Jer-

256 3233 311 3256 mo
328 3217 458 3266 resbnet
481 3227 575 3258 tuus.
603 3220 638 3254 S.
665 3217 793 3255 Ambr.
848 3218 909 3264 (b)
931 3219 1074 3254 Seneca.
1128 3215 1186 3262 (c)
1210 3214 1325 3252 Tacit.
1358 3215 1419 3253 lib.
1440 3228 1501 3261 24.
1517 3214 1647 3253 Annal.
1699 3215 1759 3262 (d)
1784 3214 1900 3253 Tacit.
1921 3215 1983 3252 lib.
2011 3218 2044 3251 6,

254 3270 325 3309 nal.
