2132 3730
438 214 1401 262 SYMBOLAPOLITICA.
1759 240 1843 276 203

1667 286 1794 295 “—ffl———
1807 292 1848 297 --.

12 275 16 284 .
71 278 573 292 -.-...--———-—
1341 283 1663 292 *-

2 298 15 334 J
64 304 163 357 Regi
185 305 248 343 suo
273 298 384 337 faciat
402 295 486 336 satis
509 326 520 345 ,
549 298 724 337 homines
744 296 972 348 offendere,
1006 312 1136 341 contra
1154 301 1182 340 fi
1208 302 1426 343 hominibus
1444 305 1596 356 placere
1616 303 1764 344 studeat
1774 307 1850 346 Re-

0 377 5 406 ·,
64 366 118 417 gis
138 363 286 417 gratiam
313 357 497 395 amittere.

234 417 267 468 ς.
298 415 419 468 Quod
442 416 470 455 fi
492 414 603 455 favor
617 415 678 456 ille
693 417 730 455 in
748 415 828 455 solo
851 420 954 458 cultu
981 419 1172 458 exteriore
1192 420 1360 458 innititur
1378 421 1519 461 artibus
1552 423 1682 462 aulicis
1708 435 1847 475 procu-

2 507 5 522 2
60 491 162 529 rato,
188 489 267 517 non
283 475 351 515 nisi
372 477 563 514 violentus
588 474 669 524 est,
701 488 746 514 ac
779 475 965 527 furtivus,
995 477 1170 528 adeoque
1200 479 1350 518 libertas
1373 479 1553 532 Principis
1574 482 1666 522 illud
1694 484 1849 523 conabi-

58 551 137 587 tur,
166 547 209 577 ut
233 546 308 576 tam
325 534 459 577 durum
486 535 677 575 servitutis
709 534 841 588 jugum
864 537 1084 590 impositum
1106 537 1195 586 fibi,
1226 551 1306 578 non
1330 539 1465 591 sponte
1492 541 1708 595 susceptum
1728 555 1846 584 excu-

0 632 14 645 ,,
54 602 133 643 tiat.

223 653 262 694 Si
278 653 333 695 est
357 653 528 706 quaedam
559 655 768 694 voluntatis
790 656 1026 707 propens10‚
1057 653 1179 694 subest
1207 655 1412 706 plurimum
1437 659 1556 698 causis
1587 660 1777 712 secundis,
1809 664 1847 704 &

53 729 138 757 cum
173 715 250 766 ipsa
282 725 392 754 aetate
413 715 663 754 mutationem
690 715 811 764 subit,
843 726 906 754 aut
937 724 1024 755 cum
1047 716 1157 754 amici
1177 715 1468 767 ingratitudine,
1499 719 1528 759 fi
1552 720 1583 758 is
1608 719 1747 761 scilicet
1766 735 1847 763 non

50 778 131 817 satis
153 775 327 828 agnoscat
341 805 353 823 ,
385 772 406 814 ὲ
429 787 507 826 quo
526 773 636 814 fonte
661 774 738 813 hoc
755 775 861 814 suum
878 773 952 815 effe
968 771 1040 828 (a)
1070 774 1245 814 hauserit.

222 835 259 874 Si
290 833 394 874 forte
412 833 587 874 venustas
611 836 685 873 oris
702 833 740 874 &
756 846 906 874 morum
935 843 1038 874 tanta
1070 833 1124 874 est
1152 836 1189 873 in
1220 834 1396 883 Privato,
1429 846 1471 876 ut
1496 849 1650 876 manum
1676 839 1846 889 quodam

49 894 168 935 modo
194 896 384 934 violenter
406 894 589 946 Principis
606 894 795 933 voluntati
820 894 959 945 injiciat
976 924 989 943 ,
1019 904 1084 933 aut
1110 895 1220 934 brevi
1250 895 1470 946 marcescit,
1500 908 1565 936 aut
1581 899 1702 937 oculis
1727 898 1847 940 solum

51 957 187 996 servit:
219 954 319 994 haud
350 955 454 993 secus
475 965 590 1006 atque
638 955 676 993 in
709 954 854 1005 vulgari
882 965 1012 993 amore
1042 954 1230 994 usuvenit.
1399 964 1402 965 ⁷

223 1015 261 1054 Si
279 1013 333 1053 est
348 1014 399 1053 ob
417 1014 528 1054 dotes
546 1015 658 1054 animi
684 1012 865 1064 majores,
897 1026 1010 1065 quam
1031 1013 1103 1053 fint
1124 1016 1162 1053 in
1187 1013 1269 1065 ipso
1291 1013 1487 1066 Principe,
1519 1027 1613 1055 mox
1645 1025 1760 1068 atque
1784 1018 1845 1058 hic

45 1074 134 1114 illud
159 1075 346 1124 agnoscit,
377 1073 502 1114 atrum
519 1072 572 1113 est
589 1072 637 1113 de
665 1074 793 1124 gratia.
855 1072 991 1130 Nemo
1019 1075 1120 1114 enim
1144 1073 1255 1113 facile
1290 1072 1365 1113 fert
1392 1075 1430 1113 in
1455 1073 1529 1114 alio
1558 1076 1658 1115 illam
1685 1078 1845 1129 ingenii,

46 1146 109 1174 aut
125 1134 294 1174 fortioris
317 1135 428 1173 animi
451 1134 713 1173 excellentiam
730 1163 741 1180 ,
771 1145 856 1184 quae
880 1133 949 1185 ipsi
971 1135 1084 1174 etiam
1107 1134 1291 1186 potentiae
1306 1132 1421 1184 longe-2
1443 1133 1621 1174 anteferri
1645 1135 1753 1176 solet.

220 1194 256 1234 Si
275 1193 329 1233 est
356 1195 407 1232 ob
430 1195 579 1233 labores
612 1192 811 1244 publicos,
842 1192 878 1232 &
898 1195 1143 1245 negotiorum
1170 1205 1299 1242 curas,
1328 1205 1407 1232 non
1434 1195 1557 1233 minus
1590 1194 1782 1247 vigilantia
1806 1198 1847 1237 in

41 1254 214 1305 periculo
249 1252 329 1293 cst.
360 1265 404 1292 ac
431 1254 677 1304 negligentia:
705 1256 832 1302 ne'que
865 1254 966 1292 enim
1002 1255 1129 1293 omnia
1166 1253 1314 1304 semper
1339 1252 1573 1303 respondent
1609 1255 1764 1304 mediis,
1794 1269 1844 1296 eo

40 1311 145 1363 quod
163 1314 262 1350 varia
275 1311 537 1358 intercedant,
569 1313 704 1350 volunt
720 1321 847 1350 autem
858 1311 1070 1363 Principes,
1102 1323 1145 1352 ut
1168 1312 1215 1352 ad
1239 1313 1302 1352 sua
1315 1323 1432 1361 vota,
1462 1312 1499 1352 δι
1521 1315 1761 1364 appetituum
1780 1316 1845 1354 de-

39 1371 172 1411 fideria
192 1373 283 1410 nihil
300 1383 378 1410 non
397 1370 583 1408 succedat.
645 1366 841 1409 Successus
860 1370 1103 1411 secundiores
1132 1371 1248 1419 casui,
1272 1382 1337 1410 aut
1364 1371 1394 1410 F
1397 1381 1543 1410 ortunae
1564 1373 1746 1426 Principis
1767 1375 1843 1428 (b)

41 1434 276 1479 tribuuntur,
305 1443 384 1469 non
403 1429 614 1481 prudentia»
633 1428 715 1467 talis
733 1427 897 1476 Privati,
937 1442 1085 1470 errores
1106 1429 1203 1469 vero
1226 1431 1316 1470 huic
1341 1430 1431 1478 soli,
1460 1432 1551 1470 licet
1587 1434 1699 1484 culpa
1724 1436 1843 1475 aliena

40 1492 105 1531 fitt
132 1503 216 1530 nam
234 1487 397 1543 prospera
413 1488 594 1541 omnesstbi
614 1487 817 1538 vendicant,
845 1486 995 1540 advetstz
1017 1492 1078 1530 um*
1098 1492 1335 1542 imputantur,
1366 1491 1400 1528 ei
1423 1490 1619 1540 nimirum,
1651 1494 1715 1543 qui
1741 1493 1844 1534 Prin·

9 1573 11 1575 ·
40 1553 115 1601 cipi
146 1553 262 1602 magis
287 1551 439 1589 intimus
457 1548 521 1588 est.
581 1547 716 1602 Quid?
746 1549 851 1600 quod
879 1549 917 1589 &
946 1548 1104 1589 fortuita
1125 1550 1174 1590 illi
1208 1549 1425 1598 afferibant,
1455 1552 1510 1589 uti
1542 1550 1703 1602 Sejano,
1734 1552 1843 1605 quod

39 1611 372 1661 Amphitheatrum
428 1608 635 1659 collapsum
675 1605 767 1647 esset
792 1639 805 1657 ,
852 1608 890 1648 &
925 1608 1048 1648 Mons
1082 1609 1223 1648 Coelius
1261 1607 1346 1662 (c)
1385 1608 1657 1661 conflagraffet.
1750 1612 1844 1653 Nec

39 1683 125 1709 cum
145 1671 312 1709 incusant
333 1670 451 1708 solum
473 1671 510 1708 in
538 1668 727 1719 negotiis,
757 1680 841 1719 quae
872 1667 951 1719 ipse
972 1678 1173 1720 procurat,
1198 1667 1262 1707 sed
1289 1669 1418 1707 alienis
1446 1669 1559 1708 etiam
1578 1699 1590 1718 ,
1620 1680 1685 1710 aut
1715 1673 1753 1711 in
1779 1685 1842 1712 ca-

39 1731 161 1780 sibus,
192 1732 256 1781 qui
283 1730 303 1769 a
323 1730 524 1768 voluntate
540 1726 746 1778 Principis,
776 1727 813 1766 &
838 1726 987 1766 Natura
1018 1727 1202 1778 pendent.
1263 1726 1318 1766 Ita
1349 1725 1505 1766 Senecae
1530 1730 1652 1780 culpae
1684 1729 1842 1780 datum,

40 1791 147 1842 quod
175 1790 288 1829 Nero
315 1798 472 1828 matrem
504 1786 604 1826 suam
636 1787 741 1837 aquis
770 1785 947 1826 voluiffet
979 1785 1049 1841 (d)
1071 1786 1324 1839 submergere.
1385 1785 1452 1840 (e)
1483 1786 1628 1841 Sejanus
1641 1790 1841 1844 stzciszormn

37 1853 178 1890 omnium
196 1857 351 1901 repertor
366 1847 577 1894 habebatur,
607 1858 649 1884 ex
671 1848 776 1885 m‘mia
794 1848 942 1886 caritate
968 1848 1003 1886 in
1017 1859 1091 1886 eum
1114 1843 1283 1897 Caesaris,
1311 1845 1363 1890 ἐξ)
1383 1853 1581 1886 caeterorum
1605 1851 1641 1887 in
1658 1857 1841 1903 utrumque

9 1910 11 1912 ’
36 1910 126 1957 odio,
155 1911 316 1963 quam-vis
330 1903 481 1957 fabulosa
496 1903 547 1948 &³
561 1906 721 1943 immania
737 1905 976 1944 credebantur.
1040 1904 1078 1943 Si
1097 1906 1311 1957 praecipuus
1348 1906 1480 1955 aliquis
1503 1906 1702 1957 Minister,
1736 1909 1841 1949 Prin»

37 1971 112 2020 cipi
132 1969 232 2007 bene
247 1965 424 2011 alfwius,
457 1964 483 2002 si
519 1964 602 2013 quis
626 1973 674 2000 ex
702 1963 872 2013 ejusdem
898 1965 1128 2016 cognatione
1154 1964 1236 2003 fato
1257 1965 1415 2003 naturali
1449 1965 1662 2015 concedat,
1694 1967 1839 2009 Mortis

37 2027 170 2067 3υᾶοτ
197 2036 329 2065 contra
345 2024 404 2075 jus
420 2022 548 2075 fasque
568 2021 740 2061 Privatus
759 2022 948 2070 creditur;
979 2022 1180 2075 quomodo
1199 2024 1302 2063 Duci
1324 2023 1474 2064 Lermae
1504 2025 1751 2077 immaturus,
1783 2039 1837 2068 at.

35 2098 163 2128 tamen
178 2086 355 2126 naturalis
372 2083 500 2124 obitus
525 2082 706 2133 Principis
723 2083 887 2136 Philippi
905 2083 1183 2132 Emmanuelis,
1215 2083 1344 2124 Caroli
1365 2084 1562 2124 Sabaudiae
1587 2085 1709 2126 Ducis
1730 2086 1835 2138 Filii,

36 2146 231 2200 affcriptus
249 2145 333 2185 fuit.

187 2206 225 2246 Si
251 2203 441 2257 singularis
459 2203 518 2242 illa
533 2201 807 2242 benevolentia
823 2213 872 2241 ex
888 2202 1122 2255 obligatione
1142 2202 1302 2242 nascitur
1319 2203 1371 2242 ob
1388 2204 1525 2242 eximia
1541 2203 1701 2255 praestita
1726 2205 1835 2245 obse-

8 2268 11 2271 ’
35 2268 146 2318 quia,
177 2267 302 2306 oneris
325 2263 478 2304 taediurn
504 2262 541 2302 &
557 2261 728 2302 laffitudo
753 2263 947 2314 paullatim
972 2262 1069 2302 subit
1096 2262 1324 2315 Principem.
1385 2260 1472 2315 (f)
1506 2264 1603 2303 Nam
1623 2262 1779 2316 bane-ficia
1800 2280 1834 2305 eo

31 2324 132 2381 usque
157 2328 238 2367 laeta
250 2323 345 2375 silut,
373 2321 629 2365 damvidentm·
652 2319 889 2375 exstilvipcffi:
915 2322 973 2362 ubi
985 2322 1122 2363 multum
1144 2321 1348 2363 antevendre
1364 2331 1433 2374 pro
1447 2326 1569 2374 gratia
1587 2323 1693 2362 odwin
1720 2324 1831 2363 reddi-

32 2393 103 2426 tur.
167 2386 385 2439 Agnoscere
406 2381 666 2433 beneficium,
686 2382 878 2423 servitutis
898 2382 1096 2435 quoddam
1117 2395 1236 2437 genus
1262 2380 1317 2422 est
1335 2395 1346 2420 .·
1379 2384 1443 2433 qui
1465 2384 1564 2422 enim
1586 2386 1754 2435 obligat,
1777 2384 1831 2424 su-

32 2446 224 2497 periorem
244 2447 363 2485 altero
389 2444 426 2484 se
443 2442 648 2484 constituit.
709 2442 753 2482 Id
781 2441 888 2495 quod
914 2455 1002 2483 cum
1024 2443 1198 2495 suprema
1217 2441 1418 2493 Maiestate
1437 2441 1640 2483 consistere
1665 2455 1744 2483 non
1761 2457 1832 2496 po-

32 2503 124 2552 test3
154 2505 259 2557 cujus
273 2503 439 2556 potestas
456 2505 533 2543 hoc
553 2502 636 2554 ipso
655 2515 733 2542 non
749 2515 881 2555 parum
902 2504 1134 2543 imminuitur
1149 2534 1162 2552 ,
1191 2503 1219 2543 si
1237 2504 1470 2555 obligatione
1503 2503 1623 2552 major
1651 2515 1729 2541 non
1755 2503 1801 2542 fit
1818 2533 1830 2552 ‚

30 2565 218 2619 preffique
240 2566 431 2618 Principes
453 2562 689 2617 gratitudinis
717 2563 754 2604 δε
773 2563 892 2602 debiti
909 2574 1054 2611 onere,
1084 2563 1276 2615 insigniter
1293 2563 1426 2615 ingrati
1452 2561 1572 2610 fiunt,
1603 2572 1645 2600 ut
1667 2561 1732 2600 iilo
1755 2563 1831 2602 sese

31 2627 207 2671 liberent.
266 2624 341 2678 (g)
369 2625 459 2665 Sam>
473 2622 631 2678 quidmn,
659 2637 725 2678 quo
737 2624 822 2676 plus
847 2622 986 2671 dehent,
1016 2626 1123 2675 magis
1152 2622 1306 2662 oderunt.
1368 2621 1470 2661 Leve
1496 2634 1544 2661 aes
1569 2621 1712 2660 alienum
1742 2619 1830 2662 debi-

30 2695 137 2729 torem
155 2683 273 2737 facit,
299 2698 413 2736 grave
434 2685 611 2724 inimicum.
672 2683 861 2724 Adrianus
887 2682 1099 2733 Imperator
1132 2682 1258 2723 occidi
1288 2680 1385 2731 jussit
1418 2679 1632 2728 Titianum,
1663 2694 1778 2732 quem
1811 2681 1841 2721 ὲ.

31 2758 155 2801 puero
174 2742 457 2785 moderatorem
479 2743 639 2794 habuit,
666 2743 705 2784 &
725 2745 788 2784 cui
806 2743 913 2783 suum
929 2741 1098 2781 debebat
1111 2742 1330 2794 Imperium.
1392 2740 1524 2780 Taceo
1539 2739 1746 2781 multorum
1771 2741 1831 2780 sae-

892 2801 927 2842 E
946 2813 968 2842 e
984 2813 1007 2841 e
1024 2815 1052 2842 2
1779 2801 1833 2853 pe

135 2925 194 2972 (a)
245 2924 404 2958 ‘uoniam
422 2922 626 2971 tgnorawit,
649 2921 708 2972 qui
728 2918 767 2966 [ἒ
781 2918 922 2970 finxit,
948 2914 994 2959 όν
1015 2916 1076 2970 qui
1097 2910 1292 2967 inspiravit
1322 2912 1374 2950 illi
1398 2914 1558 2950 animam
1582 2926 1648 2965 quae
1670 2924 1832 2966 operatur

34 2975 232 3030 &quiinstt
265 2976 351 3012 avit
367 2975 400 3011 ei
408 2974 578 3027 spiritum
597 2971 760 3010 vitalem.
786 2975 930 3021 Sap.15.
957 2982 969 3006 1
983 2981 1014 3005 1.
1065 2969 1127 3015 (b)
1153 2970 1227 3003 Haec
1255 2963 1301 3016 est
1331 2965 1476 3002 conditio
1500 2970 1647 3017 Rssgum,
1671 2977 1713 3003 ut
1736 2965 1829 3012 casias

35 3029 176 3066 tantissm
189 3026 351 3074 adversas
363 3023 554 3065 hominibus
562 3021 725 3061 tribuant
735 3018 1138 3074 ficuna'osfhrtunaesuae.
1166 3018 1287 3056 AEmil.
1308 3019 1415 3055 Prob.
1442 3019 1474 3054 T
1475 3030 1529 3054 ac.
1551 3018 1589 3054 in
1613 3017 1688 3054 vitei
1706 3019 1828 3067 Agric.

35 3082 93 3128 (c)
122 3082 341 3133 feralemque
370 3092 502 3116 annum
514 3074 701 3130 ferebant,
717 3074 922 3120 &omnibus
938 3071 1095 3123 advetsts
1102 3069 1293 3123 ficfieptum
1307 3071 1459 3122 Principi
1471 3068 1642 3119 coffilium
1657 3067 1830 3115 absbntia,

36 3133 98 3183 qui
116 3146 185 3170 mos
208 3133 332 3186 vulgo,
349 3130 516 3183 fhrtuita
539 3129 590 3167 ad
612 3127 745 3181 culpam
758 3127 953 3166 trahentes.
982 3128 1068 3163 Tac.
1085 3125 1146 3162 lib.
1164 3137 1201 3166 4.
1217 3123 1347 3160 Annal.
1399 3124 1459 3168 (d)
1484 3127 1572 3174 Ergo
1593 3135 1659 3156 non-
1670 3123 1754 3168 jam
1762 3128 1828 3159 Ne.

36 3197 89 3223 ro,
113 3185 204 3231 cujus
219 3187 427 3223 immanitas
449 3185 600 3221 omnium
621 3178 943 3234 quaestusanteibat‚
957 3178 1024 3226 sbd
1046 3174 1192 3222 adversa
1212 3189 1348 3213 rumore
1371 3181 1496 3212 Seneca
1516 3184 1613 3213 erat,
1640 3173 1730 3224 quod
1752 3189 1828 3212 ora-

37 3237 132 3272 tione
150 3237 219 3273 tali
237 3235 464 3290 confhffionem
477 3233 658 3288 sc'ripfiffi’t.
684 3232 902 3271 Tac.lib.11.
918 3234 1048 3270 Annal.
1106 3230 1170 3280 (e)
1198 3229 1298 3266 Idem
1315 3228 1378 3266 lib·
1390 3242 1428 3275 4·
1455 3226 1583 3263 Annal‘
1635 3231 1652 3269 s
1663 3225 1702 3272 f)
1728 3229 1827 3266 Idem

35 3287 99 3327 lib·
125 3299 162 3336 4.
184 3290 312 3327 Annal.
360 3291 421 3341 (g)
445 3292 579 3329 seneca
600 3285 703 3338 Epist.
722 3299 782 3333 19.
