2132 3730
484 217 1458 262 SYMBOLAPOLITICA.
1592 276 1593 280 Ἰ
1813 230 1867 279 83

68 283 1606 297 ww*

71 309 267 359 impertitur
284 317 298 354 ,·
325 305 377 344 ita
383 301 524 358 jrstitia
535 334 549 353 ‚
565 315 644 361 quae
661 305 741 342 vita
753 310 857 355 atque
872 299 1078 353 cotglbrvatio
1092 299 1139 354 est
1155 305 1251 354 regni
1264 315 1305 342 ac
1317 305 1430 356 populi
1439 308 1475 345 in
1494 317 1571 357 rege
1583 304 1657 357 fita
1672 300 1730 358 est.
1791 305 1864 359 (a)

72 365 124 407 Et
141 367 225 407 alibi
242 365 320 411 ait,
349 363 498 415 Regem
521 363 624 402 idem
645 361 719 402 ess'e
741 374 784 401 ac
800 363 987 414 Regulam
1012 392 1025 412 ‚
1057 362 1162 410 cujus
1188 361 1287 401 hanc
1313 363 1438 402 adfert
1470 366 1656 404 rationem
1680 374 1691 406 t
1739 363 1791 403 Ca
1818 365 1869 418 asi

72 439 156 466 como
170 434 240 478 por
252 423 315 463 ella
320 421 358 474 se
372 436 513 463 commen
528 421 626 462 rodas
639 422 692 461 las
714 430 873 462 torturas
890 453 903 472 ,
933 419 993 474 est>
1015 420 1206 461 enderezan
1223 451 1236 470 ,
1265 421 1317 472 ast
1328 431 1398 474 por
1419 424 1451 462 el
1462 421 1613 476 Reysbn
1635 423 1799 464 conoeidos
1815 424 1865 464 lor

67 497 187 539 yerros
207 514 220 533 ,
249 497 267 522 e
288 481 493 522 emendadns.
555 482 655 523 Issam
669 480 940 535 quemachnodmn
952 490 1022 534 per
1042 481 1240 533 illurn,qitae
1253 490 1368 522 curva
1386 495 1427 521 ac
1442 480 1676 536 dgstortastmt
1689 516 1701 533 ‚
1723 491 1863 535 patent,

70 552 170 599 atque
185 541 402 582 emendantur
417 556 430 590 ,·
460 544 511 582 ita
525 550 594 593 per
613 554 723 594 regem
739 542 791 587 &9
811 539 1044 594 cognoscuntur
1061 553 1216 589 errores,
1233 539 1285 584 &³
1309 544 1540 593 corriguntur.
1611 543 1699 582 Rex
1721 543 1758 583 δε
1778 542 1865 583 Lex

71 615 148 644 non
171 601 238 641 nisi
258 603 369 641 unica
384 601 594 653 discrepant
613 603 729 641 litera.
790 601 841 641 Et
861 600 952 653 quid
975 598 1076 640 aliud
1092 599 1179 639 Rex
1192 629 1205 648 ,
1234 597 1350 650 quam
1371 600 1456 640 Lex
1476 599 1547 654 (h)
1563 602 1752 653 loquens?
1772 602 1865 655 quid

69 662 152 703 Lex
176 661 275 700 aliud
295 692 306 710 ,
337 660 450 713 quam
466 671 592 702 mutus
603 661 723 702 Rex?
749 661 800 701 Et
819 663 870 702 ita
891 659 1044 712 quidem
1062 660 1170 708 Rex,
1199 668 1242 698 ut
1256 660 1332 698 sola
1354 658 1446 699 ess'et
1461 659 1566 699 domi
1587 671 1735 710 natura,
1752 662 1865 714 siipsa

70 721 143 763 sese
162 723 354 773 explicare
382 719 518 773 posset.
579 721 782 762 Prudentia
808 722 962 774 politica
987 719 1113 758 divisit
1134 717 1425 772 quodammodo
1453 719 1672 772 Principum
1698 722 1865 772 potesta-

67 790 145 820 tem
167 809 179 827 ‚
210 780 246 820 &
272 781 420 820 tametsi
444 783 482 820 in
498 781 668 832 personis
690 781 778 834 ipsis
808 789 958 820 maneat
971 781 1117 831 integra
1133 809 1144 829 ‚
1171 791 1219 819 ex
1236 789 1344 831 parte
1365 788 1493 818 tamen
1518 791 1602 819 eain
1624 780 1809 820 subtiliter
1826 783 1865 821 in

15 888 17 891 ¹
70 843 241 882 chartam
267 839 452 880 transtulit
475 872 486 889 ,
519 840 556 880 &
586 841 760 893 scriptam
789 842 940 891 reliquit
961 871 972 887 ‚
1003 849 1118 890 atque
1151 841 1272 878 oculis
1299 842 1472 879 omnium
1504 839 1717 891 expositam
1740 839 1865 890 Maje-

14 930 17 934 »
65 900 198 941 statem
214 931 227 949 ‚
256 913 329 952 pro
346 900 494 952 justitiae
517 902 701 941 exercitio
718 931 731 950 ‚
760 910 803 939 ut
821 901 1040 951 anticipatas
1066 899 1138 938 hac
1155 901 1302 938 ratione
1321 911 1391 950 per
1411 901 1515 953 leges
1535 911 1548 945 3
1576 909 1663 939 ante
1679 898 1781 951 ipsos
1798 901 1867 939 eti-

15 983 17 985 ·
67 972 126 1000 am
150 960 253 1000 casus
269 991 280 1010 ‚
312 962 489 1013 aequitate
502 961 537 1000 ἃ
552 960 817 1013 castigatione,
836 960 1029 999 sententiae
1045 972 1123 998 non
1144 959 1417 999 ascriberentur
1437 960 1592 998 arbitrio
1606 989 1618 1008 ‚
1649 969 1714 999 aut
1730 959 1864 1011 pasiio-

65 1021 158 1061 ni&
184 1020 397 1061 commodo
417 1020 620 1073 Principis,
635 1032 737 1060 neve
760 1021 791 1059 is
820 1022 858 1059 in
868 1020 1000 1059 odium
1014 1018 1345 1070 offensionemque
1377 1020 1613 1059 subditorum
1640 1021 1864 1060 incurreret.

65 1080 153 1120 Lex
168 1083 301 1133 rigoris
317 1080 511 1120 excusatio
531 1080 607 1129 est,
631 1081 799 1120 elevatio
812 1081 960 1133 gratiae,
988 1078 1175 1118 invisibile
1202 1078 1384 1130 Principis
1408 1080 1633 1125 brachium,
1663 1091 1743 1130 quo
1773 1080 1865 1119 Rei·-

64 1141 230 1193 publicae
254 1142 422 1180 habenas
449 1140 684 1184 moderatur.
743 1138 836 1179 Nec
859 1141 928 1179 alia
950 1141 1012 1178 via
1037 1140 1172 1178 melior
1194 1137 1241 1177 ad
1260 1139 1535 1178 conciliandam
1561 1138 1828 1178 auctoritatem
1851 1167 1865 1185 ‚

65 1200 104 1240 &
129 1201 300 1240 subditos
329 1201 377 1239 ad
411 1201 577 1239 officium
599 1200 809 1252 cogendos.
882 1200 1014 1252 Quare
1039 1199 1060 1239 a
1087 1201 1214 1250 legum
1245 1199 1464 1249 praescripto
1485 1211 1565 1239 non
1588 1198 1864 1240 recedendum.

64 1259 132 1314 (c)
148 1273 251 1312 neque
263 1259 422 1299 utendmn
437 1261 574 1310 imperio
597 1289 610 1308 ‚
637 1260 696 1299 ubi
712 1259 837 1311 legibus
849 1257 1022 1312 agipoffit,
1082 1257 1204 1311 Quod
1222 1257 1249 1298 s1
1265 1260 1329 1298 via
1355 1257 1429 1313 (d)
1445 1257 1546 1299 facta
1560 1258 1749 1310 procedat
1762 1257 1867 1298 Prin-

64 1330 185 1371 ceps,
215 1320 293 1358 vim
318 1318 419 1358 suam
433 1330 477 1357 ac
493 1319 611 1358 robur
640 1318 809 1370 perdunt
832 1320 948 1370 leges.
1011 1317 1135 1370 Culpa
1155 1317 1239 1371 (e)
1269 1330 1341 1370 pro
1370 1320 1591 1358 innocentia
1620 1318 1806 1366 habetur,
1826 1318 1867 1358 δε

59 1377 199 1430 justitia
226 1376 310 1431 (f)
328 1391 402 1430 pro
420 1378 621 1427 tyrannide
638 1393 650 1427 ,·
682 1378 801 1418 immo
824 1377 1007 1429 Principis
1029 1376 1197 1429 potestas
1219 1378 1320 1417 haud
1338 1389 1472 1429 parum
1489 1378 1750 1417 imminuitur:
1779 1379 1868 1429 plus

14 1483 16 1485 ¹
63 1440 167 1478 enim
190 1438 337 1490 semper
352 1450 439 1477 cum
465 1439 550 1490 lege
567 1468 579 1487 ‚
611 1437 725 1491 quam
747 1439 892 1489 absque
923 1437 985 1477 illa
1004 1437 1155 1477 efficere
1171 1439 1316 1488 poterit
1341 1450 1354 1484 3
1383 1437 1471 1477 Lex
1489 1437 1705 1489 Principem
1729 1436 1869 1477 consti·

66 1500 139 1538 tuit
158 1528 172 1548 ‚
202 1508 330 1537 tuetur
348 1527 361 1545 ‚
390 1508 508 1537 armat
528 1510 571 1537 ac
588 1500 760 1541 roborat.
818 1496 903 1537 Nisi
923 1499 986 1537 lex
1003 1495 1116 1545 esset,
1138 1496 1229 1537 nihil
1253 1498 1352 1537 inter
1369 1496 1673 1539 dominationem
1690 1496 1727 1537 &
1748 1496 1869 1547 subje-

64 1557 234 1598 &ionem
254 1557 474 1597 discriminis
486 1559 754 1600 intercederet.
816 1557 986 1610 Legibus
1004 1586 1016 1603 ,
1049 1567 1228 1610 tanquam
1244 1556 1519 1597 fundamentali
1533 1566 1653 1608 petrae
1669 1587 1681 1606 ,
1709 1569 1791 1596 non
1812 1557 1870 1596 so-

64 1619 91 1656 li
116 1619 270 1657 arbitrio
286 1630 379 1658 vera
393 1618 562 1657 innititur
577 1619 749 1659 Politica.
808 1617 966 1670 Regulae
985 1617 1067 1656 sunt
1085 1618 1197 1657 bonae
1214 1618 1500 1670 gubernationis
1514 1647 1525 1664 ‚
1543 1616 1581 1655 &
1592 1619 1663 1657 viae
1680 1618 1792 1669 regiae
1807 1629 1868 1655 ra-

13 1726 15 1730 ⁴
65 1678 181 1717 tionis
207 1675 354 1726 Statue,
387 1690 458 1729 per
476 1689 561 1726 eas,
592 1690 771 1729 tanquam
781 1689 850 1729 per
867 1687 989 1716 certas
1009 1675 1211 1726 quasdam,
1241 1676 1504 1727 lineas,Reip.
1526 1678 1634 1715 navis
1654 1675 1783 1715 secura
1802 1688 1871 1715 na·

14 1738 15 1742 ’
65 1738 184 1790 vigat.
265 1736 375 1776 Muri
404 1737 489 1776 sunt
509 1736 781 1790 Magistratus:
811 1737 913 1775 oculi
935 1734 971 1775 &
989 1736 1111 1774 anima
1129 1735 1306 1782 civitatis,
1326 1735 1522 1774 vinculum
1540 1736 1700 1788 populi,
1729 1734 1870 1774 acfroe-

13 1832 16 1837 .
64 1809 159 1837 num
180 1795 205 1850 <
214 1795 332 1849 figura
354 1796 546 1849 praesentis
573 1794 865 1849 Emblematis)
897 1793 1003 1846 quod
1029 1806 1117 1834 eum
1138 1797 1234 1847 regit
1263 1792 1333 1847 (g)
1365 1805 1410 1833 ac
1426 1795 1592 1847 corrigit.
1665 1794 1773 1848 Quin
1789 1795 1869 1849 ipsa

14 1851 15 1892 j
64 1858 180 1897 etiam
197 1857 366 1905 tyrannis
391 1857 536 1906 absque
555 1857 598 1894 iis
616 1852 811 1894 subsistere
832 1865 912 1892 non
933 1852 1074 1903 potest.

14 1908 15 1914 ’
218 1914 452 1955 instabilitati
474 1914 706 1961 voluntatis,
735 1924 820 1963 quae
845 1920 905 1950 tot
927 1909 1127 1950 affectibus
1146 1908 1184 1949 &
1201 1909 1430 1963 pastionibus
1455 1908 1511 1950 est
1530 1911 1723 1959 obnoxia,
1746 1910 1872 1953 immo

63 1987 135 2030 per
158 1974 195 2014 se
217 1985 340 2021 coeca,
374 1970 481 2012 recte
502 1973 691 2013 committi
710 1970 811 2011 haud
826 1971 956 2022 potuit
974 1969 1124 2021 justitiae
1145 1969 1332 2021 judicium
1357 1983 1369 2017 3
1401 1969 1465 2010 sed
1485 1970 1678 2011 necessum
1695 1971 1795 2022 fuit,
1823 1982 1869 2012 ut

62 2035 177 2074 certis
197 2031 426 2086 quibusdam
450 2031 612 2072 decretis
642 2032 679 2072 &
692 2031 776 2072 fixis
798 2030 944 2071 statutis
966 2029 988 2069 a
1010 2032 1158 2070 ratione
1177 2030 1213 2070 &
1230 2030 1432 2083 prudentia
1452 2030 1638 2082 profeffis
1651 2061 1663 2080 ,
1684 2044 1768 2084 quae
1782 2044 1870 2083 per-

64 2094 155 2135 inde
170 2105 305 2134 omnes
327 2123 339 2142 ,
369 2092 407 2132 &
426 2092 571 2144 absque
595 2092 807 2132 discrimine
827 2090 1040 2145 obligarent
1063 2119 1076 2138 ,
1106 2092 1167 2130 illa
1183 2092 1221 2130 in
1246 2091 1374 2130 officio
1402 2092 1676 2131 contineretur.
1752 2090 1871 2133 Tales

67 2155 150 2194 sunt
169 2155 293 2206 leges,
325 2165 418 2205 quas
436 2165 507 2205 pro
532 2153 677 2192 casibus
695 2151 831 2192 futuris
855 2153 1137 2204 praeteritorum
1162 2151 1321 2191 dictavit
1346 2152 1614 2203 experientia3
1644 2162 1811 2202 cumque
1838 2152 1869 2192 i-

65 2214 140 2267 psae
164 2214 283 2254 semet
296 2213 488 2265 explicare
503 2221 716 2264 nequeant,
745 2212 809 2253 led
832 2212 936 2252 nuda
968 2223 1133 2264 corpora
1155 2211 1226 2251 fint
1248 2211 1434 2251 duntaxat
1453 2241 1466 2260 ,
1496 2222 1580 2263 quae
1605 2211 1725 2251 vitam
1747 2210 1785 2250 δι
1811 2212 1868 2251 in-

66 2273 313 2327 telligentiam
334 2274 499 2313 mutuari
513 2273 655 2313 debent
671 2271 691 2311 a
704 2272 895 2324 judicibus
913 2303 925 2322 ‚
959 2284 1124 2323 quorum
1141 2272 1274 2324 linguis
1286 2270 1515 2323 loquuntur,
1546 2279 1611 2310 aut
1627 2270 1779 2310 calamis
1797 2269 1864 2310 de.

67 2332 254 2374 clarantur
279 2364 291 2383 ,
321 2333 358 2373 &
385 2336 496 2373 certis
526 2334 762 2385 applicantur
785 2333 932 2373 casibus
967 2332 1095 2387 (nam
1126 2343 1262 2372 omnes
1287 2330 1507 2371 universum
1535 2329 1869 2383 comprehendere

69 2393 240 2446 poffibile
265 2405 343 2434 non
360 2392 434 2433 fuit
457 2393 480 2448 >
511 2393 709 2432 advertant
736 2392 867 2433 sedulo
884 2393 1080 2444 Principes
1101 2422 1114 2442 ,
1144 2391 1372 2443 quibusnam
1393 2391 1614 2431 hominibus
1651 2402 1715 2430 eas
1744 2402 1867 2442 expo-

68 2452 213 2492 nendas
233 2455 498 2493 committant:
529 2465 655 2504 neque
672 2454 770 2493 enim
792 2454 870 2492 hoc
891 2453 990 2492 aliud
1008 2451 1062 2492 est
1079 2482 1090 2501 ‚
1123 2450 1236 2503 quam
1254 2453 1374 2491 vitam
1391 2452 1517 2500 suam,
1547 2451 1585 2490 δε
1599 2452 1868 2502 praecipuagu-

71 2511 255 2551 bernandi
271 2512 517 2553 instrumenta
535 2515 579 2552 iis
597 2513 860 2561 concredere3
890 2511 992 2552 fa&a
1011 2521 1139 2552 autem
1162 2512 1279 2552 semel
1303 2510 1514 2559 ele&i0ne‚
1545 2519 1663 2562 prout
1687 2518 1868 2561 oportet,

66 2573 292 2612 exercitium
313 2572 349 2612 δι
364 2574 510 2613 cursum
526 2571 672 2624 justitiae
689 2573 919 2613 ordinarium
934 2585 984 2613 ne
1015 2572 1225 2625 impediant
1241 2603 1253 2620 ‚
1283 2571 1346 2610 sed
1367 2569 1606 2623 Magistratui
1629 2578 1756 2610 totum
1780 2581 1868 2621 per-

67 2633 232 2672 mittant.
293 2631 445 2674 Etenim
472 2634 499 2673 fi
524 2633 716 2686 Principes
737 2635 977 2686 interpretari
999 2634 1100 2685 leges
1120 2633 1315 2671 voluerint
1344 2632 1441 2670 ultra
1464 2629 1504 2670 id
1527 2659 1540 2678 ,
1571 2629 1677 2681 quod
1697 2639 1762 2669 aut
1779 2628 1870 2679 Cle,-

66 2693 210 2732 mentia
228 2691 334 2740 finit,
353 2692 417 2732 aut
436 2692 583 2745 Epiikia
596 2723 608 2743 ,
629 2703 753 2734 totum
772 2693 974 2734 aedificium
991 2694 1191 2745 politicum
1221 2699 1398 2739 corruet,
1432 2689 1470 2729 &
1494 2702 1578 2741 quae
1601 2688 1751 2729 firmare
1773 2688 1867 2729 illud

67 2751 106 2791 &
124 2751 326 2792 sustentare
351 2751 588 2801 debuerant,
619 2756 761 2795 ruinam
781 2753 974 2794 accerserit
997 2754 1140 2805 potius.
1198 2750 1347 2802 Neque
1368 2750 1469 2791 enirn
1486 2751 1655 2799 tyrannis
1677 2748 1777 2790 aliud
1792 2748 1865 2798 est,

68 2812 184 2864 quam
204 2811 376 2864 quaedam
386 2814 513 2865 legum
536 2813 682 2854 oblivio
698 2815 737 2855 &
758 2815 1000 2868 despicientia
1014 2843 1052 2912 ,ἵ
1057 2812 1149 2852 dum
1165 2811 1359 2864 Principes
1376 2808 1643 2851 auctoritatem
1658 2809 1805 2851 illarum
1821 2808 1868 2910 stis

1016 2899 1030 2912 Α
1079 2886 1102 2912 2
1855 2880 1868 2908 1

169 2974 226 3018 (a)
252 2971 369 3009 Lib.6.
390 2970 447 3008 tit.
471 2983 499 3007 1.
517 2983 549 3020 p.
575 2983 611 3007 2.
653 2972 713 3018 (b)
742 2970 818 3008 Ver&
832 2971 902 3008 dici
915 2968 1025 3023 potest
1048 2967 1310 3022 Magssratum
1325 2966 1385 3015 effi·
1399 2967 1508 3020 legem
1521 2966 1712 3020 loquentem
1727 2993 1736 3006 ,
1757 2965 1866 3017 legem

67 3032 189 3059 autem
200 3033 341 3061 mutum
353 3021 625 3077 Magssmtum.
658 3023 738 3060 Cic.
753 3025 797 3060 de
811 3025 880 3073 leg.
937 3025 994 3071 (c)
1004 3023 1089 3060 Tac.
1110 3023 1170 3059 lib.
1187 3035 1218 3069 3.
1232 3022 1362 3058 Annal.
1415 3022 1491 3067 (d)
1517 3021 1641 3057 Minui
1644 3020 1737 3067 jura
1750 3044 1759 3057 ‚
1785 3028 1865 3068 quo-

69 3074 136 3109 ties
148 3073 279 3127 glifiat
289 3074 452 3130 potestas.
480 3075 569 3112 Ibid.
595 3076 653 3123 (e)
670 3075 844 3118 Inmiti,
871 3085 979 3127 atque
998 3073 1173 3125 indefensi
1181 3084 1357 3127 tanquam
1369 3075 1565 3111 innocentes
1574 3068 1866 3125 perierant.lbid.

69 3124 133 3162 lib·
163 3139 191 3165 1.
209 3128 299 3167 Hist.
350 3128 410 3177 (f)
427 3133 517 3182 Opus
521 3126 667 3180 jzstitiae
677 3137 756 3180 pax
770 3155 779 3170 ,
803 3129 848 3171 ό
861 3128 974 3165 cultus
979 3125 1127 3182 justitiae
1131 3125 1316 3177 silentium
1341 3125 1569 3172 &ficuritas
1586 3135 1691 3176 usque
1720 3122 1759 3158 in
1773 3119 1866 3168 JZ’m-

65 3178 259 3230 piternum.
302 3183 341 3219 Is:
370 3195 430 3231 23.
466 3193 521 3228 17.
577 3182 637 3230 (g)
665 3181 772 3216 Fam
782 3179 869 3226 siant
883 3191 1003 3219 autem
1022 3180 1111 3234 leges
1124 3207 1132 3221 ,
1153 3190 1194 3216 ut
1219 3193 1343 3217 earum
1374 3189 1472 3217 metu
1491 3176 1649 3214 humana
1669 3177 1865 3210 coerceatur

70 3227 240 3278 audacia,
264 3243 324 3271 tut
371 3247 413 3270 ue
424 3231 477 3283 sit
493 3235 589 3271 inter
605 3230 769 3284 improbos
793 3235 991 3271 innocentia
1003 3249 1019 3279 ,·
1044 3232 1090 3277 d*-
1117 3235 1157 3270 in
1171 3234 1206 3285 ip
1218 3245 1248 3268 ts
1260 3229 1422 3284 improbis
1451 3227 1682 3276 refhrmidato
1693 3225 1867 3280 stapplicio.

67 3278 272 3331 resumetur
285 3299 334 3323 au
357 3289 439 3323 acia
453 3314 462 3326 .
491 3285 536 3327 ό-
551 3285 694 3323 nocendi
699 3283 874 3334 facultas.
898 3287 972 3324 Isid.
989 3286 1012 3324 1.
1026 3301 1061 3325 2.
1079 3286 1227 3336 etymol.
1242 3286 1282 3322 L.
1303 3284 1441 3333 legibus
1457 3284 1502 3318 C.
1521 3282 1566 3318 de
1575 3282 1662 3330 Leg-
