2132 3730
10 1421 27 1450 ,γ
12 1317 19 1392 v-.—-
13 1266 20 1282 γ,

507 221 1489 271 SYMBOLAPOLITICA.
1799 235 1880 283 383

85 318 171 359 quae
188 308 468 361 expenditurin
482 306 674 350 fovendas
700 309 942 350 diss‘enfiones
958 312 1082 364 Regni
1102 311 1256 362 alicujus
1285 312 1448 363 hostilis,
1479 321 1544 352 aut
1571 324 1661 352 eum
1684 313 1722 352 in
1747 310 1887 361 finem,

85 377 130 406 ut
159 369 251 407 alius
276 367 457 420 Princeps
480 365 534 408 illi
562 368 704 410 bellum
725 369 882 410 inferat:
912 372 963 411 ita
993 373 1094 413 enim
1119 373 1287 411 minores
1316 371 1414 412 fiunt
1449 374 1653 424 expensae,
1681 383 1755 412 nec
1783 380 1887 411 tanta

83 427 368 478 consequuntur
399 429 547 468 damna.
605 427 756 469 Verum
782 440 827 469 ea
851 431 889 470 in
918 443 960 471 re
989 431 1162 484 singulari
1187 430 1427 472 advertentia
1454 443 1553 483 opus
1590 430 1665 472 est.-
1693 431 1885 471 interdum

83 485 184 524 enim
199 497 248 524 ex
265 487 402 527 timore
421 488 550 538 aliquo
562 499 666 528 vano
684 489 833 530 inutiles
854 489 951 530 fiunt
966 490 1157 543 sumptus,
1187 490 1226 530 ἃ
1243 489 1396 531 ἀεῖεᾶὶῑι
1413 493 1626 531 intentione
1641 502 1759 543 prava
1777 502 1883 543 aper-

83 553 121 584 ta
145 555 318 586 remanet
336 545 530 587 hostilitas.
594 547 683 601 Qua
708 547 757 589 de
783 561 824 589 re
839 551 957 590 multa
975 551 1161 590 habemus
1182 552 1360 602 exempla
1379 552 1417 591 in
1438 552 1508 600 iis,
1536 553 1601 602 qui
1625 552 1771 603 absque
1798 561 1886 590 cau·

81 603 115 643 sa
130 604 240 644 ullius
250 615 418 658 acceptae
437 605 598 657 injuriae,
630 618 694 648 aut
714 609 882 649 utilitatis
898 610 970 649 suae
985 612 1171 662 propriae‚
1200 609 1387 650 foverunt
1411 609 1538 650 hostes
1548 610 1703 650 Domus
1721 609 1887 650 Austria-

81 674 157 711 cae,
186 674 230 704 ut
255 667 440 705 continuo
469 678 659 707 armorum
682 670 867 708 exercitio
891 681 975 709 eam
997 668 1242 718 distinerent,
1273 670 1418 710 suamet
1443 671 1568 709 aeraria
1584 671 1765 709 inutiliter
1788 672 1885 709 inte-

76 723 147 762 rim
165 725 450 775 exhaurientes,
481 738 608 779 neque
628 727 876 768 adverterunt
898 739 1047 778 tamen,
1077 728 1104 769 si
1123 727 1226 768 forte
1246 730 1292 768 ab
1314 728 1520 769 Austriacis
1545 740 1885 781 oppugnarentur,

78 783 203 821 utilius
223 784 292 824 fibi
317 785 424 835 fore,
454 786 483 826 si
503 786 551 826 ad
567 786 831 828 defensionem
851 788 955 828 suam
969 800 1072 829 nunc
1091 789 1279 828 haberent
1307 789 1498 829 residuum
1515 818 1529 838 ,
1559 789 1665 840 quod
1688 788 1736 829 ad
1759 789 1886 829 distra-

22 889 25 894 ⁴
77 841 225 884 hendas
243 845 340 884 illius
365 848 466 886 vires
489 847 767 899 impenderant.

247 903 283 955 §.
316 907 446 956 Atque
463 906 546 946 haec
562 916 644 946 tota
663 906 836 948 docitrina
854 906 999 959 absque
1021 907 1127 946 omni
1144 905 1321 958 scrupulo
1348 907 1511 960 politico
1529 906 1708 958 procedit
1722 909 1760 948 in
1781 908 1887 947 bello

75 961 202 1012 aliquo
224 964 425 1005 manifesto
439 995 452 1016 ‚
481 967 548 1006 ubi
570 968 666 1007 ratio
694 966 925 1007 defensionis
945 967 1122 1006 naturalis
1133 965 1218 1018 plus
1237 967 1360 1016 valet,
1391 966 1506 1020 quam
1525 968 1603 1007 aliae
1617 967 1888 1008 consideratio-

72 1032 141 1060 nes
160 1023 284 1063 minus
306 1025 452 1074 solidae,
484 1026 523 1066 ὃς
542 1027 649 1066 causa
664 1027 799 1066 eadem
814 1056 826 1074 ,
857 1038 941 1077 quae
959 1027 1102 1066 bellum
1121 1024 1262 1077 justum
1279 1027 1422 1076 efficit,
1451 1028 1551 1066 illam
1568 1039 1725 1079 quoque
1746 1028 1884 1067 discor-

73 1079 173 1120 diam
196 1083 320 1123 reddit
343 1087 497 1126 licitam.
561 1085 709 1126 Verum
736 1085 891 1138 quando
919 1097 1023 1126 mera
1038 1084 1093 1125 est
1115 1086 1384 1139 magnitudinis
1416 1086 1644 1127 individiosa
1673 1089 1886 1137 aemulatio,

19 1139 21 1142 '
71 1141 229 1181 minime
252 1144 310 1184 his
335 1147 477 1185 artibus
503 1147 558 1185 uti
579 1147 731 1194 licebit,
760 1158 849 1185 nam
873 1146 939 1198 qui
980 1147 1132 1186 alterius
1163 1145 1346 1198 Principis
1369 1145 1541 1186 subditos
1560 1147 1608 1186 ad
1635 1147 1888 1188 rebellionem

18 1216 21 1220 ·
73 1202 264 1252 concitat,
294 1204 381 1245 suos
403 1215 560 1256 quoque
583 1205 701 1245 docet
728 1204 809 1244 fieri
829 1205 1061 1257 proditores.
1123 1204 1335 1246 AEmulatio
1364 1208 1462 1246 inter
1489 1206 1668 1258 personas
1707 1207 1775 1256 sit,
1804 1219 1887 1247 non

71 1260 170 1300 inter
185 1263 319 1303 officia.
379 1263 557 1317 Dignitas
574 1266 613 1305 in
639 1266 818 1305 omnibus
846 1265 915 1305 suis
939 1266 1112 1317 partibus
1138 1264 1309 1316 ejusdem
1338 1266 1495 1305 rationis
1529 1265 1604 1314 est3
1641 1267 1747 1318 quod
1771 1279 1886 1307 unam

71 1331 200 1360 earum
217 1321 381 1363 offendit
397 1353 410 1372 ‚
439 1325 540 1364 laedit
558 1336 706 1363 omnes.
767 1324 981 1364 Transeunt
1004 1324 1189 1376 pastiones
1205 1325 1242 1364 δε
1270 1324 1380 1373 odia,
1407 1325 1586 1378 exempla
1607 1326 1704 1367 mala
1727 1336 1884 1368 manent

70 1390 269 1432 perpetua.
332 1383 433 1422 Rem
451 1383 553 1422 suam
572 1385 649 1435 agit
668 1382 849 1434 Princeps
862 1412 874 1431 ,
907 1385 972 1437 qui
987 1394 1061 1422 nec
1078 1384 1243 1434 patitur,
1273 1394 1317 1423 ut
1334 1386 1372 1424 in
1392 1385 1613 1437 dignitatern
1629 1388 1779 1427 alterius
1790 1400 1884 1426 con-

68 1449 221 1491 temptu
241 1451 447 1492 peccetur,
479 1450 544 1480 aut
562 1441 847 1490 inobedientia,
876 1452 951 1480 nec
974 1441 1198 1493 proditione
1233 1444 1272 1481 in
1310 1443 1482 1494 ejusdem
1509 1446 1729 1495 personam.
1787 1447 1887 1486 Indi-

69 1511 187 1551 gnum
202 1499 377 1552 Principe
398 1500 570 1548 facinus,
601 1512 757 1540 veneno
780 1502 894 1540 alium
920 1501 1101 1548 vincere,
1129 1512 1212 1541 non
1238 1501 1379 1553 gladio.
1437 1501 1585 1543 Infame
1606 1504 1645 1545 id
1665 1508 1758 1546 olim
1782 1505 1886 1559 apud

70 1559 270 1599 Romanos
299 1559 374 1614 (a)
403 1560 635 1608 habebatur,
667 1562 722 1599 uti
743 1561 953 1600 etiamnum
974 1559 1093 1599 hodie
1110 1561 1213 1612 apud
1242 1560 1459 1613 Hispanos,
1491 1564 1556 1615 qui
1583 1577 1776 1618 nunquam
1792 1569 1890 1618 ejus-

68 1620 177 1660 modi
204 1621 365 1659 occultis
381 1621 522 1661 artibus
539 1629 675 1659 contra
695 1618 824 1659 hostes
845 1619 933 1660 suos
952 1618 1007 1659 usi
1023 1619 1126 1667 sunt,
1158 1621 1249 1671 quin
1271 1621 1391 1661 imino
1414 1624 1555 1662 auxilio
1582 1625 1625 1664 iis
1649 1626 1747 1678 saepe
1764 1624 1885 1667 fuere.

69 1679 217 1733 Insigne
233 1679 313 1730 ejus
335 1681 389 1719 rei
411 1681 631 1732 exemplum
656 1678 860 1719 Serenitati
877 1677 1025 1719 Vestrae
1037 1679 1239 1731 dereliquit
1256 1680 1344 1720 Rex
1363 1679 1492 1722 noster
1511 1682 1754 1735 Catholicus,
1769 1699 1886 1738 quan-

69 1738 124 1779 do
152 1741 324 1780 exercitu
343 1742 511 1780 auxiliari
533 1737 669 1792 praesto
691 1738 766 1779 fuit
787 1739 886 1790 Regi
907 1738 1073 1779 Franciae
1096 1737 1277 1779 adversus
1298 1741 1445 1794 Anglos
1464 1742 1552 1782 cnm
1576 1745 1615 1783 hi
1639 1745 1887 1798 occupassent

67 1799 228 1841 Insulam
253 1800 436 1852 Regiam,
465 1812 538 1841 nec
562 1801 693 1839 locum
722 1798 830 1839 dedit
853 1799 977 1840 Ducis
1003 1799 1131 1838 Roani
1153 1799 1340 1849 consilio,
1371 1802 1436 1853 qui
1452 1802 1631 1855 Regnum
1651 1807 1690 1845 in
1706 1806 1884 1859 Respub.

11 1896 12 1899 ,
70 1861 230 1900 volebat
253 1859 385 1900 dividi.
444 1861 534 1900 Alio
564 1860 656 1899 item
683 1868 863 1912 tempore
889 1862 1045 1911 quando
1072 1859 1134 1899 sua
1164 1858 1347 1911 Majestas
1374 1873 1444 1914 per
1473 1862 1690 1906 Dominum
1715 1866 1763 1905 de
1793 1865 1887 1906 Ma.

10 1928 12 1931 '
67 1920 185 1969 ximi,
213 1918 407 1960 Nuntium
425 1918 716 1973 Apostolicuin,
747 1929 918 1971 paratam
937 1919 974 1958 se
995 1919 1158 1969 obtulit,
1190 1920 1317 1960 eidem
1338 1921 1436 1973 Regi
1460 1921 1604 1962 suamet
1619 1925 1815 1977 praesentia
1832 1925 1886 1966 as-

0 2748 4 2750 .
0 2034 10 2729 ,ΑΛὴ--τ-,ψ--ψήη--νν--Ὓην--σῄ--ν--νυ

70 1979 219 2029 sistere,
250 1988 293 2018 ut
318 1979 568 2032 Hugonottas
590 1978 745 2019 Montis
767 1980 908 2019 Albani
935 1977 1129 2018 debellare
1154 1978 1299 2032 posset,
1331 1980 1369 2020 &
1397 1980 1608 2022 Provinciis
1640 1986 1709 2025 suis
1733 1986 1887 2038 ejicere·

71 2040 170 2093 Quae
197 2039 347 2092 insignis
367 2040 405 2080 δε
426 2041 584 2080 heroica
604 2039 881 2080 benevolentia
897 2050 978 2079 non
1003 2038 1073 2078 nist
1087 2039 1357 2092 ingratitudine
1373 2042 1618 2093 compensata
1638 2043 1710 2085 fuit
1727 2045 1885 2099 postea;

67 2098 207 2141 reliffls
229 2100 366 2141 rationi
385 2099 650 2149 documentis,
680 2109 725 2140 ut
744 2111 826 2140 non
845 2109 923 2140 tam
942 2096 1056 2139 facile
1075 2097 1204 2140 Status
1230 2098 1346 2144 alieni,
1360 2101 1693 2145 commiseratione
1722 2109 1823 2160 tangi
1847 2107 1885 2147 se

68 2160 176 2202 sinat.

242 2218 277 2272 §.
310 2220 441 2272 Atque
457 2230 506 2260 ex
527 2220 593 2268 iis,
624 2230 708 2270 quae
726 2217 914 2265 diximus,
943 2218 1086 2258 nemini
1109 2229 1189 2257 non
1207 2219 1338 2258 licebit
1366 2220 1564 2273 colligere,
1597 2225 1726 2274 quanti
1745 2223 1792 2263 ad
1818 2223 1885 2265 de-

66 2277 281 2320 fenfionem
306 2291 553 2321 communem
580 2277 722 2319 referat
741 2279 803 2318 illa
834 2279 1048 2317 animorum
1083 2278 1180 2317 inter
1211 2278 1384 2318 subditos
1408 2280 1617 2321 concordia
1642 2282 1680 2322 ὃς
1707 2284 1885 2326 Statuum

67 2340 183 2389 unio,
213 2339 242 2380 fi
275 2342 452 2381 nimirum
489 2340 752 2392 unusquisque
781 2338 934 2377 alterius
964 2339 1178 2388 periculum
1207 2350 1280 2390 pro
1315 2338 1384 2378 suo
1417 2339 1575 2380 aestimet
1593 2372 1605 2390 ,
1635 2347 1884 2394 quantumvis

67 2400 183 2438 etiam
206 2397 321 2452 longe
343 2411 537 2441 remotum
565 2398 605 2437 id
630 2398 703 2448 fit,
734 2397 913 2449 adeoque
942 2398 1069 2445 modis
1098 2399 1277 2437 omnibus
1305 2410 1468 2439 conetur
1485 2430 1497 2450 ,
1528 2401 1602 2452 qua
1627 2405 1771 2455 copiis,
1806 2403 1882 2457 qua

67 2456 237 2498 subsidiis
261 2462 489 2512 pecuniariis
516 2456 642 2498 eidem
661 2457 764 2498 ferre
783 2457 997 2509 suppetias,
1027 2468 1071 2498 ut
1088 2469 1253 2510 corpus,
1284 2458 1391 2511 quod
1413 2471 1461 2500 ex
1493 2461 1564 2500 illis
1589 2462 1779 2504 conflatur
1799 2473 1882 2505 tue·

67 2518 100 2558 ri
114 2518 153 2558 se
168 2518 290 2570 poffit.
353 2519 442 2573 Qua
464 2521 502 2559 in
528 2529 568 2557 re
592 2529 716 2558 errare
746 2517 868 2557 solent
891 2527 972 2555 non
1005 2519 1141 2569 pauci3
1173 2518 1265 2558 dum
1300 2520 1364 2572 qui
1393 2519 1526 2560 absunt
1552 2519 1722 2573 longius,
1756 2524 1882 2564 existi-

67 2588 174 2619 mant
188 2579 399 2630 periculum
417 2579 464 2619 ad
485 2579 522 2618 se
542 2589 622 2617 non
651 2586 950 2630 perventurum,
978 2587 1043 2616 aut
1066 2588 1309 2629 nequaquam
1342 2580 1379 2618 se
1395 2580 1514 2618 teneri
1538 2579 1587 2619 ad
1615 2583 1882 2636 anticipandos

68 2637 256 2689 ejusmodi
276 2638 446 2692 sumptus
461 2669 473 2689 ,
503 2637 731 2690 majorisque
751 2635 826 2678 effe
843 2634 1079 2689 prudentiae,
1108 2637 1189 2676 suas
1208 2638 1434 2688 conservare
1457 2640 1580 2688 vires,
1610 2639 1737 2682 donec
1761 2642 1881 2684 hostis

67 2699 234 2738 vicinior
261 2697 389 2738 fuerit.
448 2697 526 2738 Sed
553 2706 645 2737 tunc
669 2698 851 2750 superatis
868 2696 947 2748 jam
983 2695 1288 2745 difficultatibus,
1319 2698 1358 2737 &
1387 2697 1555 2738 Statibus
1582 2703 1880 2743 antemuralibus

0 2797 2 2801 ,
69 2757 269 2810 occupatis
285 2789 298 2808 ,
329 2759 464 2810 reliqui
485 2757 694 2798 resistendo
720 2759 881 2810 amplius
898 2767 978 2795 non
998 2766 1122 2797 erunt.
1183 2757 1238 2796 Ita
1258 2757 1445 2798 Britannis
1472 2759 1610 2799 accidit
1623 2790 1636 2810 ‚
1668 2761 1717 2802 de
1735 2763 1877 2815 quibus

0 2846 3 2849 -
69 2817 122 2858 fic
140 2816 310 2862 Tacitus.
372 2818 465 2857 Olim
491 2818 646 2870 Regibus
654 2817 833 2869 parebant
845 2847 857 2865 ,
888 2829 975 2855 nunc
982 2825 1047 2868 per
1063 2817 1246 2869 Principes
1253 2815 1490 2868 faciionibus,
1521 2818 1573 2863 &³
1581 2818 1713 2872 studiis
1731 2825 1879 2864 trahun-

0 2868 2 2902 Ϊ
68 2885 152 2925 ττινς
179 2891 235 2918 nec
256 2877 354 2918 aliud
372 2874 539 2928 advetfiis
570 2876 791 2931 validifflnms
812 2883 927 2930 gentes
955 2883 1022 2927 pro
1047 2876 1139 2917 nohis
1172 2876 1310 2926 utilius,
1339 2891 1443 2931 quam
1460 2878 1551 2932 quod
1568 2882 1604 2919 in
1631 2894 1793 2922 conumme
1815 2895 1881 2923 mm

67 2934 247 2988 confidunt,
304 2938 431 2979 Rarus
455 2935 613 2986 duabus,
638 2935 798 2977 tribusve
812 2936 1015 2976 civitatibus
1028 2966 1040 2985 ,
1072 2935 1124 2975 ad
1138 2933 1575 2988 prqouifandumcommune
1585 2942 1779 2992 periculum
1805 2954 1880 2983 con-

69 3006 216 3038 ventus:
244 3000 296 3038 ita
316 2996 395 3036 dum
403 2995 716 3049 fingulipugnant,
746 2986 899 3046 utiz'veis
919 2998 1120 3035 vincuntur.
1182 2995 1326 3047 Majori
1356 3009 1445 3037 cum
1470 2999 1696 3050 prudentia,
1729 3002 1767 3041 δε
1798 3003 1878 3041 illu-

71 3055 192 3097 striori
215 3059 387 3108 pietatis,
418 3055 630 3103 fidelitatis,
662 3057 756 3105 zeli,
787 3056 825 3096 δι
851 3057 989 3094 amoris
1006 3058 1044 3095 in
1063 3055 1273 3108 legitimum
1299 3056 1405 3097 suum
1433 3057 1648 3099 Dominum
1672 3060 1878 3113 exemplo,

71 3117 283 3169 periculum
310 3115 408 3156 istud
436 3115 645 3169 agnoscunt
665 3114 801 3168 Regna
827 3114 1050 3214 Igsgagiaaessl
1071 3115 1306 3165 Provinciae,
1343 3116 1503 3168 Italieae,
1534 3117 1820 3219 liuurgundicael,3
1837 3121 1877 3162 &

1077 3188 1105 3216 2
1823 3184 1877 3221 el..

165 3255 224 3301 (a)
249 3260 326 3291 Non
335 3253 489 3306 fraude,
517 3236 1880 3311 qumfflssfflm

72 3303 301 3364 ulctstig'l'ac,
319 3308 381 3347 lib.
398 3322 435 3348 2.
450 3307 541 3346 Hlst.
590 3309 650 3355 (b)
678 3309 718 3345 In
734 3307 810 3345 vita
824 3308 949 3359 Agric-
