2132 3730
197 257 281 309 362
618 249 962 292 DJDACJ
1024 248 1548 294 SAAVEDRAE

192 349 272 379 tam
289 339 463 392 gravibus
481 333 713 379 usuri3,cum
730 342 836 371 tanto
858 332 1021 371 hostium
1044 335 1254 374 commodo
1266 365 1277 383 ,
1306 334 1435 374 nostro
1453 348 1548 376 vero
1567 347 1644 377 tarn
1655 340 1795 390 exiguo
1813 369 1825 386 ‚
1856 348 1897 377 ut
1914 339 1984 378 dut

190 399 302 439 bitari
320 397 454 436 merito
473 390 617 442 posset,
647 390 808 431 satiusne
823 391 913 431 esset
931 390 1056 430 vit‘tos
1082 405 1154 431 nos
1173 393 1301 443 fuisse,
1332 407 1378 434 an
1416 398 1593 435 vincere:
1622 407 1685 435 aut
1708 410 1798 437 num
1826 398 1986 450 expedia

191 468 251 498 ret
272 453 423 507 aliquod
443 450 612 490 adhiberi
638 451 868 500 remedium,
900 464 978 504 quo
996 452 1280 502 extingueretur
1303 456 1482 504 omnino,
1516 466 1579 494 aut
1598 455 1703 495 certe
1732 457 1919 508 sopiretur
1938 457 1986 497 ad

192 527 343 567 tempus
370 513 462 565 ignis
491 511 552 549 ille
578 510 763 562 sanguinis
786 513 942 562 aurique
973 510 1253 560 fitientiffimus‚
1287 523 1335 551 eo
1358 514 1460 564 fine,
1492 526 1534 554 ut
1562 515 1667 566 quod
1706 517 1779 556 illic
1807 518 1987 557 inutiliter

191 574 443 620 consumitur,
472 569 712 621 impendatur
727 571 765 609 in
786 573 886 610 vires
907 572 1081 618 navales,
1114 570 1151 610 &
1174 570 1378 611 stabiliatur
1402 573 1605 624 Imperium
1632 577 1827 627 utriusque
1850 576 1986 625 Maris,

192 629 521 675 Mediterranei&
541 628 709 678 Oceani,
741 628 999 681 foveaturque
1018 630 1161 669 bellum
1184 632 1221 669 in
1247 630 1402 681 Africa,
1433 632 1538 683 cujus
1564 634 1775 686 progressus
1791 635 1985 675 feliciores

190 696 241 733 ob
266 693 379 732 Italiae
405 691 442 731 ὃς
468 689 660 741 Hispaniae
684 690 919 730 vicinitatem
943 689 1212 729 Monarchiam
1234 690 1332 730 hanc
1362 694 1479 743 magis
1506 694 1683 740 unirentg
1712 706 1846 734 verum
1881 707 1987 734 arnor

188 765 276 806 erga
290 751 458 792 subditos
477 750 561 788 illos
585 756 661 788 tam
686 750 863 800 antiquos
880 749 916 789 ἃ
940 750 1086 798 bonos,
1114 749 1341 790 desiderium
1358 752 1450 791 item
1466 749 1488 790 e
1507 760 1584 791 tam
1602 754 1669 791 vili
1689 752 1892 804 servitute,
1914 765 1989 805 qua

187 814 301 853 titulo
323 810 505 851 libertatis
531 808 665 848 misere
695 808 893 860 oppressos
922 809 1058 848 vident
1091 809 1250 849 eosdem
1275 810 1483 860 liberandi,
1514 811 1551 851 &
1575 811 1623 850 ad
1651 823 1787 853 verum
1809 813 1888 853 Dei
1911 815 1990 854 cule-

188 882 270 912 tum
293 869 521 917 reducendi,
551 870 635 919 plus
651 867 800 919 potest,
830 868 944 920 quam
964 870 1062 908 ratio
1084 867 1212 914 status.
1461 877 1465 881 ·

361 930 395 981 §.
425 928 546 969 Nunc
567 927 674 967 sicuti
690 926 956 968 fortitudinem
973 928 1011 968 &
1031 924 1187 981 gloriam
1213 930 1412 969 militarem
1434 931 1550 977 tueri,
1580 930 1646 969 ubi
1670 942 1767 970 unus
1792 930 1891 970 solus
1918 932 1987 971 im*

186 998 296 1043 perat
313 1019 325 1038 ,
356 990 531 1029 Statuum
553 987 728 1026 securitas
746 986 820 1038 est,
852 989 903 1027 ita
930 990 1104 1039 periculo
1129 1001 1207 1029 non
1223 998 1350 1038 caret,
1380 989 1446 1028 ubi
1473 990 1614 1029 summa
1635 990 1803 1040 potestas
1827 989 1873 1029 ad
1892 992 1990 1030 mul·

186 1059 249 1089 tos
268 1051 456 1100 pertinet,
485 1046 810 1098 quemadmodum
830 1049 868 1087 in
884 1048 1181 1100 Rebuspublicis
1211 1048 1368 1088 accidit:
1398 1060 1484 1088 nam
1511 1050 1547 1088 in
1573 1049 1742 1100 ipsismet
1771 1061 1905 1089 eorum
1933 1063 1989 1089 ar-

186 1111 257 1151 mis
272 1110 478 1149 maximum
508 1105 632 1146 subest
647 1108 880 1157 periculum,
911 1107 1001 1147 dum
1020 1108 1233 1160 supremum
1250 1110 1456 1148 multorum
1489 1109 1682 1150 arbitrium
1708 1110 1772 1148 uni
1797 1109 1862 1148 soli
1882 1122 1988 1148 com⁴

185 1170 359 1207 mittitur.
441 1167 504 1207 Ab
533 1166 593 1204 illa
611 1167 689 1216 ipsa
714 1179 853 1215 manu,
884 1180 996 1218 quam
1027 1177 1215 1207 armarunt
1249 1170 1435 1220 primum,
1460 1168 1592 1220 jugum
1622 1171 1666 1208 iis
1701 1170 1847 1220 imponi
1878 1168 1989 1212 solet.

185 1227 326 1276 Vires,
357 1239 449 1279 quas
479 1225 547 1276 ipsi
581 1227 851 1274 contulerunt,
883 1227 1096 1267 libertatem
1130 1228 1341 1267 eorundem
1372 1230 1622 1279 opprimunt:
1662 1230 1715 1267 ita
1750 1228 1989 1279 Reipublicae

177 1288 371 1327 *Romanae
391 1286 573 1338 contigit,
605 1285 641 1324 &
664 1286 753 1324 inde
784 1285 916 1337 postea
942 1286 989 1326 ad
1015 1300 1148 1327 onmes
1176 1286 1257 1326 fere
1275 1289 1436 1338 reliquas
1452 1289 1619 1337 tyrannis
1640 1288 1888 1339 permanavit.
1931 1286 1990 1326 Ea.

187 1347 236 1386 de
259 1348 387 1396 causa,
417 1348 506 1386 licet
533 1345 644 1383 valde
666 1347 866 1396 expediat,
898 1359 996 1386 arma
1017 1349 1165 1398 semper
1185 1349 1221 1386 in
1237 1358 1420 1399 promptu
1448 1348 1589 1387 habere
1612 1347 1648 1386 &
1674 1349 1902 1395 exercitata,
1934 1359 1991 1385 ai·-

187 1416 245 1446 tes
262 1418 388 1446 tamen
407 1408 509 1458 pacis
534 1405 740 1443 securiores
763 1405 870 1453 sunt,
901 1406 1104 1456 praesertim
1128 1407 1154 1445 fi
1173 1416 1376 1456 corruptus
1392 1406 1438 1445 s1t
1455 1408 1647 1457 populus,
1677 1407 1715 1446 δε
1736 1407 1829 1446 locis
1863 1406 1990 1446 diffitis

188 1465 209 1505 ὲ
226 1466 262 1505 se
287 1466 445 1505 divisus:
475 1475 562 1504 narn
585 1464 672 1503 belli
689 1459 891 1503 ferocitate
916 1464 958 1503 fit
985 1465 1224 1514 insolentior,
1256 1465 1291 1504 δι
1313 1464 1461 1516 praestat
1488 1466 1697 1516 periculum
1717 1467 1768 1505 illi
1798 1466 1991 1506 obversari

189 1526 242 1564 ob
264 1528 421 1572 oculos,
454 1522 565 1576 quam
588 1525 724 1573 procul
743 1524 807 1561 illo
826 1524 996 1562 securum
1015 1526 1170 1570 vivere,
1201 1533 1243 1562 ut
1267 1535 1338 1574 pro
1362 1525 1424 1562 sua
1458 1524 1751 1564 conservatione
1780 1534 1887 1563 tanto
1911 1532 1989 1564 ma-

185 1586 241 1637 gis
267 1585 305 1623 se
335 1587 447 1625 uniat.
509 1582 607 1620 Non
631 1582 753 1620 minus
770 1582 898 1620 secura
919 1592 998 1620 erat
1021 1582 1172 1620 libertas
1190 1582 1428 1632 Reipublicae
1450 1582 1664 1622 Genuenfis
1691 1584 1844 1635 quando
1876 1596 1986 1623 mon-

186 1645 287 1684 tibus
317 1644 497 1682 utebatur
511 1639 683 1680 nondum
703 1639 861 1679 artificio
880 1642 1027 1680 militari
1055 1641 1230 1689 munitis,
1263 1652 1307 1679 ac
1332 1650 1453 1690 nunc,
1483 1640 1684 1694 postquam
1702 1643 1874 1695 fingulari
1897 1656 1988 1684 cum
2025 1639 2027 1641 μ

187 1702 363 1743 industria
387 1702 424 1741 &
448 1700 580 1740 labore
606 1700 748 1750 ingemi
778 1698 980 1748 essedium,
1008 1709 1049 1739 ut
1076 1700 1190 1740 iidem
1221 1710 1399 1753 tanquam
1428 1703 1526 1741 muri
1554 1703 1866 1755 inexpugnabiles
1900 1703 1992 1742 Rei-

185 1763 348 1816 publicae
366 1761 597 1800 deserviant:
630 1760 744 1798 nimia
761 1761 862 1798 enim
886 1760 1063 1799 securitas
1090 1760 1212 1800 malos
1238 1770 1394 1813 generat
1416 1761 1617 1809 humores,
1649 1763 1755 1802 cives
1783 1764 1820 1802 in
1857 1771 1987 1813 partes

185 1822 318 1864 scindit
340 1821 524 1868 diversas,
554 1827 732 1871 procreat
755 1818 918 1859 audaces
945 1821 1116 1872 spiritus,
1147 1820 1184 1859 δι
1207 1821 1395 1860 exteriora
1423 1820 1547 1860 media
1570 1821 1812 1874 aspernatum
1841 1823 1879 1862 in
1907 1822 1987 1861 Re-

185 1883 365 1933 buspubl.
387 1881 503 1929 vero,
532 1891 615 1930 quae
633 1877 815 1918 intestinis
844 1881 1030 1931 agitantur
1059 1879 1231 1929 dissidiis,
1260 1881 1346 1931 plus
1379 1880 1540 1932 periculi
1571 1892 1700 1922 creant
1722 1883 1844 1931 muri,
1874 1880 1990 1933 quam

186 1942 355 1994 prosint3
385 1950 499 1991 atque
527 1938 624 1977 adeo
656 1947 749 1976 tunc
775 1938 897 1979 solum
927 1938 1035 1979 utiles
1069 1949 1203 1990 erunt,
1233 1939 1263 1980 fi
1286 1940 1455 1991 prudens
1477 1942 1539 1981 ille
1564 1940 1725 1982 Senatus
1762 1942 1813 1983 sic
1839 1942 1958 1995 egerit
1975 1967 1989 1991 ,

188 2014 232 2040 ac
252 2000 279 2040 si
298 2012 366 2039 eos
381 2012 461 2039 non
490 1995 735 2038 exstruxisset.

579 2185 1230 2272 SYMBOLJUM
1281 2183 1626 2256 LXXXIV*

191 2348 198 2350 ’
224 2348 226 2351 ’
310 2356 408 2397 Isum
434 2350 659 2408 quibusdam
678 2386 691 2405 ‚
720 2350 909 2397 Naturam
935 2355 1083 2394 homini
1103 2362 1183 2392 non
1211 2362 1370 2391 matrem
1396 2346 1505 2390 fuiss‘e
1521 2374 1535 2398 ,
1563 2349 1627 2389 sed
1650 2357 1885 2398 novercam,
1913 2355 1992 2389 'maa

339 2418 471 2469 gisque
497 2415 534 2455 se
566 2416 773 2456 exhibuiss'e
796 2417 990 2455 liberalem
1017 2425 1103 2463 erga
1130 2414 1336 2451 animantes
1371 2419 1546 2458 caeteras,
1575 2418 1714 2460 utpote
1743 2410 1880 2461 quibus
1911 2420 1994 2448 cera²

340 2479 476 2515 tiorem
500 2474 634 2514 indidit
652 2474 867 2515 instinctum
888 2475 926 2512 ἃ
949 2474 1122 2512 notitiam
1154 2471 1367 2510 mediorum
1397 2470 1535 2521 quibus
1569 2480 1642 2520 pro
1673 2467 1896 2508 defensione
1928 2469 1993 2507 sua

192 2537 230 2578 &
255 2536 546 2576 conservatione
567 2547 667 2586 opus
687 2535 841 2574 habent.
900 2533 1049 2572 Verum
1071 2531 1126 2571 isti
1156 2543 1235 2570 non
1265 2529 1347 2569 satis
1375 2530 1476 2568 suam
1510 2526 1777 2579 expenderunt
1803 2529 1995 2568 excellen—

192 2600 296 2645 tiam,
327 2595 520 2635 arbitrium
547 2594 654 2634 suum
678 2594 715 2634 &
733 2594 944 2634 dominium
960 2594 999 2632 in
1022 2603 1082 2631 res
1102 2592 1189 2631 alias
1207 2588 1406 2630 inferiores
1423 2620 1435 2638 ‚
1468 2586 1651 2639 siquidem
1676 2589 1806 2640 largita
1842 2585 1896 2627 est
1923 2589 1996 2627 illis

191 2655 341 2697 Natura
357 2655 639 2707 intelligentiam
662 2655 848 2705 quandam
866 2654 1066 2700 velocem,
1096 2663 1181 2703 quae
1193 2659 1394 2690 momento
1417 2646 1534 2688 unico
1550 2657 1685 2687 terram
1702 2649 1841 2700 pariter
1859 2646 1898 2686 &
1920 2658 1995 2686 coea

193 2718 251 2756 los
270 2723 467 2767 penetrat,
498 2715 744 2763 memoriam,
775 2715 812 2754 in
829 2724 902 2765 qua
930 2713 1074 2763 absque
1099 2708 1326 2750 confusione
1351 2709 1473 2757 omni,
1506 2715 1571 2746 aut
1594 2707 1905 2759 perturbatione,
1935 2716 1995 2745 re-

193 2787 277 2815 rum
295 2785 370 2813 tam
389 2776 576 2814 variarum
593 2773 869 2814 conservantur
893 2773 1094 2823 imagines:
1124 2770 1331 2817 rationem,
1363 2780 1445 2820 quae
1477 2766 1673 2816 discernit,
1702 2778 1821 2806 unum
1844 2777 1894 2805 ex
1919 2766 1996 2804 alio
2060 2818 2063 2822 Κ

194 2833 391 2885 colligit&
408 2833 622 2873 concludit:
646 2833 851 2884 judicium,
881 2831 986 2883 quod
1008 2831 1202 2882 intelligit,
1231 2827 1473 2880 ponderat&
1503 2825 1651 2868 definit.
1706 2826 1871 2877 Propter
1897 2824 1997 2863 hane

195 2893 388 2933 donorum
415 2892 663 2943 praestantiam
701 2894 822 2933 homo
847 2892 1049 2943 imperium
1073 2897 1181 2930 tenet
1200 2889 1238 2927 in
1263 2900 1397 2928 omnes
1420 2898 1480 2926 res
1507 2895 1673 2935 creatas,
1698 2885 1736 2925 &
1757 2885 1919 2937 disponit
1936 2883 1996 2939 *de

194 2953 329 2994 iisdem
351 2964 423 3004 pro
442 2953 550 2991 libitu
577 2963 687 2992 utens
704 2953 877 2992 manibus
897 2960 974 2991 tam
990 2950 1146 3002 sapienti
1164 2947 1371 2988 efformatis
1394 2945 1553 2987 artificio
1574 2973 1587 2993 ‚
1615 2954 1659 2985 ut
1672 2941 1997 2985 instrumentafint

196 3013 245 3053 ad
265 3024 399 3053 omncs
422 3022 519 3051 artes
544 3012 708 3060 idonea;
738 3011 775 3051 &
799 3011 944 3051 tametsi
969 3010 1093 3050 nudus
1111 3009 1290 3056 omnino,
1320 3005 1358 3047 &
1375 3008 1519 3060 absque
1551 3006 1661 3046 armis
1686 3006 1724 3044 in
1747 3003 1843 3043 hanc
1868 3003 1997 3043 lucem

197 3073 321 3116 editus
339 3072 405 3121 sit,
436 3084 481 3110 ea
500 3080 626 3110 tamen
648 3084 720 3123 pro
754 3071 821 3110 suo
844 3069 1049 3110 fabricatur
1083 3068 1259 3117 arbitrio,
1289 3076 1332 3106 ut
1363 3077 1426 3107 aut
1452 3065 1574 3106 semet
1598 3073 1767 3112 tueatur,
1797 3069 1862 3101 aut
1881 3063 1999 3102 etiam

199 3134 358 3184 impetat
375 3133 482 3176 alios.
539 3129 670 3169 Tellus
685 3142 772 3170 eum
790 3132 827 3170 in
844 3128 960 3169 finem
978 3129 1120 3169 ferrum
1140 3126 1176 3167 &
1197 3127 1402 3176 chalybem
1427 3127 1464 3165 ei
1481 3123 1716 3177 suppeditat:
1748 3133 1844 3173 aqua
1867 3119 1997 3176 (quo-

196 3192 316 3230 modo
335 3194 372 3232 in
396 3190 586 3241 Symbolo
603 3190 775 3242 praesenti
800 3189 933 3229 videre
948 3186 1069 3243 licet)
1101 3198 1145 3227 ea
1171 3186 1294 3226 cudit:
1325 3187 1388 3226 aer
1416 3184 1550 3225 focum
1579 3180 1771 3229 incendit,
1804 3182 1898 3234 ignis
1929 3179 1996 3219 de-

199 3252 313 3302 nique
337 3263 381 3291 ea
416 3259 607 3302 temperat
622 3279 635 3301 ‚
664 3251 716 3290 ita
739 3251 916 3291 nimirum
939 3248 1127 3289 elementa
1160 3246 1288 3287 omnia
1311 3245 1390 3298 ejus
1417 3244 1571 3285 arbitrio
1595 3241 1795 3282 obediunt.
1853 3238 1990 3338 Fragilli

1934 3310 1954 3337 a
1969 3310 1998 3338 ι·
