<?xml version="1.0" encoding="UTF-8"?>
<!DOCTYPE html PUBLIC "-//W3C//DTD XHTML 1.0 Transitional//EN"
    "http://www.w3.org/TR/xhtml1/DTD/xhtml1-transitional.dtd">
<html xmlns="http://www.w3.org/1999/xhtml" xml:lang="en" lang="en">
 <head>
  <title>
</title>
<meta http-equiv="Content-Type" content="text/html;charset=utf-8" />
  <meta name='ocr-system' content='tesseract 3.04.00' />
  <meta name='ocr-capabilities' content='ocr_page ocr_carea ocr_par ocr_line ocrx_word'/>
</head>
<body>
  <div class='ocr_page' id='page_1' title='image "./didacisaavedraef00saav_0083.png"; bbox 0 0 2132 3730; ppageno 0'>
   <div class='ocr_carea' id='block_1_1' title="bbox 454 240 1841 300">
    <p class='ocr_par' dir='ltr' id='par_1_1' title="bbox 454 240 1841 300">
     <span class='ocr_line' id='line_1_1' title="bbox 454 240 1841 300; baseline -0.001 -13"><span class='ocrx_word' id='word_1_1' title='bbox 454 240 1435 288; x_wconf 78' lang='lat' dir='ltr'><em>SYMBOLAPOLITICA.</em></span> <span class='ocrx_word' id='word_1_2' title='bbox 1786 246 1841 300; x_wconf 76' lang='lat'>63</span> 
     </span>
    </p>
   </div>
   <div class='ocr_carea' id='block_1_2' title="bbox 42 316 1846 384">
    <p class='ocr_par' dir='ltr' id='par_1_2' title="bbox 42 316 1846 384">
     <span class='ocr_line' id='line_1_2' title="bbox 42 316 1846 384; baseline -0.007 -8"><span class='ocrx_word' id='word_1_3' title='bbox 42 336 155 383; x_wconf 87' lang='lat' dir='ltr'>dine;</span> <span class='ocrx_word' id='word_1_4' title='bbox 182 343 273 375; x_wconf 88' lang='lat' dir='ltr'>num</span> <span class='ocrx_word' id='word_1_5' title='bbox 294 332 439 384; x_wconf 85' lang='lat' dir='ltr'>pietate</span> <span class='ocrx_word' id='word_1_6' title='bbox 468 328 644 382; x_wconf 88' lang='lat' dir='ltr'>adaequet</span> <span class='ocrx_word' id='word_1_7' title='bbox 656 328 817 375; x_wconf 86' lang='lat' dir='ltr'>Avum;</span> <span class='ocrx_word' id='word_1_8' title='bbox 845 326 1049 380; x_wconf 80' lang='lat' dir='ltr'>prudentia</span> <span class='ocrx_word' id='word_1_9' title='bbox 1077 326 1296 377; x_wconf 82' lang='lat' dir='ltr'>Philippum</span> <span class='ocrx_word' id='word_1_10' title='bbox 1329 325 1571 376; x_wconf 88' lang='lat' dir='ltr'>Secundum,</span> <span class='ocrx_word' id='word_1_11' title='bbox 1599 316 1846 377; x_wconf 51' lang='lat' dir='ltr'>magnanimi„</span> 
     </span>
    </p>
   </div>
   <div class='ocr_carea' id='block_1_3' title="bbox 39 383 1846 625">
    <p class='ocr_par' dir='ltr' id='par_1_3' title="bbox 39 383 1846 625">
     <span class='ocr_line' id='line_1_3' title="bbox 42 383 1846 445; baseline -0.008 -9"><span class='ocrx_word' id='word_1_12' title='bbox 42 405 123 438; x_wconf 85' lang='lat' dir='ltr'>tate</span> <span class='ocrx_word' id='word_1_13' title='bbox 144 393 322 434; x_wconf 83' lang='lat' dir='ltr'>Carolum</span> <span class='ocrx_word' id='word_1_14' title='bbox 344 391 560 445; x_wconf 86' lang='lat' dir='ltr'>Quintum,</span> <span class='ocrx_word' id='word_1_15' title='bbox 589 389 774 429; x_wconf 84' lang='lat' dir='ltr'>comitate</span> <span class='ocrx_word' id='word_1_16' title='bbox 800 387 1021 440; x_wconf 79' lang='lat' dir='ltr'>Philippum</span> <span class='ocrx_word' id='word_1_17' title='bbox 1051 387 1243 433; x_wconf 75' lang='lat' dir='ltr'>Primum3</span> <span class='ocrx_word' id='word_1_18' title='bbox 1272 386 1425 426; x_wconf 88' lang='lat' dir='ltr'>scientia</span> <span class='ocrx_word' id='word_1_19' title='bbox 1454 387 1612 439; x_wconf 89' lang='lat' dir='ltr'>politica</span> <span class='ocrx_word' id='word_1_20' title='bbox 1641 383 1846 426; x_wconf 77' lang='lat' dir='ltr'>Ferdinan.</span> 
     </span>
     <span class='ocr_line' id='line_1_4' title="bbox 43 444 1844 502; baseline -0.006 -7"><span class='ocrx_word' id='word_1_21' title='bbox 43 456 136 497; x_wconf 87' lang='lat' dir='ltr'>dum</span> <span class='ocrx_word' id='word_1_22' title='bbox 152 451 422 502; x_wconf 82' lang='lat' dir='ltr'>Catholicum3</span> <span class='ocrx_word' id='word_1_23' title='bbox 450 449 676 490; x_wconf 82' lang='lat' dir='ltr'>liberalitate</span> <span class='ocrx_word' id='word_1_24' title='bbox 691 447 932 500; x_wconf 89' lang='lat' dir='ltr'>Alphonsum</span> <span class='ocrx_word' id='word_1_25' title='bbox 944 449 1071 495; x_wconf 81' lang='lat' dir='ltr'>illum,</span> <span class='ocrx_word' id='word_1_26' title='bbox 1104 447 1169 498; x_wconf 89' lang='lat' dir='ltr'>qui</span> <span class='ocrx_word' id='word_1_27' title='bbox 1191 444 1503 486; x_wconf 75' lang='lat' dir='ltr'>adebamanibus</span> <span class='ocrx_word' id='word_1_28' title='bbox 1520 444 1683 499; x_wconf 79' lang='lat' dir='ltr'>pei-tusis</span> <span class='ocrx_word' id='word_1_29' title='bbox 1698 456 1844 489; x_wconf 82' lang='lat' dir='ltr'>nornen</span> 
     </span>
     <span class='ocr_line' id='line_1_5' title="bbox 40 503 1845 564; baseline -0.005 -10"><span class='ocrx_word' id='word_1_30' title='bbox 40 513 208 560; x_wconf 79' lang='lat' dir='ltr'>invenit3</span> <span class='ocrx_word' id='word_1_31' title='bbox 231 510 370 564; x_wconf 86' lang='lat' dir='ltr'>justitia</span> <span class='ocrx_word' id='word_1_32' title='bbox 389 511 538 564; x_wconf 87' lang='lat' dir='ltr'>Regem</span> <span class='ocrx_word' id='word_1_33' title='bbox 564 507 805 561; x_wconf 89' lang='lat' dir='ltr'>Alphonsum</span> <span class='ocrx_word' id='word_1_34' title='bbox 829 507 1117 554; x_wconf 84' lang='lat' dir='ltr'>Undecimum;</span> <span class='ocrx_word' id='word_1_35' title='bbox 1148 506 1333 557; x_wconf 82' lang='lat' dir='ltr'>religione</span> <span class='ocrx_word' id='word_1_36' title='bbox 1361 505 1527 558; x_wconf 87' lang='lat' dir='ltr'>denique</span> <span class='ocrx_word' id='word_1_37' title='bbox 1541 507 1690 560; x_wconf 85' lang='lat' dir='ltr'>Regem</span> <span class='ocrx_word' id='word_1_38' title='bbox 1715 503 1845 546; x_wconf 54' lang='lat' dir='ltr'>Ferdie</span> 
     </span>
     <span class='ocr_line' id='line_1_6' title="bbox 39 564 1845 625; baseline -0.008 -9"><span class='ocrx_word' id='word_1_39' title='bbox 39 573 208 617; x_wconf 87' lang='lat' dir='ltr'>nandum</span> <span class='ocrx_word' id='word_1_40' title='bbox 231 570 413 614; x_wconf 64' lang='lat' dir='ltr'>Sanetum</span> <span class='ocrx_word' id='word_1_41' title='bbox 429 601 443 622; x_wconf 90' lang='lat'><strong>,</strong></span> <span class='ocrx_word' id='word_1_42' title='bbox 472 570 512 613; x_wconf 84' lang='lat'>&amp;</span> <span class='ocrx_word' id='word_1_43' title='bbox 532 568 714 625; x_wconf 87' lang='lat' dir='ltr'>generosa</span> <span class='ocrx_word' id='word_1_44' title='bbox 734 567 898 622; x_wconf 87' lang='lat' dir='ltr'>quadam</span> <span class='ocrx_word' id='word_1_45' title='bbox 925 567 1168 608; x_wconf 84' lang='lat' dir='ltr'>aemulatione</span> <span class='ocrx_word' id='word_1_46' title='bbox 1191 565 1241 605; x_wconf 92' lang='lat' dir='ltr'>ad</span> <span class='ocrx_word' id='word_1_47' title='bbox 1271 564 1471 606; x_wconf 88' lang='lat' dir='ltr'>honestam</span> <span class='ocrx_word' id='word_1_48' title='bbox 1496 565 1667 607; x_wconf 88' lang='lat' dir='ltr'>imitandi</span> <span class='ocrx_word' id='word_1_49' title='bbox 1697 565 1845 618; x_wconf 70' lang='lat' dir='ltr'>cupidi«.-</span> 
     </span>
    </p>
   </div>
   <div class='ocr_carea' id='block_1_4' title="bbox 43 624 1848 688">
    <p class='ocr_par' dir='ltr' id='par_1_4' title="bbox 43 624 1848 688">
     <span class='ocr_line' id='line_1_7' title="bbox 43 624 1848 688; baseline -0.009 -6"><span class='ocrx_word' id='word_1_50' title='bbox 43 646 134 682; x_wconf 75' lang='lat' dir='ltr'>nem</span> <span class='ocrx_word' id='word_1_51' title='bbox 150 632 228 677; x_wconf 78' lang='lat' dir='ltr'>sese</span> <span class='ocrx_word' id='word_1_52' title='bbox 251 631 373 688; x_wconf 74' lang='lat' dir='ltr'>‘porro</span> <span class='ocrx_word' id='word_1_53' title='bbox 399 631 591 676; x_wconf 82' lang='lat' dir='ltr'>Serenitas</span> <span class='ocrx_word' id='word_1_54' title='bbox 610 628 752 674; x_wconf 82' lang='lat' dir='ltr'>Vestra</span> <span class='ocrx_word' id='word_1_55' title='bbox 778 628 1005 676; x_wconf 78' lang='lat' dir='ltr'>exstimulet.</span> <span class='ocrx_word' id='word_1_56' title='bbox 1065 626 1237 686; x_wconf 84' lang='lat' dir='ltr'><strong>Quintus</strong></span> <span class='ocrx_word' id='word_1_57' title='bbox 1263 624 1484 677; x_wconf 77' lang='lat' dir='ltr'><strong>Maximus,</strong></span> <span class='ocrx_word' id='word_1_58' title='bbox 1513 624 1553 672; x_wconf 63' lang='grc' dir='ltr'>ἃ</span> <span class='ocrx_word' id='word_1_59' title='bbox 1589 626 1747 669; x_wconf 80' lang='lat' dir='ltr'><strong>Publius</strong></span> <span class='ocrx_word' id='word_1_60' title='bbox 1767 624 1848 670; x_wconf 56' lang='lat' dir='ltr'>Scia</span> 
     </span>
    </p>
   </div>
   <div class='ocr_carea' id='block_1_5' title="bbox 663 1252 1191 1257">
    <p class='ocr_par' dir='ltr' id='par_1_5' title="bbox 663 1252 1191 1257">
     <span class='ocr_line' id='line_1_8' title="bbox 663 1252 1191 1257; baseline 0 0"><span class='ocrx_word' id='word_1_61' title='bbox 663 1252 1191 1257; x_wconf 95' lang='lat' dir='ltr'> </span> 
     </span>
    </p>
   </div>
   <div class='ocr_carea' id='block_1_6' title="bbox 445 788 1413 1948">
    <p class='ocr_par' dir='ltr' id='par_1_6' title="bbox 445 788 1413 1948">
     <span class='ocr_line' id='line_1_9' title="bbox 445 788 1413 1948; baseline 0 0"><span class='ocrx_word' id='word_1_62' title='bbox 445 788 1413 1948; x_wconf 95' lang='lat' dir='ltr'> </span> 
     </span>
    </p>
   </div>
   <div class='ocr_carea' id='block_1_7' title="bbox 39 2068 1851 3088">
    <p class='ocr_par' dir='ltr' id='par_1_7' title="bbox 39 2068 1851 2905">
     <span class='ocr_line' id='line_1_10' title="bbox 40 2068 1849 2126; baseline 0.001 -14"><span class='ocrx_word' id='word_1_63' title='bbox 40 2073 132 2126; x_wconf 82' lang='lat' dir='ltr'>pio,</span> <span class='ocrx_word' id='word_1_64' title='bbox 159 2071 187 2112; x_wconf 84' lang='lat' dir='ltr'>ss</span> <span class='ocrx_word' id='word_1_65' title='bbox 207 2070 362 2123; x_wconf 80' lang='lat' dir='ltr'>quando</span> <span class='ocrx_word' id='word_1_66' title='bbox 382 2069 577 2121; x_wconf 84' lang='lat' dir='ltr'>Maj0rum</span> <span class='ocrx_word' id='word_1_67' title='bbox 594 2069 745 2109; x_wconf 83' lang='lat' dir='ltr'>suorum</span> <span class='ocrx_word' id='word_1_68' title='bbox 768 2070 949 2121; x_wconf 83' lang='lat' dir='ltr'>imagines</span> <span class='ocrx_word' id='word_1_69' title='bbox 966 2070 1226 2118; x_wconf 78' lang='lat' dir='ltr'><strong>intuerentur,</strong></span> <span class='ocrx_word' id='word_1_70' title='bbox 1255 2068 1480 2110; x_wconf 85' lang='lat' dir='ltr'>inflammari</span> <span class='ocrx_word' id='word_1_71' title='bbox 1497 2072 1643 2111; x_wconf 82' lang='lat' dir='ltr'>animos</span> <span class='ocrx_word' id='word_1_72' title='bbox 1667 2071 1754 2112; x_wconf 76' lang='lat' dir='ltr'>flios</span> <span class='ocrx_word' id='word_1_73' title='bbox 1775 2073 1849 2126; x_wconf 58' lang='lat' dir='ltr'>ajffi</span> 
     </span>
     <span class='ocr_line' id='line_1_11' title="bbox 41 2130 1850 2186; baseline 0.002 -14"><span class='ocrx_word' id='word_1_74' title='bbox 41 2133 152 2181; x_wconf 84' lang='lat' dir='ltr'>bant,</span> <span class='ocrx_word' id='word_1_75' title='bbox 182 2131 220 2172; x_wconf 87' lang='lat'>&amp;</span> <span class='ocrx_word' id='word_1_76' title='bbox 236 2131 283 2171; x_wconf 88' lang='lat' dir='ltr'>ad</span> <span class='ocrx_word' id='word_1_77' title='bbox 301 2132 485 2170; x_wconf 83' lang='lat' dir='ltr'>virtutem</span> <span class='ocrx_word' id='word_1_78' title='bbox 503 2131 670 2177; x_wconf 80' lang='lat' dir='ltr'>incitari3</span> <span class='ocrx_word' id='word_1_79' title='bbox 701 2141 781 2169; x_wconf 89' lang='lat' dir='ltr'>non</span> <span class='ocrx_word' id='word_1_80' title='bbox 798 2131 904 2181; x_wconf 79' lang='lat' dir='ltr'>quod</span> <span class='ocrx_word' id='word_1_81' title='bbox 931 2143 1017 2171; x_wconf 84' lang='lat' dir='ltr'>cera</span> <span class='ocrx_word' id='word_1_82' title='bbox 1039 2132 1100 2169; x_wconf 86' lang='lat' dir='ltr'>illa</span> <span class='ocrx_word' id='word_1_83' title='bbox 1116 2141 1180 2170; x_wconf 86' lang='lat' dir='ltr'>aut</span> <span class='ocrx_word' id='word_1_84' title='bbox 1205 2130 1328 2183; x_wconf 88' lang='lat' dir='ltr'>effigie</span> <span class='ocrx_word' id='word_1_85' title='bbox 1357 2141 1630 2181; x_wconf 78' lang='lat' dir='ltr'>moverentur,</span> <span class='ocrx_word' id='word_1_86' title='bbox 1659 2131 1725 2172; x_wconf 91' lang='lat' dir='ltr'>sed</span> <span class='ocrx_word' id='word_1_87' title='bbox 1760 2136 1850 2186; x_wconf 90' lang='lat' dir='ltr'>quia</span> 
     </span>
     <span class='ocr_line' id='line_1_12' title="bbox 40 2190 1850 2244; baseline 0 -12"><span class='ocrx_word' id='word_1_88' title='bbox 40 2191 142 2233; x_wconf 61' lang='lat' dir='ltr'>sadra</span> <span class='ocrx_word' id='word_1_89' title='bbox 159 2193 313 2244; x_wconf 84' lang='lat' dir='ltr'>propria</span> <span class='ocrx_word' id='word_1_90' title='bbox 330 2190 376 2230; x_wconf 89' lang='lat' dir='ltr'>ad</span> <span class='ocrx_word' id='word_1_91' title='bbox 394 2192 554 2231; x_wconf 87' lang='lat' dir='ltr'>aliorum</span> <span class='ocrx_word' id='word_1_92' title='bbox 579 2199 866 2241; x_wconf 83' lang='lat' dir='ltr'>comparantes,</span> <span class='ocrx_word' id='word_1_93' title='bbox 897 2190 985 2230; x_wconf 80' lang='lat' dir='ltr'>ante</span> <span class='ocrx_word' id='word_1_94' title='bbox 1007 2190 1280 2243; x_wconf 86' lang='lat' dir='ltr'>conquiescere</span> <span class='ocrx_word' id='word_1_95' title='bbox 1301 2203 1383 2235; x_wconf 89' lang='lat' dir='ltr'>non</span> <span class='ocrx_word' id='word_1_96' title='bbox 1405 2202 1606 2242; x_wconf 83' lang='lat' dir='ltr'>poterant,</span> <span class='ocrx_word' id='word_1_97' title='bbox 1639 2191 1768 2233; x_wconf 89' lang='lat' dir='ltr'>donec</span> <span class='ocrx_word' id='word_1_98' title='bbox 1791 2206 1850 2235; x_wconf 53' lang='lat' dir='ltr'>reo</span> 
     </span>
     <span class='ocr_line' id='line_1_13' title="bbox 39 2249 1850 2305; baseline -0.001 -12"><span class='ocrx_word' id='word_1_99' title='bbox 39 2263 124 2293; x_wconf 83' lang='lat' dir='ltr'>tum</span> <span class='ocrx_word' id='word_1_100' title='bbox 144 2250 165 2291; x_wconf 76' lang='lat' dir='ltr'>a</span> <span class='ocrx_word' id='word_1_101' title='bbox 177 2252 215 2292; x_wconf 89' lang='lat' dir='ltr'>se</span> <span class='ocrx_word' id='word_1_102' title='bbox 233 2249 419 2305; x_wconf 86' lang='lat' dir='ltr'>gestarum</span> <span class='ocrx_word' id='word_1_103' title='bbox 438 2249 540 2291; x_wconf 88' lang='lat' dir='ltr'>fama</span> <span class='ocrx_word' id='word_1_104' title='bbox 563 2249 601 2290; x_wconf 72' lang='grc' dir='ltr'>δε</span> <span class='ocrx_word' id='word_1_105' title='bbox 623 2251 741 2302; x_wconf 83' lang='lat' dir='ltr'>gloria</span> <span class='ocrx_word' id='word_1_106' title='bbox 757 2261 826 2290; x_wconf 81' lang='lat' dir='ltr'>eos</span> <span class='ocrx_word' id='word_1_107' title='bbox 845 2252 1004 2290; x_wconf 89' lang='lat' dir='ltr'>omnino</span> <span class='ocrx_word' id='word_1_108' title='bbox 1023 2260 1280 2303; x_wconf 80' lang='lat' dir='ltr'>exaequarent.</span> <span class='ocrx_word' id='word_1_109' title='bbox 1340 2251 1496 2305; x_wconf 61' lang='lat' dir='ltr'>ssogia,</span> <span class='ocrx_word' id='word_1_110' title='bbox 1522 2265 1606 2304; x_wconf 83' lang='lat' dir='ltr'>quae</span> <span class='ocrx_word' id='word_1_111' title='bbox 1625 2255 1779 2297; x_wconf 86' lang='lat' dir='ltr'>tumulis</span> <span class='ocrx_word' id='word_1_112' title='bbox 1793 2256 1850 2295; x_wconf 80' lang='lat' dir='ltr'>in.</span> 
     </span>
     <span class='ocr_line' id='line_1_14' title="bbox 41 2310 1849 2365; baseline 0.001 -14"><span class='ocrx_word' id='word_1_113' title='bbox 41 2310 274 2359; x_wconf 83' lang='lat' dir='ltr'>scribuntur,</span> <span class='ocrx_word' id='word_1_114' title='bbox 302 2322 384 2352; x_wconf 88' lang='lat' dir='ltr'>non</span> <span class='ocrx_word' id='word_1_115' title='bbox 401 2311 452 2350; x_wconf 91' lang='lat' dir='ltr'>illi</span> <span class='ocrx_word' id='word_1_116' title='bbox 474 2312 705 2362; x_wconf 86' lang='lat' dir='ltr'>loquuntur,</span> <span class='ocrx_word' id='word_1_117' title='bbox 733 2312 798 2363; x_wconf 91' lang='lat' dir='ltr'>qui</span> <span class='ocrx_word' id='word_1_118' title='bbox 827 2311 963 2351; x_wconf 85' lang='lat' dir='ltr'>vivere</span> <span class='ocrx_word' id='word_1_119' title='bbox 980 2310 1111 2359; x_wconf 76' lang='lat' dir='ltr'>desiit3</span> <span class='ocrx_word' id='word_1_120' title='bbox 1143 2311 1208 2352; x_wconf 91' lang='lat' dir='ltr'>sed</span> <span class='ocrx_word' id='word_1_121' title='bbox 1231 2312 1275 2351; x_wconf 84' lang='lat' dir='ltr'>iis</span> <span class='ocrx_word' id='word_1_122' title='bbox 1296 2314 1452 2365; x_wconf 76' lang='lat' dir='ltr'>potius,</span> <span class='ocrx_word' id='word_1_123' title='bbox 1483 2314 1549 2365; x_wconf 84' lang='lat' dir='ltr'>qui</span> <span class='ocrx_word' id='word_1_124' title='bbox 1565 2315 1774 2353; x_wconf 84' lang='lat' dir='ltr'>etiamnum</span> <span class='ocrx_word' id='word_1_125' title='bbox 1792 2314 1849 2354; x_wconf 85' lang='lat' dir='ltr'>su-</span> 
     </span>
     <span class='ocr_line' id='line_1_15' title="bbox 43 2370 1847 2424; baseline 0.003 -15"><span class='ocrx_word' id='word_1_126' title='bbox 43 2370 196 2422; x_wconf 89' lang='lat' dir='ltr'>persunt</span> <span class='ocrx_word' id='word_1_127' title='bbox 212 2372 310 2412; x_wconf 83' lang='lat' dir='ltr'>inter</span> <span class='ocrx_word' id='word_1_128' title='bbox 331 2373 462 2413; x_wconf 83' lang='lat' dir='ltr'>vivos.</span> <span class='ocrx_word' id='word_1_129' title='bbox 521 2370 729 2410; x_wconf 87' lang='lat' dir='ltr'>Summaria</span> <span class='ocrx_word' id='word_1_130' title='bbox 749 2370 921 2422; x_wconf 82' lang='lat' dir='ltr'>quaedatn</span> <span class='ocrx_word' id='word_1_131' title='bbox 939 2371 1046 2421; x_wconf 89' lang='lat' dir='ltr'>sunt,</span> <span class='ocrx_word' id='word_1_132' title='bbox 1077 2383 1161 2424; x_wconf 86' lang='lat' dir='ltr'>quae</span> <span class='ocrx_word' id='word_1_133' title='bbox 1176 2373 1373 2412; x_wconf 85' lang='lat' dir='ltr'>memoriae</span> <span class='ocrx_word' id='word_1_134' title='bbox 1385 2372 1566 2424; x_wconf 74' lang='lat' dir='ltr'>juvandae</span> <span class='ocrx_word' id='word_1_135' title='bbox 1585 2372 1707 2414; x_wconf 82' lang='lat' dir='ltr'>cauffa</span> <span class='ocrx_word' id='word_1_136' title='bbox 1725 2376 1847 2415; x_wconf 90' lang='lat' dir='ltr'>Ante-</span> 
     </span>
     <span class='ocr_line' id='line_1_16' title="bbox 46 2428 1849 2485; baseline 0.004 -17"><span class='ocrx_word' id='word_1_137' title='bbox 46 2429 199 2470; x_wconf 81' lang='lat' dir='ltr'>cefforis</span> <span class='ocrx_word' id='word_1_138' title='bbox 225 2433 346 2470; x_wconf 79' lang='lat' dir='ltr'>virtus</span> <span class='ocrx_word' id='word_1_139' title='bbox 368 2430 596 2482; x_wconf 84' lang='lat' dir='ltr'>derelinquit</span> <span class='ocrx_word' id='word_1_140' title='bbox 609 2428 834 2476; x_wconf 78' lang='lat' dir='ltr'>Success&#39;ori.</span> <span class='ocrx_word' id='word_1_141' title='bbox 890 2430 1046 2471; x_wconf 80' lang='lat' dir='ltr'>Illorum</span> <span class='ocrx_word' id='word_1_142' title='bbox 1062 2431 1333 2472; x_wconf 87' lang='lat' dir='ltr'>recordatione</span> <span class='ocrx_word' id='word_1_143' title='bbox 1356 2431 1527 2474; x_wconf 87' lang='lat' dir='ltr'>futurum</span> <span class='ocrx_word' id='word_1_144' title='bbox 1549 2433 1674 2485; x_wconf 83' lang='lat' dir='ltr'>ajebat</span> <span class='ocrx_word' id='word_1_145' title='bbox 1692 2434 1849 2475; x_wconf 68' lang='lat' dir='ltr'>Matha-</span> 
     </span>
     <span class='ocr_line' id='line_1_17' title="bbox 43 2488 1845 2547; baseline 0.005 -19"><span class='ocrx_word' id='word_1_146' title='bbox 43 2488 168 2538; x_wconf 79' lang='lat' dir='ltr'>thias,</span> <span class='ocrx_word' id='word_1_147' title='bbox 192 2499 236 2529; x_wconf 89' lang='lat' dir='ltr'>ut</span> <span class='ocrx_word' id='word_1_148' title='bbox 265 2489 331 2530; x_wconf 87' lang='lat' dir='ltr'>filii</span> <span class='ocrx_word' id='word_1_149' title='bbox 352 2490 408 2531; x_wconf 86' lang='lat' dir='ltr'>sui</span> <span class='ocrx_word' id='word_1_150' title='bbox 440 2491 599 2544; x_wconf 86' lang='lat' dir='ltr'>gloriam</span> <span class='ocrx_word' id='word_1_151' title='bbox 626 2491 665 2530; x_wconf 90' lang='lat' dir='ltr'>in</span> <span class='ocrx_word' id='word_1_152' title='bbox 692 2491 772 2531; x_wconf 88' lang='lat' dir='ltr'>hoc</span> <span class='ocrx_word' id='word_1_153' title='bbox 796 2490 965 2540; x_wconf 79' lang='lat' dir='ltr'>munde,</span> <span class='ocrx_word' id='word_1_154' title='bbox 995 2491 1035 2531; x_wconf 71' lang='grc' dir='ltr'>δε</span> <span class='ocrx_word' id='word_1_155' title='bbox 1058 2491 1200 2533; x_wconf 84' lang='lat' dir='ltr'>famam</span> <span class='ocrx_word' id='word_1_156' title='bbox 1222 2493 1481 2538; x_wconf 78' lang='lat' dir='ltr'>immortalem</span> <span class='ocrx_word' id='word_1_157' title='bbox 1513 2490 1587 2547; x_wconf 75' lang='lat' dir='ltr'>(a)</span> <span class='ocrx_word' id='word_1_158' title='bbox 1604 2495 1845 2547; x_wconf 84' lang='lat' dir='ltr'>colligerent.</span> 
     </span>
     <span class='ocr_line' id='line_1_18' title="bbox 42 2548 1849 2607; baseline 0.003 -17"><span class='ocrx_word' id='word_1_159' title='bbox 42 2548 103 2590; x_wconf 82' lang='lat' dir='ltr'>Ea</span> <span class='ocrx_word' id='word_1_160' title='bbox 124 2560 282 2601; x_wconf 86' lang='lat' dir='ltr'>quoque</span> <span class='ocrx_word' id='word_1_161' title='bbox 309 2549 359 2591; x_wconf 86' lang='lat' dir='ltr'>de</span> <span class='ocrx_word' id='word_1_162' title='bbox 373 2548 496 2591; x_wconf 84' lang='lat' dir='ltr'>cauffa</span> <span class='ocrx_word' id='word_1_163' title='bbox 525 2548 671 2590; x_wconf 88' lang='lat' dir='ltr'>Summi</span> <span class='ocrx_word' id='word_1_164' title='bbox 696 2549 925 2592; x_wconf 82' lang='lat' dir='ltr'>Sacerdotes</span> <span class='ocrx_word' id='word_1_165' title='bbox 950 2549 1048 2605; x_wconf 82' lang='lat' dir='ltr'>(qui</span> <span class='ocrx_word' id='word_1_166' title='bbox 1070 2551 1266 2604; x_wconf 79' lang='lat' dir='ltr'>Principes</span> <span class='ocrx_word' id='word_1_167' title='bbox 1293 2562 1400 2593; x_wconf 89' lang='lat' dir='ltr'>erant</span> <span class='ocrx_word' id='word_1_168' title='bbox 1427 2548 1564 2605; x_wconf 84' lang='lat' dir='ltr'>populi</span> <span class='ocrx_word' id='word_1_169' title='bbox 1579 2554 1606 2607; x_wconf 75' lang='grc'>&gt;</span> <span class='ocrx_word' id='word_1_170' title='bbox 1638 2552 1849 2597; x_wconf 83' lang='lat' dir='ltr'>duodecim</span> 
     </span>
     <span class='ocr_line' id='line_1_19' title="bbox 42 2608 1849 2669; baseline 0.003 -19"><span class='ocrx_word' id='word_1_171' title='bbox 42 2608 344 2651; x_wconf 88' lang='lat' dir='ltr'>Patriarcharum</span> <span class='ocrx_word' id='word_1_172' title='bbox 362 2608 653 2652; x_wconf 81' lang='lat' dir='ltr'>Antecessorum</span> <span class='ocrx_word' id='word_1_173' title='bbox 671 2610 744 2665; x_wconf 77' lang='lat' dir='ltr'>(b)</span> <span class='ocrx_word' id='word_1_174' title='bbox 765 2611 919 2651; x_wconf 89' lang='lat' dir='ltr'>suorum</span> <span class='ocrx_word' id='word_1_175' title='bbox 938 2612 1125 2662; x_wconf 82' lang='lat' dir='ltr'>virtutes,</span> <span class='ocrx_word' id='word_1_176' title='bbox 1154 2612 1321 2653; x_wconf 88' lang='lat' dir='ltr'>totidem</span> <span class='ocrx_word' id='word_1_177' title='bbox 1334 2613 1536 2664; x_wconf 82' lang='lat' dir='ltr'>insculptas</span> <span class='ocrx_word' id='word_1_178' title='bbox 1551 2612 1763 2665; x_wconf 85' lang='lat' dir='ltr'>lapidibus,</span> <span class='ocrx_word' id='word_1_179' title='bbox 1782 2627 1849 2669; x_wconf 68' lang='lat' dir='ltr'>ge⁹</span> 
     </span>
     <span class='ocr_line' id='line_1_20' title="bbox 43 2667 1851 2725; baseline 0.002 -13"><span class='ocrx_word' id='word_1_180' title='bbox 43 2667 192 2712; x_wconf 83' lang='lat' dir='ltr'>stabant</span> <span class='ocrx_word' id='word_1_181' title='bbox 211 2670 251 2708; x_wconf 91' lang='lat' dir='ltr'>in</span> <span class='ocrx_word' id='word_1_182' title='bbox 277 2668 449 2722; x_wconf 63' lang='lat' dir='ltr'>pettore.</span> <span class='ocrx_word' id='word_1_183' title='bbox 511 2669 611 2709; x_wconf 91' lang='lat' dir='ltr'>Cum</span> <span class='ocrx_word' id='word_1_184' title='bbox 630 2671 834 2723; x_wconf 82' lang='lat' dir='ltr'>majoribus</span> <span class='ocrx_word' id='word_1_185' title='bbox 855 2670 928 2710; x_wconf 77' lang='lat' dir='ltr'>suis</span> <span class='ocrx_word' id='word_1_186' title='bbox 957 2671 1136 2713; x_wconf 85' lang='lat' dir='ltr'>nimirum</span> <span class='ocrx_word' id='word_1_187' title='bbox 1163 2673 1405 2713; x_wconf 86' lang='lat' dir='ltr'>aemulatione</span> <span class='ocrx_word' id='word_1_188' title='bbox 1438 2673 1598 2725; x_wconf 84' lang='lat' dir='ltr'>gloriosa</span> <span class='ocrx_word' id='word_1_189' title='bbox 1625 2684 1851 2715; x_wconf 84' lang='lat' dir='ltr'>concertare</span> 
     </span>
     <span class='ocr_line' id='line_1_21' title="bbox 45 2727 1849 2784; baseline 0.002 -15"><span class='ocrx_word' id='word_1_190' title='bbox 45 2727 162 2774; x_wconf 84' lang='lat' dir='ltr'>decet</span> <span class='ocrx_word' id='word_1_191' title='bbox 177 2728 415 2781; x_wconf 85' lang='lat' dir='ltr'>Principem,</span> <span class='ocrx_word' id='word_1_192' title='bbox 445 2742 527 2770; x_wconf 91' lang='lat' dir='ltr'>non</span> <span class='ocrx_word' id='word_1_193' title='bbox 552 2732 742 2774; x_wconf 11' lang='lat' dir='ltr'>cumtaliis</span> <span class='ocrx_word' id='word_1_194' title='bbox 760 2729 796 2770; x_wconf 91' lang='lat' dir='ltr'>se</span> <span class='ocrx_word' id='word_1_195' title='bbox 817 2729 1080 2774; x_wconf 73' lang='lat' dir='ltr'>inferioribus:</span> <span class='ocrx_word' id='word_1_196' title='bbox 1108 2732 1181 2772; x_wconf 88' lang='lat' dir='ltr'>hos</span> <span class='ocrx_word' id='word_1_197' title='bbox 1204 2732 1345 2773; x_wconf 78' lang='lat' dir='ltr'>enimsi</span> <span class='ocrx_word' id='word_1_198' title='bbox 1360 2732 1531 2784; x_wconf 89' lang='lat' dir='ltr'>superet,</span> <span class='ocrx_word' id='word_1_199' title='bbox 1547 2732 1719 2773; x_wconf 88' lang='lat' dir='ltr'>redditur</span> <span class='ocrx_word' id='word_1_200' title='bbox 1737 2735 1849 2775; x_wconf 59' lang='lat' dir='ltr'>odio„</span> 
     </span>
     <span class='ocr_line' id='line_1_22' title="bbox 47 2786 1849 2849; baseline 0.003 -20"><span class='ocrx_word' id='word_1_201' title='bbox 47 2788 125 2843; x_wconf 82' lang='lat' dir='ltr'>sus,</span> <span class='ocrx_word' id='word_1_202' title='bbox 153 2787 185 2829; x_wconf 85' lang='lat' dir='ltr'>fi</span> <span class='ocrx_word' id='word_1_203' title='bbox 214 2786 349 2828; x_wconf 77' lang='lat' dir='ltr'>contra</span> <span class='ocrx_word' id='word_1_204' title='bbox 373 2789 421 2828; x_wconf 88' lang='lat' dir='ltr'>ab</span> <span class='ocrx_word' id='word_1_205' title='bbox 437 2789 570 2833; x_wconf 82' lang='lat' dir='ltr'>iisdem</span> <span class='ocrx_word' id='word_1_206' title='bbox 594 2788 809 2842; x_wconf 86' lang='lat' dir='ltr'>superetur,</span> <span class='ocrx_word' id='word_1_207' title='bbox 838 2790 917 2842; x_wconf 89' lang='lat' dir='ltr'>ipse</span> <span class='ocrx_word' id='word_1_208' title='bbox 943 2791 1116 2843; x_wconf 87' lang='lat' dir='ltr'>injuriam</span> <span class='ocrx_word' id='word_1_209' title='bbox 1140 2793 1292 2843; x_wconf 77' lang='lat' dir='ltr'>accipit.</span> <span class='ocrx_word' id='word_1_210' title='bbox 1351 2791 1531 2840; x_wconf 76' lang='lat' dir='ltr'>Tiberius</span> <span class='ocrx_word' id='word_1_211' title='bbox 1553 2792 1660 2840; x_wconf 75' lang='lat' dir='ltr'>certe</span> <span class='ocrx_word' id='word_1_212' title='bbox 1681 2792 1849 2849; x_wconf 55' lang='lat' dir='ltr'>Impera,</span> 
     </span>
     <span class='ocr_line' id='line_1_23' title="bbox 45 2845 1407 2905; baseline 0.002 -17"><span class='ocrx_word' id='word_1_213' title='bbox 45 2856 110 2889; x_wconf 78' lang='lat' dir='ltr'>tor</span> <span class='ocrx_word' id='word_1_214' title='bbox 130 2850 261 2890; x_wconf 77' lang='lat' dir='ltr'>omnia</span> <span class='ocrx_word' id='word_1_215' title='bbox 281 2847 350 2902; x_wconf 75' lang='lat' dir='ltr'>(c)</span> <span class='ocrx_word' id='word_1_216' title='bbox 356 2845 466 2900; x_wconf 54' lang='lat' dir='ltr'>fabia</span> <span class='ocrx_word' id='word_1_217' title='bbox 486 2848 644 2905; x_wconf 59' lang='lat' dir='ltr'>ditiaque</span> <span class='ocrx_word' id='word_1_218' title='bbox 657 2848 815 2904; x_wconf 85' lang='lat' dir='ltr'>Augusti</span> <span class='ocrx_word' id='word_1_219' title='bbox 831 2845 983 2895; x_wconf 73' lang='lat' dir='ltr'>Caesaris</span> <span class='ocrx_word' id='word_1_220' title='bbox 998 2853 1074 2896; x_wconf 66' lang='lat' dir='ltr'>vice</span> <span class='ocrx_word' id='word_1_221' title='bbox 1098 2850 1178 2904; x_wconf 82' lang='lat' dir='ltr'>Iegis</span> <span class='ocrx_word' id='word_1_222' title='bbox 1190 2847 1407 2902; x_wconf 56' lang='lat' dir='ltr'>observabat,</span> 
     </span>
    </p>

    <p class='ocr_par' dir='ltr' id='par_1_8' title="bbox 49 2906 1847 3088">
     <span class='ocr_line' id='line_1_24' title="bbox 221 2906 1847 2967; baseline 0.004 -19"><span class='ocrx_word' id='word_1_223' title='bbox 221 2907 259 2960; x_wconf 83' lang='lat'>§.</span> <span class='ocrx_word' id='word_1_224' title='bbox 290 2907 461 2951; x_wconf 86' lang='lat' dir='ltr'>Instituat</span> <span class='ocrx_word' id='word_1_225' title='bbox 488 2906 671 2960; x_wconf 66' lang='lat' dir='ltr'>praeterea</span> <span class='ocrx_word' id='word_1_226' title='bbox 708 2909 896 2951; x_wconf 85' lang='lat' dir='ltr'>Serenitas</span> <span class='ocrx_word' id='word_1_227' title='bbox 918 2909 1057 2950; x_wconf 90' lang='lat' dir='ltr'>Vestra</span> <span class='ocrx_word' id='word_1_228' title='bbox 1087 2911 1281 2951; x_wconf 88' lang='lat' dir='ltr'>interdum</span> <span class='ocrx_word' id='word_1_229' title='bbox 1308 2914 1639 2964; x_wconf 82' lang='lat' dir='ltr'>comparationem</span> <span class='ocrx_word' id='word_1_230' title='bbox 1664 2925 1847 2967; x_wconf 81' lang='lat' dir='ltr'>purpurae</span> 
     </span>
     <span class='ocr_line' id='line_1_25' title="bbox 51 2965 1847 3024; baseline 0.004 -18"><span class='ocrx_word' id='word_1_231' title='bbox 51 2965 123 3006; x_wconf 86' lang='lat' dir='ltr'>suae</span> <span class='ocrx_word' id='word_1_232' title='bbox 140 2968 332 3019; x_wconf 86' lang='lat' dir='ltr'>praesentis</span> <span class='ocrx_word' id='word_1_233' title='bbox 350 2980 438 3008; x_wconf 84' lang='lat' dir='ltr'>cum</span> <span class='ocrx_word' id='word_1_234' title='bbox 459 2970 665 3020; x_wconf 88' lang='lat' dir='ltr'>praeterita:</span> <span class='ocrx_word' id='word_1_235' title='bbox 692 2982 780 3012; x_wconf 89' lang='lat' dir='ltr'>nam</span> <span class='ocrx_word' id='word_1_236' title='bbox 801 2972 976 3023; x_wconf 84' lang='lat' dir='ltr'>cupimus</span> <span class='ocrx_word' id='word_1_237' title='bbox 998 2970 1188 3019; x_wconf 83' lang='lat' dir='ltr'>oblivisci,</span> <span class='ocrx_word' id='word_1_238' title='bbox 1218 2973 1350 3024; x_wconf 87' lang='lat' dir='ltr'>quales</span> <span class='ocrx_word' id='word_1_239' title='bbox 1376 2970 1466 3012; x_wconf 78' lang='lat' dir='ltr'>ante</span> <span class='ocrx_word' id='word_1_240' title='bbox 1489 2971 1695 3023; x_wconf 84' lang='lat' dir='ltr'>fuerimus,</span> <span class='ocrx_word' id='word_1_241' title='bbox 1723 2986 1773 3013; x_wconf 91' lang='lat' dir='ltr'>ne</span> <span class='ocrx_word' id='word_1_242' title='bbox 1791 2976 1847 3013; x_wconf 49' lang='lat' dir='ltr'>in?</span> 
     </span>
     <span class='ocr_line' id='line_1_26' title="bbox 49 3025 1846 3088; baseline 0.002 -19"><span class='ocrx_word' id='word_1_243' title='bbox 49 3025 223 3071; x_wconf 84' lang='lat' dir='ltr'>cusemus</span> <span class='ocrx_word' id='word_1_244' title='bbox 241 3029 497 3082; x_wconf 85' lang='lat' dir='ltr'>nosmetipsos</span> <span class='ocrx_word' id='word_1_245' title='bbox 517 3027 565 3068; x_wconf 88' lang='lat' dir='ltr'>de</span> <span class='ocrx_word' id='word_1_246' title='bbox 590 3038 662 3080; x_wconf 85' lang='lat' dir='ltr'>eo,</span> <span class='ocrx_word' id='word_1_247' title='bbox 691 3029 796 3085; x_wconf 72' lang='lat' dir='ltr'>quod</span> <span class='ocrx_word' id='word_1_248' title='bbox 812 3042 914 3071; x_wconf 85' lang='lat' dir='ltr'>nunc</span> <span class='ocrx_word' id='word_1_249' title='bbox 934 3031 1074 3075; x_wconf 62' lang='lat' dir='ltr'>sumus⁹</span> <span class='ocrx_word' id='word_1_250' title='bbox 1131 3029 1338 3085; x_wconf 79' lang='lat' dir='ltr'>Expendat</span> <span class='ocrx_word' id='word_1_251' title='bbox 1352 3031 1479 3076; x_wconf 88' lang='lat' dir='ltr'>secum</span> <span class='ocrx_word' id='word_1_252' title='bbox 1496 3032 1687 3073; x_wconf 84' lang='lat' dir='ltr'>Serenitas</span> <span class='ocrx_word' id='word_1_253' title='bbox 1698 3031 1846 3088; x_wconf 79' lang='lat' dir='ltr'>Vestra,</span> 
     </span>
    </p>
   </div>
   <div class='ocr_carea' id='block_1_8' title="bbox 870 3090 1848 3145">
    <p class='ocr_par' dir='ltr' id='par_1_9' title="bbox 870 3090 1848 3145">
     <span class='ocr_line' id='line_1_27' title="bbox 870 3090 1848 3145; baseline 0.009 -15"><span class='ocrx_word' id='word_1_254' title='bbox 870 3090 912 3145; x_wconf 83' lang='lat' dir='ltr'>Q</span> <span class='ocrx_word' id='word_1_255' title='bbox 943 3104 967 3131; x_wconf 88' lang='lat'><em>2</em></span> <span class='ocrx_word' id='word_1_256' title='bbox 1780 3092 1848 3140; x_wconf 60' lang='lat' dir='ltr'>de,</span> 
     </span>
    </p>
   </div>
   <div class='ocr_carea' id='block_1_9' title="bbox 48 3192 1847 3377">
    <p class='ocr_par' dir='ltr' id='par_1_10' title="bbox 48 3192 1847 3377">
     <span class='ocr_line' id='line_1_28' title="bbox 145 3192 1847 3269; baseline -0.001 -15"><span class='ocrx_word' id='word_1_257' title='bbox 145 3216 204 3261; x_wconf 76' lang='lat' dir='ltr'>(a)</span> <span class='ocrx_word' id='word_1_258' title='bbox 226 3221 441 3257; x_wconf 80' lang='lat' dir='ltr'>Mementote</span> <span class='ocrx_word' id='word_1_259' title='bbox 453 3226 591 3268; x_wconf 80' lang='lat' dir='ltr'>operam</span> <span class='ocrx_word' id='word_1_260' title='bbox 607 3220 774 3259; x_wconf 77' lang='lat' dir='ltr'>Patrum.</span> <span class='ocrx_word' id='word_1_261' title='bbox 804 3195 870 3269; x_wconf 47' lang='lat' dir='ltr'>Qua</span> <span class='ocrx_word' id='word_1_262' title='bbox 890 3196 1058 3263; x_wconf 57' lang='lat' dir='ltr'>feceruntv</span> <span class='ocrx_word' id='word_1_263' title='bbox 1065 3218 1105 3254; x_wconf 83' lang='lat' dir='ltr'>in</span> <span class='ocrx_word' id='word_1_264' title='bbox 1111 3192 1399 3268; x_wconf 48' lang='lat' dir='ltr'>generationibus</span> <span class='ocrx_word' id='word_1_265' title='bbox 1405 3214 1499 3262; x_wconf 66' lang='lat' dir='ltr'>ficis,</span> <span class='ocrx_word' id='word_1_266' title='bbox 1518 3214 1563 3260; x_wconf 55' lang='lat' dir='ltr'>d*</span> <span class='ocrx_word' id='word_1_267' title='bbox 1580 3216 1755 3266; x_wconf 79' lang='lat' dir='ltr'>accipietis</span> <span class='ocrx_word' id='word_1_268' title='bbox 1772 3213 1847 3266; x_wconf 51' lang='lat' dir='ltr'>glo?</span> 
     </span>
     <span class='ocr_line' id='line_1_29' title="bbox 50 3265 1845 3324; baseline -0.002 -22"><span class='ocrx_word' id='word_1_269' title='bbox 50 3265 148 3302; x_wconf 73' lang='lat' dir='ltr'>riam</span> <span class='ocrx_word' id='word_1_270' title='bbox 162 3279 346 3318; x_wconf 76' lang='lat' dir='ltr'>magnam,</span> <span class='ocrx_word' id='word_1_271' title='bbox 373 3267 551 3314; x_wconf 73' lang='lat' dir='ltr'>&amp;nomen</span> <span class='ocrx_word' id='word_1_272' title='bbox 562 3276 735 3306; x_wconf 73' lang='lat' dir='ltr'>aternum.</span> <span class='ocrx_word' id='word_1_273' title='bbox 762 3269 881 3309; x_wconf 88' lang='lat' dir='ltr'>Mach.</span> <span class='ocrx_word' id='word_1_274' title='bbox 897 3269 920 3308; x_wconf 81' lang='grc'>1,</span> <span class='ocrx_word' id='word_1_275' title='bbox 939 3282 971 3306; x_wconf 87' lang='lat' dir='ltr'>c.</span> <span class='ocrx_word' id='word_1_276' title='bbox 989 3284 1025 3306; x_wconf 89' lang='lat'>2.</span> <span class='ocrx_word' id='word_1_277' title='bbox 1054 3281 1113 3315; x_wconf 85' lang='lat'>51.</span> <span class='ocrx_word' id='word_1_278' title='bbox 1168 3269 1227 3312; x_wconf 85' lang='lat' dir='ltr'>(b)</span> <span class='ocrx_word' id='word_1_279' title='bbox 1254 3271 1298 3304; x_wconf 83' lang='lat' dir='ltr'>Et</span> <span class='ocrx_word' id='word_1_280' title='bbox 1307 3278 1496 3320; x_wconf 69' lang='lat' dir='ltr'>pao‘entum</span> <span class='ocrx_word' id='word_1_281' title='bbox 1510 3267 1696 3319; x_wconf 72' lang='lat' dir='ltr'>magnalia</span> <span class='ocrx_word' id='word_1_282' title='bbox 1709 3269 1747 3305; x_wconf 80' lang='lat' dir='ltr'>in</span> <span class='ocrx_word' id='word_1_283' title='bbox 1759 3280 1845 3324; x_wconf 55' lang='lat' dir='ltr'>quaa</span> 
     </span>
     <span class='ocr_line' id='line_1_30' title="bbox 48 3317 1574 3377; baseline -0.002 -16"><span class='ocrx_word' id='word_1_284' title='bbox 48 3326 132 3355; x_wconf 78' lang='lat' dir='ltr'>tuor</span> <span class='ocrx_word' id='word_1_285' title='bbox 147 3317 322 3357; x_wconf 79' lang='lat' dir='ltr'>ordinibus</span> <span class='ocrx_word' id='word_1_286' title='bbox 339 3320 495 3374; x_wconf 77' lang='lat' dir='ltr'>lapidum</span> <span class='ocrx_word' id='word_1_287' title='bbox 511 3330 618 3360; x_wconf 80' lang='lat' dir='ltr'>erant</span> <span class='ocrx_word' id='word_1_288' title='bbox 625 3319 776 3377; x_wconf 73' lang='lat' dir='ltr'>fiulpta,</span> <span class='ocrx_word' id='word_1_289' title='bbox 802 3323 880 3376; x_wconf 74' lang='lat' dir='ltr'>Sap,-</span> <span class='ocrx_word' id='word_1_290' title='bbox 910 3328 966 3365; x_wconf 63' lang='lat'>18,</span> <span class='ocrx_word' id='word_1_291' title='bbox 984 3335 1047 3372; x_wconf 74' lang='lat'>24,</span> <span class='ocrx_word' id='word_1_292' title='bbox 1098 3322 1158 3368; x_wconf 88' lang='lat' dir='ltr'>(c)</span> <span class='ocrx_word' id='word_1_293' title='bbox 1181 3322 1215 3360; x_wconf 87' lang='lat' dir='ltr'>T</span> <span class='ocrx_word' id='word_1_294' title='bbox 1217 3320 1298 3360; x_wconf 83' lang='lat' dir='ltr'>acit.</span> <span class='ocrx_word' id='word_1_295' title='bbox 1310 3320 1372 3358; x_wconf 83' lang='lat' dir='ltr'>lib.</span> <span class='ocrx_word' id='word_1_296' title='bbox 1388 3334 1425 3368; x_wconf 69' lang='lat'>4,</span> <span class='ocrx_word' id='word_1_297' title='bbox 1445 3319 1574 3360; x_wconf 73' lang='lat' dir='ltr'>Amal,</span> 
     </span>
    </p>
   </div>
  </div>
 </body>
</html>
