2132 3730
261 227 319 270 54
724 215 1070 257 DIDACI
1123 215 1656 263 SAAVEDRAE

259 301 299 341 id
314 301 418 353 quod
435 281 652 340 de—-Witiza
667 281 862 338 memoriae
887 281 1860 351 proditffiffioent
1886 304 2050 358 subditi,

209 356 211 359 ⁴
259 371 299 401 at
318 373 396 400 non
418 360 647 404 authorem3
678 369 762 409 quae
787 359 895 399 causa
910 358 1008 408 fuit,
1038 371 1106 398 cur
1125 358 1269 402 fanum
1289 372 1416 402 morte
1434 363 1546 402 luerit
1572 362 1732 414 postea,
1763 364 1884 405 homo
1909 365 1961 404 ob
1984 364 2050 406 de»

259 423 435 461 terrimos
459 418 544 457 suos
570 428 698 457 mores
718 419 896 459 omnibus
915 419 1069 459 invisus.
1131 419 1252 472 Quod
1272 423 1309 461 in
1333 423 1411 462 aliis
1433 424 1500 462 vix
1518 432 1630 474 turpe
1658 435 1702 462 ac
1723 424 1900 463 vitiosum
1918 433 2053 464 notare

257 482 485 532 plerumque
501 478 686 527 sol-emus,
704 478 782 517 hoc
810 481 848 518 in
865 480 976 519 nobis
997 477 1080 518 fere
1102 491 1307 520 commune
1332 494 1376 521 ac
1396 484 1592 534 proprium
1620 482 1689 534 ipfi
1705 474 1782 522 non
1798 484 2045 536 agnoscimus.

256 540 300 579 ln
317 539 428 578 nobis
445 536 533 589 ipsis
557 536 670 577 facile
690 549 960 591 quemcunque
975 539 1238 579 diffiniulamus
1262 540 1457 581 dese&um
1482 571 1496 591 ‚
1525 544 1564 581 in
1578 542 1733 594 speculo
1753 552 1900 593 tamen,
1917 545 1955 583 in
1972 555 2052 595 quo

256 600 409 638 vultum
435 595 604 637 nostrum
625 608 855 638 contuemur
871 629 883 648 ‚
912 611 962 639 ne
983 609 1154 638 atomum
1174 599 1330 649 quidem
1346 600 1446 641 ferre
1470 601 1678 654 poffumus.
1749 600 1947 653 Ejusmodi
1966 603 2050 654 spe-

255 659 384 698 culum
410 655 591 709 Princeps
612 655 666 696 est
681 687 694 706 ,
725 658 763 696 in
778 671 856 709 quo
870 658 945 698 sese
962 661 1269 710 contempl-antur
1297 659 1432 701 subditi
1452 691 1464 711 ,
1493 673 1566 702 nec
1588 663 1789 712 quicquam
1816 663 1860 700 iis
1883 661 2049 701 molesti-

254 728 299 757 us
311 747 323 766 ,
353 714 467 769 quam
487 716 516 756 fi
533 717 635 756 vitiis
655 716 901 769 deturpatum
916 718 1086 759 videant.
1144 718 1282 758 N1hilo
1305 720 1510 772 propterea
1522 723 1646 761 minus
1662 719 1812 761 infamis
1826 731 1906 761 erat
1922 720 2050 771 Nero,

254 776 361 830 qued
376 776 404 830 ζ
403 774 449 832 a)
464 782 569 816 ratus
586 774 726 816 dedecus
735 777 871 818 mnoliri
887 807 901 827 ‚
918 778 958 831 st
971 778 1091 830 plures
1097 776 1268 832 foedcfflt.

406 835 443 886 ς.
476 834 575 876 Non
593 836 745 875 securos
776 837 812 876 se
832 838 1059 878 arbitrentur
1081 839 1275 890 Principes
1299 867 1311 887 ,
1343 835 1373 876 fi
1391 838 1428 877 in
1447 838 1594 878 secreto
1632 837 1686 879 rei
1702 837 1803 879 bene
1821 839 2047 892 prudenter·

254 907 332 949 que
341 895 454 949 gestae
472 895 612 935 conscii
633 895 702 935 sibi
716 895 810 936 sint:
840 898 991 948 quoties
1025 900 1127 938 enim
1143 899 1254 951 plebs
1269 898 1345 950 ipsa
1365 895 1535 936 actiones
1555 896 1765 939 eorundem
1787 911 1867 939 non
1889 900 2050 939 omnino

253 955 456 1007 assequitur
475 983 489 1004 ‚
520 954 706 994 discutere
725 967 788 995 eas
803 955 954 996 coriose
970 959 1103 1010 incipit
1117 988 1129 1008 ,
1157 958 1249 998 &in
1267 958 1496 998 deteriorem
1513 956 1658 1009 semper
1668 968 1815 1010 partem
1824 960 2047 1011 interpreta-

252 1024 337 1055 tur:
368 1025 485 1066 quare
498 1025 579 1053 non
594 1013 727 1055 sufficit
747 1044 761 1065 ,
793 1015 898 1067 quod
914 1017 983 1068 ipsi
1000 1029 1202 1070 perperam
1218 1030 1297 1058 non
1315 1026 1426 1068 agant
1443 1030 1452 1055 ε
1483 1015 1547 1055 sed
1568 1028 1666 1068 opus
1682 1016 1737 1056 est
1758 1019 1872 1059 etiam
1888 1049 1901 1068 ,
1931 1028 1974 1058 ut
1995 1030 2046 1059 ne

253 1073 400 1122 media,
420 1073 559 1125 quibus
573 1082 705 1114 utuntr
726 1104 740 1125 ‚
771 1075 935 1127 speciem
954 1079 1042 1116 mali
1069 1078 1252 1119 habeant.
1330 1076 1383 1116 Et
1402 1075 1604 1128 quomodo
1621 1084 1701 1116 rem
1723 1078 1836 1117 ullam
1864 1077 2047 1118 secretam

249 1134 454 1173 habebitis
473 1147 483 1172 :
512 1134 578 1185 qui
602 1133 705 1174 suam
726 1135 841 1187 ipsius
860 1135 1103 1188 Majestatem
1120 1167 1135 1185 .‚
1166 1137 1202 1176 &
1221 1138 1444 1176 comitatum
1469 1136 1633 1175 aulicum
1664 1135 1685 1175 ὲ
1708 1136 1745 1175 se
1773 1136 1949 1176 abdicare
1966 1149 2048 1177 non

248 1192 403 1246 potest⁷
429 1205 505 1234 nec
526 1193 626 1233 solus
647 1195 852 1246 quicquam
876 1208 1013 1248 agere3
1042 1197 1151 1248 cujus
1174 1197 1326 1236 libertas
1351 1206 1412 1236 tot
1440 1195 1651 1246 compedes
1677 1195 1805 1236 secum
1828 1197 1942 1236 trahit
1958 1227 1972 1247 ‚
2009 1196 2049 1237 ὅτ.

249 1262 403 1293 catenas
430 1264 561 1293 aureas
577 1283 590 1302 ‚
620 1266 780 1305 quarum
803 1254 999 1308 strepitum
1022 1268 1139 1296 nemo
1158 1268 1238 1296 non
1258 1257 1422 1308 percipit
1438 1257 1458 1294 ‚9
1487 1254 1580 1294 Hoc
1607 1254 1766 1295 Summo
1780 1255 1977 1297 Sacerdoti
2000 1256 2046 1296 fi-

247 1312 478 1366 gnificabant
494 1314 744 1354 tintinnabula
759 1316 820 1354 illa
836 1327 948 1355 aurea
972 1345 985 1366 ‚
1015 1329 1099 1368 quae
1116 1328 1165 1355 ex
1187 1318 1262 1355 ima
1279 1317 1358 1366 eJus
1375 1314 1481 1355 veste
1503 1316 1645 1354 circum
1671 1313 1972 1366 dependebant,
2000 1324 2045 1355 ut

246 1374 425 1412 nimirum
448 1371 559 1413 fieret
573 1386 742 1422 memor,
753 1386 887 1414 omnes
899 1375 985 1415 suos
1001 1375 1140 1427 gressus
1159 1377 1309 1415 auribus
1325 1371 1392 1430 (b)
1405 1374 1576 1414 omnium
1592 1372 1666 1413 esse
1680 1374 1890 1426 expolitos.
1915 1375 2046 1428 Quot·

247 1440 346 1485 quot
369 1430 548 1472 custodes
562 1432 646 1473 sunt
663 1433 744 1474 five
759 1434 884 1484 domi,
911 1434 981 1475 sivi
999 1435 1092 1475 foris
1115 1444 1222 1475 extra
1235 1437 1416 1486 palatium
1434 1465 1445 1483 ‚
1477 1443 1670 1484 quotquot
1687 1432 1853 1487 Principi
1877 1435 1973 1475 intra
1989 1436 2044 1475 se-

243 1494 410 1532 cretiora
434 1492 595 1533 assistunt
610 1495 809 1534 conclavia
829 1524 841 1544 ,
872 1494 1035 1535 totidem
1056 1496 1320 1547 exploratores
1339 1495 1423 1534 sunt
1446 1504 1583 1532 eorum
1597 1522 1610 1542 ,
1641 1505 1724 1545 quae
1742 1492 1835 1534 facit
1855 1522 1869 1543 ‚
1899 1504 1964 1534 aut
1988 1494 2044 1535 di-

243 1554 319 1600 cit;
349 1552 469 1592 immo
496 1552 534 1592 &
555 1565 639 1604 quae
656 1555 783 1593 animo
800 1556 968 1605 cogitat,
1000 1558 1134 1594 attenti
1153 1555 1200 1594 ad
1220 1566 1354 1595 omnes
1369 1554 1465 1593 illius
1484 1551 1607 1604 gestus
1625 1582 1638 1601 ,
1667 1552 1714 1591 ad
1734 1554 1810 1593 oris
1832 1554 2041 1606 vultusque

246 1611 598 1652 conformationem
610 1612 648 1652 &
668 1622 831 1663 motum,
843 1615 980 1665 quibus
996 1626 1065 1653 cor
1083 1614 1158 1654 sese
1171 1615 1328 1667 prodit:
1356 1615 1409 1653 ita
1421 1613 1568 1664 semper
1588 1614 1722 1652 oculos
1731 1613 1818 1654 suos
1829 1613 1902 1666 (c)
1916 1615 1954 1653 in
1963 1614 2044 1664 ejus

241 1672 417 1711 manibus
429 1670 585 1710 *defixos
602 1672 756 1713 habent.
818 1673 941 1726 Quod
965 1673 993 1713 s1
1011 1675 1147 1713 vitium
1174 1673 1329 1725 aliquod
1351 1682 1489 1713 notent
1511 1673 1549 1712 in
1568 1671 1766 1724 Principe,
1784 1672 1931 1713 tametsi
1947 1672 2041 1712 diffi-

243 1733 388 1771 rnulare
403 1729 496 1769 illud
511 1729 549 1771 se
570 1729 716 1784 fingant
735 1760 747 1780 ,
779 1731 946 1783 prodere
968 1741 1097 1772 tamen
1124 1731 1286 1785 gestiunt
1305 1762 1318 1782 ,
1339 1740 1382 1770 ut
1398 1741 1461 1770 aut
1477 1730 1745 1782 prudentiores
1765 1732 1802 1772 &
1823 1733 1958 1781 intimi,
1974 1742 2042 1772 aut

241 1791 359 1831 zelofi
370 1791 485 1830 etiam
501 1791 725 1831 habeantur.
783 1790 863 1831 Hic
890 1804 989 1832 unus
1008 1793 1122 1832 alium
1136 1793 1307 1832 intuetur
1324 1820 1336 1841 ,
1366 1789 1404 1830 δε
1427 1788 1552 1842 palam
1570 1791 1701 1842 eloqui
1719 1802 1799 1831 non
1817 1792 1893 1832 ausl
1906 1822 1918 1841 ‚
1943 1792 2037 1832 nihil

241 1850 442 1901 loquendo
459 1878 473 1898 ‚
516 1852 726 1900 loquuntur
751 1849 934 1892 maxime.
1015 1850 1162 1890 Ebullit
1195 1859 1312 1900 atque
1339 1849 1469 1888 aestuat
1495 1849 1682 1890 secretum
1712 1852 1808 1891 intra
1830 1851 2041 1903 praecordia

241 1922 320 1963 prae
342 1909 511 1949 ferventi
531 1907 793 1949 manifestandi
819 1908 1028 1956 desiderio,
1044 1908 1171 1948 donec
1187 1908 1341 1948 tandem
1364 1907 1616 1959 supereffluat.
1677 1909 1842 1962 Linguas
1859 1911 1955 1964 ipsas
1970 1923 2046 1963 per·

242 1981 352 2009 aures
381 1969 545 2008 volitare
563 1967 721 2009 diceres.
781 1967 860 2008 Hic
892 1977 1058 2020 accepto
1081 1968 1217 2008 silentii
1242 1967 1477 2006 sacramento
1509 1966 1655 2005 revelat
1682 1968 1756 2016 illi,
1795 1969 1863 2009 iste
1884 1971 2041 2011 viciffim

243 2029 353 2069 alicui
378 2029 518 2075 alteri;
548 2039 628 2079 quo
658 2027 702 2068 fit
721 2058 736 2078 ,
766 2037 810 2067 ut
834 2027 926 2068 dum
954 2039 1071 2067 nemo
1091 2027 1182 2067 illud
1205 2029 1379 2079 ignorat,
1410 2026 1524 2066 sciant
1556 2036 1718 2065 omnes:
1749 2027 1847 2068 adeb
1866 2030 1970 2080 quast
2001 2032 2041 2070 in

240 2099 444 2129 momento
470 2086 703 2127 obtrectatio
725 2086 748 2127 ὲ
769 2088 952 2127 cubiculis
986 2087 1250 2127 secretioribus
1268 2087 1402 2137 migrat
1428 2087 1466 2124 in
1490 2085 1632 2123 culinas
1647 2114 1660 2133 ,
1689 2085 1778 2125 inde
1805 2088 1843 2127 in
1868 2089 2040 2140 plateas,

242 2148 282 2189 ἂι
306 2149 475 2199 compita
491 2147 658 2200 publica.
732 2147 839 2200 Quid
857 2146 976 2198 porro
991 2147 1127 2188 mirum
1141 2177 1155 2196 ‚
1185 2146 1214 2187 fi
1238 2146 1316 2186 hoc
1336 2146 1433 2184 inter
1453 2142 1683 2184 domesticos
1706 2145 1853 2187 accidat
1867 2178 1879 2196 ‚
1909 2147 1998 2189 cum
2017 2148 2038 2188 ὲ

243 2208 369 2260 seipsis
386 2209 500 2247 etiam
513 2207 597 2246 satis
611 2207 731 2247 securi
751 2207 946 2259 Principes
963 2218 1043 2246 non
1057 2207 1129 2247 sint
1145 2237 1158 2256 ,
1189 2206 1434 2258 quantumvis
1447 2205 1539 2245 vitia
1553 2203 1616 2242 sua
1632 2203 1668 2243 &
1685 2206 1903 2254 tyrannides
1919 2207 2042 2247 secte.

241 2278 279 2308 ta
295 2269 436 2308 habere
454 2269 627 2319 cupiant:
657 2278 744 2306 nam
770 2268 833 2307 vel
851 2265 1081 2306 conscientia
1100 2267 1256 2319 propria
1270 2277 1358 2305 reos
1374 2266 1460 2316 agit,
1478 2265 1534 2304 uti
1547 2261 1704 2303 Tiberio
1726 2268 1902 2319 contigit,
1920 2279 2037 2318 quem

240 2341 305 2367 non
310 2325 464 2378 fortuna
481 2357 494 2375 ,
522 2338 587 2367 mm
604 2323 803 2378 fiilitudines
815 2326 1066 2379 protegebant,
1100 2329 1183 2381 quin
1206 2332 1373 2366 tormenta
1382 2326 1534 2377 perraris
1551 2353 1565 2372 ,
1585 2320 1734 2377 fitasque
1757 2323 1948 2381 zpsepoenas
1966 2324 2034 2378 fa-

237 2394 385 2427 teretur.

355 2444 391 2496 §.
422 2444 702 2486 Verumtamen
717 2456 767 2485 ne
781 2448 909 2486 animo
926 2446 1062 2485 cadant
1082 2445 1275 2497 Principes
1298 2475 1311 2494 ‚
1341 2443 1369 2484 si
1385 2441 1489 2483 forte
1505 2440 1679 2483 industria
1702 2444 1764 2484 lua
1780 2457 1825 2484 ac
1842 2444 2033 2498 diligentia

238 2517 319 2546 non
334 2504 537 2545 videantur
561 2505 775 2545 satisfacere
803 2506 1007 2553 omnibus3
1038 2518 1148 2558 pares
1168 2506 1269 2545 enirn
1294 2503 1471 2544 omnibus
1492 2503 1566 2543 effe
1590 2515 1667 2543 non
1690 2504 1844 2556 poffunt
1861 2533 1875 2552 ,
1905 2517 2035 2557 neque

238 2576 407 2616 unquam
423 2564 840 2617 continget‚utpasfio,
857 2565 999 2606 invidia
1015 2596 1028 2616 ,
1059 2566 1096 2605 &
1114 2565 1314 2617 multiplex
1334 2565 1470 2616 populi
1486 2563 1668 2615 judicium
1692 2565 1729 2604 in
1754 2565 1832 2615 ejus
1857 2565 2031 2605 laudibus

238 2623 311 2664 rite
333 2625 570 2665 consentiant
587 2656 598 2675 ,
627 2625 751 2666 multe)
767 2627 891 2665 minus
915 2656 928 2674 ,
958 2634 1001 2665 ut
1025 2624 1175 2665 Natura
1197 2625 1280 2665 haec
1308 2622 1434 2664 nostra
1455 2634 1532 2664 tam
1559 2624 1747 2663 imbecilla
1765 2625 1905 2675 absque
1925 2624 2031 2664 defe-
2078 2658 2082 2663 .
2115 2653 2118 2688 .'

239 2682 305 2724 &tu
329 2684 367 2724 δε
408 2685 600 2724 erroribus
634 2686 673 2725 in
713 2686 891 2726 omnibus
925 2695 1119 2737 operetur.
1204 2683 1347 2736 Ecquis
1392 2685 1510 2737 magis
1538 2684 1651 2723 solers
1689 2696 1733 2723 ac
1772 2684 1950 2724 sollicitus
1992 2686 2032 2724 in

237 2741 396 2785 Mundo
422 2744 499 2785 hoc
514 2744 758 2795 illustrando,
790 2746 873 2797 quis
906 2745 1102 2797 perfectus
1137 2746 1273 2797 magis,
1301 2756 1344 2783 ac
1363 2745 1423 2783 ille
1448 2741 1578 2783 mundi
1594 2745 1729 2783 oculus
1747 2774 1759 2793 ,
1790 2743 1827 2783 &
1849 2743 2028 2796 Princeps

238 2804 333 2843 lucis
348 2834 361 2853 ‚
389 2803 457 2843 Sol
475 2805 629 2856 inquam
643 2835 655 2854 ‚
677 2807 742 2858 qui
758 2805 879 2858 ipsum
893 2803 968 2846 effe
988 2836 1001 2855 ‚
1031 2807 1202 2846 colorem
1225 2803 1263 2843 &
1280 2803 1602 2855 pulchritudinem
1629 2804 1743 2843 rebus
1763 2801 1945 2842 universis
1966 2804 2029 2843 tri-

236 2861 321 2902 buit
336 2863 355 2901 ?
384 2863 435 2903 Et
453 2874 580 2904 tamen
596 2864 724 2905 nescio
748 2878 841 2917 quas
863 2867 902 2906 in
921 2862 970 2905 eo
994 2866 1160 2906 maculas
1193 2863 1233 2904 &
1253 2864 1501 2904 obscuritates
1524 2861 1777 2915 deprehendit
1803 2861 1998 2902 curiositas
2015 2891 2032 2912 ,

237 2923 291 2963 nil
308 2921 544 2964 obstantibus
562 2925 788 2966 lucidissimis
811 2925 891 2975 eJus
912 2925 1036 2966 radiis.

352 2984 390 3034 §-
422 2984 551 3035 Atque
567 2983 634 3025 ista
665 2986 849 3038 Principis
869 2984 1082 3026 sollicitudo
1102 3013 1116 3034 ,
1144 2993 1188 3023 ut
1204 2984 1293 3023 vitae
1310 2982 1381 3022 suoe
1408 2982 1574 3023 rationes
1595 2978 1691 3032 juste
1714 2977 2030 3032 laudabiliterque

1927 3040 2029 3081 insti·

238 3117 2026 3133 -ᾑ--ψᾱῦ--ν--ῌῇψ--Μ-ξ-

342 3156 400 3203 (a)
425 3156 542 3194 Tacit.
568 3157 629 3194 lib.
652 3170 708 3207 14.
735 3159 866 3196 Annal.
917 3160 983 3208 (b)
1011 3162 1055 3194 Et
1082 3159 1199 3195 cinxit
1213 3154 1439 3195 intinnabilis
1451 3157 1569 3195 aureis
1567 3154 1745 3245 bplttrimis
1761 3157 1801 3193 in
1805 3167 1891 3208 gyro
1906 3182 1916 3197 ‚
1939 3153 2028 3192 dare

230 3204 385 3300 sspz'ltum
399 3209 438 3246 in
456 3208 657 3260 inceffiastto.
710 3211 803 3250 Eccl.
821 3222 883 3260 45,
900 3222 958 3250 10.
1010 3212 1066 3259 (c)
1095 3209 1194 3247 Oculi
1202 3209 1388 3257 strvomm
1407 3209 1445 3246 in
1467 3210 1568 3246 mani
1589 3220 1628 3245 us
1648 3207 1861 3266 dominorum
1869 3204 2023 3257 ,saeorum⁴

282 3271 300 3297 a
315 3283 325 3303 ι
346 3271 428 3301 122.
455 3275 491 3302 20
