2132 3730
253 226 312 275 ’88
689 217 1035 262 DIDACI
1088 217 1620 264 SAAVEDRAE

254 307 447 359 dijudicari
469 308 630 351 debent,
661 305 716 342 uti
745 303 794 343 de
809 302 966 343 Tiberio
985 302 1061 359 (a)
1082 301 1202 342 refert
1216 303 1372 344 Tacitus
1403 302 1479 357 (b)
1511 305 1652 356 Ibmezfi
1669 306 1794 359 legibus
1801 305 1904 358 saluti
1919 304 2056 357 sumus,

254 375 367 408 tamen
383 366 592 420 <dicebant
613 362 780 402 Severus
799 362 836 402 &
853 364 1045 403 Antonius
1063 361 1350 418 Imperatores)
1363 361 1544 415 sbcztnchzin
1557 367 1632 405 illas
1645 369 1811 406 vivimus.
1870 365 1969 406 Non
1988 366 2059 415 ob-⁹

251 428 342 480 ligat
362 426 575 475 Principem
590 424 649 461 vis
666 423 757 476 legis
782 422 940 476 praecise
962 422 1025 462 sed
1042 423 1160 471 ratio,
1192 424 1252 462 cui
1269 425 1427 473 innitur,
1458 423 1613 476 quando
1629 424 1696 465 ista
1711 426 1887 466 naturalis
1909 423 1985 472 est,
2015 425 2055 465 &

255 485 469 526 communis
494 483 692 533 omnibus,
720 494 799 523 non
822 484 1021 535 peculiaris
1044 482 1221 531 subditis,
1251 482 1299 522 ad
1321 485 1463 524 bonam
1477 483 1691 525 eorundem
1717 486 2057 538 gubernationem:

255 548 343 597 quia
365 546 402 583 in
420 544 484 583 tali
501 543 586 582 casu
608 544 735 596 legum
754 542 925 583 custodia
952 543 999 582 ad
1020 545 1098 584 hos
1120 543 1220 582 solos
1246 545 1432 594 pertinet3
1463 556 1702 596 quanquam,
1730 545 1759 585 fi
1791 557 1852 585 res
1881 543 2060 598 permise-

251 607 322 652 rit,
350 603 467 643 valde
498 604 706 644 conveniat
727 604 842 643 etiam
870 603 1084 656 Principem
1102 603 1145 641 iis
1162 601 1198 641 se
1218 601 1459 643 conformem
1478 616 1629 657 gerere,
1661 613 1705 644 ut
1739 603 1818 644 aliis
1841 603 1950 644 tanto
1978 603 2057 643 sua-

251 666 381 702 viores
409 663 492 707 fint.
555 663 595 702 In
622 661 692 702 isto
715 663 883 714 positum
909 662 1062 702 videtur
1092 661 1315 712 mysterium
1339 663 1505 703 mandati
1530 665 1653 712 illius,
1685 675 1765 715 quo
1789 662 1900 704 Deus
1935 675 2058 715 quon-

251 723 338 762 dam
360 725 544 775 praecepit
569 722 784 771 Ezechieli,
814 732 857 762 ut
886 725 1070 762 volumen
1096 722 1121 774 ζ
1130 723 1179 775 c)
1197 721 1440 771 comederet,
1469 733 1512 762 ut
1530 725 1708 764 nimirum
1726 722 1948 763 videntibus
1967 719 2060 772 aliis,

251 782 359 834 quod
384 783 462 834 ipse
484 785 628 835 primus
653 784 755 835 leges
784 781 1026 835 degustasset,
1057 782 1094 822 &
1122 781 1232 822 instar
1258 783 1379 822 mellis
1409 782 1539 823 dulces
1566 794 1749 836 expertus
1776 782 1890 832 esset,
1922 794 2059 823 omnes

252 842 361 882 tanto
386 842 533 883 facilius
552 841 649 882 istud
675 844 924 885 imitarentur.
986 842 1101 882 Adeo
1130 840 1286 892 subjecti
1312 841 1396 880 sunt
1425 840 1588 894 Legibus
1612 844 1748 896 Reges,
1769 843 1986 896 Hispaniae,
2015 850 2061 882 ut

250 899 379 942 Fiscus
412 904 449 942 in
466 903 592 942 cauffis
616 903 835 953 patrimonii
859 902 952 954 regii
985 902 1147 943 eandem
1178 903 1298 941 aleam
1327 901 1451 941 subire
1479 901 1640 952 debeat,
1671 915 1785 955 quam
1812 904 1937 954 quivis
1965 903 2061 942 alius

251 962 446 1010 subditus,
479 962 517 1002 ὅτ.
539 963 577 1001 in
599 961 684 1001 casu
704 960 824 1001 dubio
841 973 915 1014 pro
934 961 1193 1002 condemnato
1228 962 1425 1001 habeatur.
1485 960 1540 1000 Ita
1566 961 1692 1003 statuit
1717 963 1915 1015 Philippus
1944 961 1989 1001 II.
2019 961 2058 1001 δε

251 1021 340 1061 cum
369 1019 572 1072 aliquando
588 1020 760 1072 ejusdem
781 1020 925 1073 Nepos
955 1022 1153 1074 Philippus
1175 1019 1244 1060 IV.
1269 1020 1402 1061 Seren.
1426 1019 1574 1060 Vestrae
1596 1021 1707 1062 Pater
1742 1035 1872 1063 coram
1893 1022 2058 1073 praesens

251 1079 414 1128 adesset,
447 1080 539 1121 &in
563 1081 723 1121 consilio
747 1082 852 1134 regio
875 1081 1107 1134 singulorum
1140 1082 1431 1132 exquirerentur
1450 1080 1620 1133 suffragia
1642 1083 1681 1121 in
1703 1081 1827 1123 caussa
1860 1083 1982 1133 aliqua
2009 1080 2058 1120 ad

247 1139 450 1179 Cameram
476 1141 717 1192 pertinente,
747 1153 875 1193 neque
900 1142 938 1180 in
954 1141 1149 1193 Judicibus
1173 1142 1368 1193 integritas
1385 1139 1530 1190 defuit,
1563 1150 1627 1180 aut
1649 1140 1858 1181 constantia
1882 1141 1930 1180 ad
1953 1141 2063 1191 illum,

249 1199 616 1249 condemnandum,
646 1213 775 1252 neque
804 1202 842 1241 in
874 1201 990 1252 ipsius
1015 1198 1218 1252 Majestate
1251 1199 1443 1240 rectitudo
1471 1202 1605 1249 animi,
1637 1201 1684 1241 ad
1713 1200 1945 1242 audiendum
1973 1201 2060 1239 illos

247 1258 414 1312 benigne
440 1260 478 1300 ἃ
501 1261 645 1312 absque
666 1262 771 1300 omni
790 1262 1063 1313 indignatione.
1125 1259 1233 1301 Felix
1247 1260 1483 1315 Respublica
1504 1262 1542 1302 in
1570 1273 1644 1314 qua
1671 1260 1803 1305 cauffae
1827 1257 1902 1317 (d)
1917 1260 2059 1302 Princi-

248 1321 309 1372 pis
330 1319 530 1362 deterioris
550 1319 783 1362 conditionis
804 1322 902 1362 sunt.

589 1436 1398 1506 SYMBOLUM
1482 1438 1715 1506 XXII.

377 1566 523 1608 Ametfi
539 1567 673 1620 populi
692 1569 891 1608 consensus
911 1566 1059 1620 justitiae
1075 1569 1304 1621 potestatem
1326 1571 1532 1612 contulerit
1557 1573 1595 1611 in
1614 1570 1833 1621 Principes;
1859 1563 2060 1607 immedia-¹

243 1637 247 1642 ·
405 1629 479 1667 tius
508 1637 636 1667 tamen
674 1629 774 1666 illam
800 1627 822 1666 a
851 1628 942 1667 Deo
973 1630 1185 1680 recipiunt,
1215 1640 1395 1683 tanquam
1427 1630 1506 1681 ejus
1533 1632 1572 1670 in
1597 1629 1873 1682 temporalibus
1895 1625 2059 1669 vicarii.

402 1687 554 1738 Aquilae
579 1687 690 1738 regiae
709 1686 939 1738 sunt,Jovis
959 1686 1147 1735 Ministri,
1178 1693 1242 1739 qui
1259 1690 1416 1729 fulmina
1446 1690 1525 1740 ejus
1555 1688 1832 1737 administrant,
1863 1686 1901 1727 &
1927 1686 2061 1725 vieem'

246 1747 447 1794 sustinent,
479 1745 526 1785 ad
543 1744 784 1785 decernenda
807 1747 910 1786 vitiis
934 1742 999 1801 (e)
1032 1746 1233 1798 supplicia,
1265 1748 1304 1788 δι
1327 1748 1505 1799 justitiam
1539 1748 1814 1788 exercendam:
1846 1758 1921 1798 qua
1956 1746 1995 1784 in
2015 1755 2057 1784 re

245 1808 367 1847 tribus
387 1806 586 1858 praecipuis
605 1806 754 1857 Aquilae
781 1804 936 1845 dotibus
955 1818 1053 1857 opus
1069 1807 1234 1847 habent:
1264 1810 1360 1848 Acie
1380 1809 1581 1848 oculorum
1602 1807 1649 1847 ad
1671 1806 1809 1848 delicta
1825 1805 2060 1859 cognoscen-

249 1867 316 1906 da:
349 1867 488 1905 alarum
511 1866 688 1912 levitate,
718 1877 791 1915 pro
817 1866 1071 1913 executione,
1101 1867 1245 1904 robore
1260 1869 1469 1918 unguium,
1498 1879 1549 1906 ne
1572 1869 1611 1908 in
1636 1868 1699 1908 illa
1722 1866 1913 1907 deficiant.
1973 1860 2058 1916 (f)

247 1926 291 1965 In
319 1921 462 1965 receffu
480 1922 655 1962 Galaeciae
679 1926 831 1975 penitus
852 1921 1017 1962 abstruso
1042 1922 1079 1962 &
1104 1923 1237 1963 abdito
1267 1925 1437 1977 effugere
1459 1937 1538 1964 non
1560 1929 1690 1976 potuit
1714 1926 1940 1966 acutiffimos
1965 1934 2061 1962 ocu-

247 1987 307 2026 los
332 1985 448 2036 Regis
476 1982 664 2034 Alphonsi
691 1982 873 2036 Septimi,
903 1991 1166 2033 cognomento
1195 1982 1464 2036 Imperatoris,
1493 1984 1624 2034 inJ'uria
1656 1985 1717 2024 illa
1749 1996 1862 2035 quam
1884 1982 2059 2036 agricolae

250 2045 402 2085 cuidam
420 2043 597 2082 intulerat
613 2054 811 2083 nonnemo
831 2054 880 2081 ex
904 2041 1097 2093 Hispaniae
1119 2040 1354 2090 Nobilibus;
1385 2044 1476 2094 quin
1494 2044 1710 2094 incognitus
1729 2044 1821 2082 abiit
1845 2041 1868 2081 e
1888 2040 2054 2094 vestigio

248 2105 466 2156 sumpturus
489 2099 615 2141 abillo
636 2113 785 2153 poenas,
815 2102 1009 2140 celeritate
1038 2110 1162 2149 tanta,
1192 2110 1235 2140 ut
1263 2104 1368 2154 prius
1391 2103 1539 2140 homini
1565 2113 1698 2141 manus
1723 2100 1913 2152 injiceret,
1943 2111 2059 2153 quam

248 2166 314 2205 ille
340 2164 389 2203 de
410 2160 580 2201 adventu
601 2161 679 2212 ejus
698 2163 902 2213 quicquam
922 2160 1118 2200 resciscere
1136 2162 1320 2212 potuerit.
1385 2159 1423 2200 O
1443 2162 1576 2200 vivam
1596 2160 1634 2200 &
1650 2160 1846 2201 ardentem
1869 2161 1962 2214 legis
1981 2160 2058 2199 ani-

249 2222 372 2265 mam!
404 2221 562 2273 seipsum
586 2220 754 2273 judicem
794 2221 831 2260 &
865 2229 1114 2259 executorem
1141 2220 1393 2268 constituere,
1423 2230 1467 2260 ut
1497 2219 1714 2261 vindicetur
1746 2221 1878 2272 injuria
1907 2220 2056 2260 homini

248 2283 487 2337 pauperculo
513 2282 633 2329 illata,
665 2281 701 2321 δε
724 2283 761 2321 in
787 2282 958 2333 potentis
979 2279 1219 2330 tyrannidem
1238 2292 1314 2320 tam
1330 2279 1468 2320 acerbe
1484 2279 1798 2322 animadvertere.
1859 2279 1932 2333 (g)
1947 2279 2057 2320 Idem

245 2343 343 2384 fecit
358 2343 444 2380 Rex
460 2339 719 2380 Ferdinandus
741 2340 964 2380 Catholicus
984 2342 1048 2391 qui
1065 2352 1152 2380 cum
1176 2339 1379 2392 aliquando
1398 2339 1570 2380 Medinae
1588 2339 1723 2391 Campi
1749 2340 1926 2392 degeret,
1957 2341 2054 2379 clam

249 2402 516 2442 Salmanticam
536 2399 734 2452 profectus
750 2399 1046 2452 comprehendit
1068 2400 1306 2441 Rodericum
1327 2399 1617 2449 Maldonatum,
1649 2400 1714 2452 qui
1738 2401 1778 2439 in
1795 2398 1917 2439 castro
1935 2398 2058 2439 Mon-

250 2464 343 2503 leon
390 2463 573 2501 immanes
621 2460 841 2510 tyrannides
891 2461 1109 2499 exercebat.
1259 2460 1357 2513 Quis
1405 2459 1510 2513 leges
1542 2459 1750 2512 transgredi
1787 2459 1944 2499 auderet
1967 2489 1980 2509 ‚
2026 2456 2057 2499 fx

256 2522 406 2574 semper
435 2521 475 2560 in
514 2529 622 2559 metu
653 2518 775 2570 effet,
816 2532 866 2560 ne
897 2519 1015 2559 simile
1053 2518 1144 2572 quid
1181 2520 1249 2560 fibi
1285 2519 1514 2560 accideret?
1554 2519 1666 2560 Unus
1697 2517 1908 2560 istiusmodi
1953 2518 2059 2558 casus

247 2593 408 2634 regnum
460 2581 649 2631 integrum
699 2579 850 2620 erudire
911 2578 1040 2631 potest
1063 2609 1076 2627 ,
1124 2579 1163 2620 &
1210 2578 1283 2619 rite
1328 2592 1578 2632 componere.
1740 2581 1925 2620 Attamen
1972 2590 2053 2618 non
2115 2617 2118 2621 ,

248 2643 398 2693 semper
418 2639 577 2691 expedit
592 2638 834 2692 Majestatem
853 2641 993 2692 regiam
1010 2638 1191 2689 ejusmodi
1221 2641 1354 2679 imitari
1383 2642 1570 2693 exempla.
1628 2638 1798 2692 Quando
1835 2637 1950 2679 status
1977 2638 2056 2678 Re-

249 2704 313 2756 gni
329 2698 430 2741 bene
449 2698 647 2751 dispositus
662 2697 737 2748 est3
768 2699 923 2753 quando
945 2698 1075 2739 sedent
1089 2711 1160 2751 pro
1178 2700 1425 2740 tribunalibus
1444 2702 1633 2740 causarum
1659 2701 1906 2752 cognitores;
1937 2709 2053 2748 quan--

251 2763 305 2802 do
326 2763 431 2814 viget
461 2759 586 2799 adhuc
614 2761 741 2812 legum
762 2770 908 2809 metus,
938 2761 976 2799 in
1005 2771 1054 2798 eo
1073 2760 1158 2799 casu
1184 2760 1334 2810 sufficit,
1364 2760 1577 2813 Principem
1608 2760 1804 2800 elaborare
1834 2759 1874 2797 in
1903 2768 1978 2806 e0,
2010 2763 2054 2797 ut

250 2820 507 2861 ministrorum
529 2819 760 2859 adminiculo
779 2819 928 2872 justitiae
945 2820 1041 2858 ratio
1065 2819 1263 2864 habeatur⁴
1323 2821 1376 2860 At
1397 2819 1517 2868 verb,
1545 2820 1612 2859 ubi
1629 2821 1779 2860 turbata
1800 2817 1883 2857 sunt
1906 2818 2054 2867 omnia,

251 2879 407 2933 quando
419 2880 520 2931 jacet
544 2879 582 2920 &
599 2880 785 2933 spernitur
812 2881 929 2934 Regis
955 2878 1178 2929 authoritas,
1217 2879 1371 2931 quando
1397 2881 1550 2920 vacillat
1565 2879 1804 2927 obedientia,
1834 2877 1891 2915 uti
1907 2878 1976 2916 illis
1987 2875 2054 2916 fie-

1988 2935 2055 2976 bat
2121 2919 2123 2955 3

259 2996 515 3014 —n—n—-Q

351 3023 407 3067 (a)
432 3019 469 3055 Si
513 3018 625 3055 nando
644 3033 722 3056 cum
772 3021 911 3056 rivatis
940 3017 1278 3069 diſseptaretfhrum
1298 3018 1344 3062 ὠ·
1364 3020 1441 3067 jus.
1473 3022 1571 3057 Idem
1596 3020 1657 3056 lib.
1682 3031 1713 3054 1.
1730 3017 1862 3055 Annal.
1916 3018 1977 3065 (b)
2004 3018 2046 3054 L.

255 3087 289 3124 3.
309 3072 355 3110 C.
373 3073 417 3108 de
431 3030 526 3108 Teg.
574 3075 631 3115 (c)
655 3071 721 3108 Fili
762 3073 885 3110 ominis
903 3069 1034 3111 comede}
1055 3070 1217 3108 volumen
1233 3070 1334 3122 istud.
1390 3078 1434 3109 Et
1450 3071 1588 3110 ‘comedi
1603 3068 1689 3108 illud
1693 3083 1708 3113 ;
1732 3067 1777 3112 ὠ
1790 3068 1940 3120 fal't'um
1956 3067 2002 3120 cst
2015 3070 2055 3105 in

252 3139 310 3164 ore
325 3137 397 3163 meo
403 3121 498 3174 ficut
509 3120 580 3160 mel
590 3121 696 3160 dulce.
712 3125 771 3162 Ez.
794 3138 825 3173 3,
842 3137 872 3162 1.
885 3127 921 3163 &
939 3139 971 3172 3.
1025 3125 1086 3169 (d)
1111 3126 1200 3175 Qae
1202 3125 1323 3176 gloria
1335 3134 1402 3161 tua
1415 3124 1460 3177 est
1469 3126 1652 3178 pract‘pua,
1667 3120 1749 3174 steph
1765 3122 1927 3158 vincitur
1936 3119 2055 3166 Fistus,
2110 3136 2112 3143 ⁴

250 3180 348 3226 cujus
366 3176 465 3214 mala
486 3172 599 3221 caussa
611 3188 790 3227 nunquam
811 3175 876 3228 cst,
900 3174 1034 3226 nffifitb
1051 3174 1131 3213 bono
1146 3179 1314 3230 Principe.
1344 3177 1436 3214 Plin.
1455 3179 1493 3215 in
1515 3179 1600 3214 Pan.
1653 3176 1723 3221 (e)
1750 3175 1819 3211 Dei
1835 3175 1927 3211 enim
1948 3174 2054 3210 Mini-

242 3229 319 3284 ster
338 3228 402 3282 est:
425 3226 565 3266 vindex
576 3227 615 3263 in
631 3228 744 3268 iram,
770 3231 806 3265 ei
822 3232 882 3281 qui
897 3229 1031 3268 malum
1046 3230 1140 3284 agit.
1166 3232 1274 3268 Rom.
1300 3243 1358 3278 13.
1384 3244 1421 3280 4.
1473 3228 1540 3278 (f)
1564 3228 1655 3266 Mar.
1671 3226 1768 3273 2Hist.
1791 3226 1891 3277 Hisp.
1909 3225 1971 3264 lib.
1996 3232 2055 3269 10,

254 3295 332 3335 cap.
359 3297 392 3321 2.
441 3281 503 3331 (g)
528 3281 619 3318 Mar.
642 3278 733 3318 Hist.
751 3280 852 3330 Hisp,
