2132 3730
237 287 327 337 664
681 279 1028 322 D1DAc1
1080 256 1653 323 SAAVEDRAEss

242 343 1768 358 ΝΜ

233 370 385 410 efficere
408 374 544 405 conata
553 362 630 412 est,
662 362 775 415 quam
792 363 1005 415 prudentia.
1064 363 1215 404 Virium
1230 367 1320 404 loco
1336 366 1464 417 itaque
1482 365 1660 405 calliditas
1680 360 1910 406 succedat&
1931 362 2023 406 astu·

229 431 281 469 tia
297 459 308 478 ,
339 427 375 466 &
392 426 461 464 hac
477 425 670 471 vincatur,
702 422 809 474 quod
830 422 900 463 illis
917 435 996 463 non
1011 421 1150 475 potest.
1204 423 1282 477 (a)
1312 425 1480 477 Quando
1499 425 1736 478 temporibus
1755 424 1936 465 Roderici
1950 425 2025 464 Re-

227 490 283 541 gis
307 486 434 525 Mauri
457 495 507 523 ex
532 483 662 523 Africa
679 481 898 534 Hispaniam
923 485 1030 522 armis
1053 482 1124 521 suis
1142 481 1384 534 infestarunt,
1414 484 1576 525 Murciae
1604 484 1809 526 Praefettus
1833 485 1871 524 in
1894 485 2025 536 praelio

230 545 417 598 quodam,
442 544 481 583 in
508 555 587 595 quo
611 551 693 582 tota
710 543 876 582 civitatis
892 544 989 582 illius
1007 541 1201 582 Nobilitas
1226 543 1433 592 occubuit,
1463 545 1586 585 victus
1604 545 1697 593 fuit,
1729 544 1765 584 &
1782 543 1964 593 foeminae,
1984 555 2027 583 re

229 614 451 656 comperta,
483 604 522 642 in
556 604 653 642 virili
684 603 817 642 habitu
839 602 876 641 δε
903 605 1013 642 armis
1036 601 1169 641 cintrae
1194 613 1263 654 per
1291 602 1394 641 urbis
1422 615 1550 643 muros
1576 606 1610 644 se
1649 601 1886 657 disposuere,
1916 602 2024 655 quod

225 666 314 705 cum
336 675 480 716 magnae
507 662 758 703 multitudinis
775 661 941 714 speciem
958 662 1193 715 praebuiffet,
1223 660 1270 701 ad
1280 659 1456 701 honestas
1481 664 1720 704 conditiones
1737 663 2030 703 victoresMau-

224 737 288 764 ros
312 724 483 764 adduxit.
543 721 744 763 Eduardus
762 722 933 776 Quartus
956 724 1102 776 Angliae
1126 722 1215 761 Rex
1232 721 1362 761 dicere
1389 722 1554 771 solebat,
1585 722 1764 763 Carolum
1795 734 2029 775 cognomen-

223 794 267 823 to
288 784 509 837 Sapientem
535 782 700 823 Franciae
717 782 867 835 Regem
890 781 1000 822 nullis
1034 780 1255 822 instructum
1282 780 1414 830 armis,
1442 782 1529 822 solis
1555 783 1671 822 literis
1702 785 1874 835 graviora
1896 793 2030 822 contra

221 844 435 884 semovere
455 843 575 892 bella,
607 842 720 894 quam
742 852 807 882 aut
831 842 941 882 Pater
971 842 1050 894 ejus
1066 872 1078 892 ,
1108 852 1174 880 aut
1188 841 1299 879 Avus
1325 842 1436 880 armis
1456 840 1640 882 feciss'ent.
1701 842 1857 883 Ferrum
1883 841 1920 882 &
1950 844 2027 894 gla-

221 903 307 944 dius
323 905 454 956 paucis
480 905 517 942 in
537 904 630 943 locis
654 905 734 942 vim
752 902 855 942 suam
870 901 1023 954 possunt
1041 911 1248 948 exercere,
1279 901 1395 939 solers
1413 912 1539 941 rerum
1562 902 1773 954 negotiatio
1797 901 1922 940 ubivis
1951 901 2027 940 effi-

221 976 309 1004 cere
333 961 460 1016 potest
478 961 697 1015 plurimum.
757 961 850 1001 Nec
863 959 980 1000 refert
999 960 1193 1011 Principes
1215 958 1340 998 abess'e
1361 971 1406 998 ac
1428 960 1562 1001 distare
1577 962 1720 1001 interse
1738 960 1914 1013 longius?
1934 960 2029 999 ficut

220 1026 322 1064 enirn
357 1024 513 1062 arbores
543 1023 676 1062 mediis
700 1021 889 1061 radicibus
916 1021 1202 1059 communicant
1238 1020 1336 1058 inter
1363 1018 1428 1068 se,
1458 1019 1496 1059 &
1528 1022 1711 1060 uniuntur
1738 1022 1904 1060 invicem
1924 1049 1936 1068 ,
1966 1019 2028 1058 sua

220 1083 354 1136 agendi
376 1084 416 1122 vi
436 1084 662 1134 perlargum
690 1082 804 1120 etiam
825 1081 984 1132 spatium
1001 1079 1156 1127 diffusa,
1185 1079 1237 1118 ita
1261 1079 1311 1118 illi
1330 1090 1397 1130 per
1413 1078 1499 1118 suos
1516 1078 1685 1132 Legatos
1702 1080 1739 1120 δε
1757 1079 1909 1120 artificia
1929 1091 2030 1130 quae-

218 1143 306 1183 dam
328 1144 479 1182 occulta
495 1141 667 1194 praestare
689 1140 790 1180 idern
814 1149 1010 1191 poterunt.
1078 1139 1190 1178 Vires
1215 1140 1353 1177 alienas
1369 1139 1447 1178 suas
1471 1140 1664 1191 ingenium
1683 1140 1796 1179 efficit
1822 1140 1917 1179 inito
1939 1150 2028 1179 cum

218 1205 359 1242 exteris
384 1201 553 1249 foedere,
585 1202 799 1250 communis
832 1200 1005 1238 utilitatis
1029 1200 1178 1237 intuitu.
1242 1197 1277 1237 E
1301 1199 1456 1250 privato
1484 1201 1611 1250 aliquo
1643 1200 1821 1238 cubiculo
1849 1200 1931 1250 plus
1952 1198 2028 1237 effi-

220 1274 310 1302 cere
333 1262 514 1314 Princeps
535 1262 702 1313 poterit‚
733 1259 846 1311 quam
869 1261 908 1300 in
924 1257 1123 1310 campestri
1142 1269 1244 1309 agrO.
1306 1258 1394 1297 Rex
1418 1257 1616 1311 Philippus
1637 1258 1836 1298 Secundus
1854 1257 2027 1297 Madrito

218 1323 373 1362 disceffit
392 1334 608 1373 nunquam,
638 1320 675 1359 &
695 1321 829 1359 orbem
847 1321 885 1357 in
908 1329 1015 1358 metu
1035 1317 1073 1356 &
1092 1317 1313 1356 obedientia
1329 1319 1529 1357 continuit.
1591 1318 1719 1372 Magis
1738 1317 1938 1372 prudentia
1949 1329 2027 1356 me-

217 1383 405 1422 tuendum
425 1383 462 1421 se
483 1381 597 1429 fecit,
629 1378 743 1431 quam
759 1380 897 1418 virium
917 1379 1072 1416 robore.
1134 1376 1285 1415 Infinita
1300 1377 1588 1428 propemodum
1607 1380 1669 1418 illa
1678 1378 1732 1418 est
1747 1376 1927 1430 potestas,
1942 1388 2027 1428 quae

218 1440 396 1482 industria
414 1442 543 1480 utitur.
563 1438 815 1480 Archimedes
824 1446 950 1476 totum
971 1437 1194 1475 huncterrae
1212 1444 1329 1486 atque
1338 1447 1446 1486 aquae
1458 1437 1616 1489 globum
1630 1439 1812 1478 machinis
1828 1437 1899 1477 suis
1917 1448 2022 1475 corn-

217 1511 414 1541 moturum
450 1500 486 1539 se
519 1499 737 1546 dictitabat,
770 1497 797 1536 si
824 1495 932 1535 extra
967 1495 1105 1534 alicubi
1134 1493 1298 1545 pedibus
1328 1494 1455 1544 poss‘et
1491 1495 1708 1536 consistere.
1784 1496 1874 1535 Una
1905 1495 2028 1546 aliqua
2093 1514 2107 1534 .-

215 1561 366 1614 grandis
390 1559 620 1599 Monarchia
637 1558 800 1609 generali
823 1557 925 1594 orbis
952 1557 1069 1592 totius
1095 1553 1268 1591 dominio
1286 1551 1399 1591 facile
1416 1555 1629 1603 potiretur,
1661 1555 1688 1595 sl
1707 1554 1754 1593 ad
1771 1557 1872 1594 vires
1890 1567 1946 1593 ars
1961 1555 2024 1594 ali-

216 1633 291 1671 qua
310 1631 424 1671 atque
439 1617 616 1658 industria
637 1615 863 1660 accederet,
896 1612 1003 1664 quod
1026 1621 1067 1651 ut
1092 1623 1141 1650 ne
1159 1610 1244 1658 fiat,
1277 1612 1464 1662 permittit
1488 1615 1653 1664 primum
1669 1613 1760 1654 illud
1779 1613 1934 1654 Mobile
1957 1614 2026 1654 lm-

214 1681 430 1733 periorum,
462 1688 504 1717 ut
523 1677 665 1728 magnis
684 1673 886 1726 prudentia
905 1671 1057 1712 deficiat
1072 1700 1083 1718 ,
1115 1671 1153 1710 &
1171 1672 1209 1709 in
1231 1671 1405 1721 potentia
1429 1673 1558 1711 omnia
1583 1673 1652 1712 fita
1678 1674 1916 1713 arbitrentur.
1950 1672 2024 1727 (h)

217 1739 395 1792 Pleraque
411 1735 583 1788 irzszmmm
596 1733 751 1787 fbrtmzcz
767 1729 919 1784 auspiciis
947 1731 998 1777 ἐξ)
1020 1729 1157 1783 coffiliis
1177 1732 1304 1783 magis,
1335 1729 1439 1784 qztc‘zm
1455 1731 1530 1772 tells
1554 1731 1605 1777 ἐξ)
1629 1732 1784 1773 manibus
1808 1735 1886 1786 geri
1905 1729 2022 1784 sblelzt.

213 1798 343 1852 AEque
366 1797 576 1850 periculosa
599 1794 652 1834 est
675 1794 850 1846 potentia
873 1804 959 1832 cum
979 1791 1214 1838 temeritate,
1245 1801 1289 1829 ac
1304 1791 1499 1830 temeritas
1524 1792 1670 1845 absque
1691 1795 1876 1845 potentia.

383 1857 416 1909 §²
447 1857 551 1896 Bella
569 1856 728 1907 plurima
746 1855 842 1893 inter
859 1851 1052 1904 Principes
1072 1849 1304 1889 Christianos
1334 1848 1512 1891 industria
1541 1849 1666 1904 aliqua
1689 1854 1822 1892 evitari
1852 1849 2025 1904 possent,

215 1927 254 1957 at
279 1916 464 1968 judicium
491 1916 627 1955 damna
643 1924 708 1954 aut
721 1925 801 1953 non
817 1912 1007 1963 agnoscit,
1040 1922 1113 1951 nec
1137 1910 1319 1949 decentes
1346 1911 1489 1962 reperit
1517 1912 1782 1961 conditiones,
1813 1913 1949 1963 quibus
1977 1921 2023 1950 ea

217 1978 271 2017 sat
290 1986 456 2023 caveat;
486 1986 549 2015 aut
580 1975 640 2014 illa
665 1985 744 2013 non
771 1970 945 2020 aestimat‚
976 1967 1169 2011 excoecata
1196 1981 1267 2021 per
1291 1970 1541 2011 ambitionem
1569 1969 1793 2024 prudentia;
1824 1981 1888 2011 aut
1912 1970 2025 2010 animi
2090 1971 2092 1973 ’

215 2035 332 2078 fastus
355 2036 559 2088 gloriosum
583 2035 689 2073 ducit
715 2031 818 2071 ultro
846 2043 891 2070 ea
924 2030 1068 2076 subii-<33
1100 2029 1278 2080 adeoque
1300 2028 1429 2068 fucata
1457 2031 1545 2070 belli
1573 2032 1692 2083 gloria
1719 2032 1754 2070 se
1778 2032 1861 2070 sinit
1881 2030 2021 2081 abripi:

217 2096 326 2148 quod
341 2096 429 2135 cuni
450 2095 493 2134 sit
516 2092 616 2134 actio
652 2091 825 2144 quaedam
845 2089 1020 2143 publica,
1050 2088 1072 2129 ὲ
1096 2101 1171 2141 qua
1197 2090 1411 2128 communis
1450 2093 1620 2130 omnium
1651 2090 1847 2143 dependet
1877 2089 2027 2128 conser-

216 2156 345 2204 vatio,
373 2151 574 2194 mensurari
588 2164 668 2192 non
686 2151 803 2191 debet
823 2151 997 2189 inanibus
1022 2148 1309 2188 existimationis
1340 2148 1505 2198 umbris,
1534 2150 1599 2189 sed
1623 2150 1838 2189 commodis
1865 2148 1901 2188 δε
1925 2147 2023 2188 utili-

218 2215 358 2255 tatibus
375 2215 554 2267 publicis:
584 2214 636 2252 ita
657 2221 805 2260 tamen,
827 2219 870 2249 ut
890 2209 1035 2249 nullum
1061 2210 1212 2247 interim
1233 2207 1277 2246 fit
1292 2207 1481 2257 medium,
1512 2208 1620 2262 quod
1637 2209 1684 2248 ad
1706 2209 1926 2248 evitandum
1943 2209 2024 2248 bel-

217 2277 297 2315 lum
321 2276 499 2326 Princeps
523 2286 602 2313 non
630 2272 869 2323 experiatur,
899 2280 1034 2309 omnes
1062 2279 1248 2307 amovens
1281 2268 1524 2321 occafiones,
1556 2280 1760 2321 antequam
1798 2268 2023 2316 nascantur,

217 2335 256 2375 &
278 2334 305 2374 s1
324 2335 485 2374 subortae
503 2336 579 2384 jam
598 2331 759 2379 fuerint,
793 2341 928 2368 eorum
954 2329 1023 2368 fibi
1038 2330 1257 2366 voluntates
1283 2328 1461 2366 conciliet
1478 2358 1490 2376 ‚
1521 2330 1585 2379 qui
1617 2328 1773 2368 consilio
1800 2328 1867 2366 suo
1887 2338 2023 2379 pacem

216 2404 454 2448 promovere
471 2391 641 2444 possunt:
673 2392 835 2442 inquirat
856 2388 981 2428 media
1007 2388 1132 2426 suavia
1149 2384 1195 2423 ad
1213 2383 1513 2424 conservandam
1546 2388 1771 2426 amicitiam:
1803 2384 1949 2425 hostem
1965 2387 2021 2425 in-

218 2464 275 2494 tra
299 2453 335 2492 &
354 2463 460 2493 extra
481 2453 586 2491 suum
609 2452 786 2502 Regnum
806 2447 962 2499 fatiget:
994 2445 1148 2484 consilia
1171 2443 1341 2494 ejusdem
1369 2445 1640 2494 praevertendo
1655 2475 1668 2495 ,
1699 2445 1736 2485 δι
1762 2445 1961 2485 societates
1976 2457 2022 2484 ac

215 2513 360 2554 foedera
383 2525 470 2552 cum
490 2513 568 2551 aliis
593 2509 824 2550 defenfionis
852 2504 964 2546 causa
987 2504 1217 2551 sanciendO,
1248 2512 1394 2542 metum
1418 2504 1452 2542 ei
1483 2504 1633 2555 injiciat.
1692 2506 1823 2556 Atque
1856 2503 1930 2544 istis
1953 2505 2023 2544 hu·
2083 2520 2085 2525 ’

216 2576 337 2615 manis
376 2571 510 2612 mediis
535 2570 663 2610 divina
689 2571 803 2607 etiam
832 2568 963 2619 Jungat
988 2565 1148 2604 subsidia
1182 2564 1400 2602 orationum
1428 2562 1465 2602 &
1493 2563 1781 2614 sacrificiorum,
1813 2564 2024 2616 summique

214 2632 441 2681 Pontificis,
471 2641 651 2681 tanquam
684 2628 897 2668 communis
935 2624 1234 2681 Christianorum
1269 2622 1413 2671 Patris,
1444 2633 1571 2663 utatur
1615 2621 1762 2676 opera,
1794 2622 1937 2663 sincere
1975 2621 2024 2662 ad

215 2693 339 2746 ipsum
359 2691 563 2732 referendo
586 2689 635 2730 de
661 2689 787 2728 animo
808 2687 875 2726 suo
900 2686 937 2726 &z
965 2684 1153 2724 desiderio
1176 2683 1460 2733 *tranquillitatis
1485 2685 1648 2736 publicae
1663 2713 1676 2731 ,
1705 2682 1754 2723 de
1782 2693 1942 2735 accepta
1964 2684 2020 2722 in*

214 2752 331 2806 juria,
363 2762 426 2803 aut
457 2751 688 2798 rationibus,
718 2749 856 2799 quibus
880 2746 958 2798 ipse
986 2753 1167 2784 movetur
1194 2741 1239 2780 ad
1274 2754 1374 2781 arma
1398 2743 1602 2795 capienda,
1630 2742 1698 2783 nifi
1722 2741 1790 2782 fibi
1818 2741 1890 2783 rite
1921 2743 2022 2781 satis.

216 2812 297 2854 fiat.
357 2808 474 2850 Unde
494 2807 609 2850 relata
625 2807 743 2861 porro
770 2803 882 2847 causa
904 2806 950 2845 ad
970 2806 1172 2856 collegium
1197 2801 1471 2852 Cardinalium‚
1502 2803 1539 2843 δι
1556 2799 1779 2854 interposita
1793 2800 2018 2842 auctoritate

217 2871 327 2912 Sedis
353 2869 606 2922 Apostolicae,
637 2877 701 2908 aut
731 2867 850 2919 reipsa
871 2866 918 2905 ad
948 2877 1050 2905 arma
1072 2876 1151 2905 non
1180 2863 1396 2911 veniretur,
1429 2872 1493 2903 aut
1522 2863 1702 2915 Princeps
1737 2862 1883 2902 causam
1913 2861 2018 2902 suam

217 2932 357 2973 Romae
377 2939 576 2982 purgaret,
605 2930 672 2969 ubi
691 2927 853 2967 tribunal
878 2924 954 2975 est,
984 2926 1022 2964 in
1045 2937 1123 2977 quo
1143 2922 1360 2973 Principum
1382 2921 1465 2962 atta
1498 2922 1715 2977 dijudicari,
1745 2921 1782 2961 ἃ
1806 2922 1890 2961 lites
1920 2919 2022 2959 decia

216 2992 257 3032 di
275 2991 431 3031 debent.
491 2986 583 3028 Nec
609 2989 690 3027 haec
717 2988 866 3040 ignavia
882 2986 958 3034 est,
991 2984 1053 3024 sed
1069 2981 1299 3036 generositas
1328 2982 1502 3035 quaedam
1544 2981 1772 3030 Christiana,
1805 2980 1843 3020 δι
1871 2980 2020 3019 cautela

216 3052 376 3105 politica
395 3048 443 3089 ad
468 3046 687 3097 Nationurn
705 3048 850 3087 animos
871 3047 910 3086 in
939 3046 1102 3084 amicitia
1121 3041 1365 3093 retinendos,
1395 3042 1433 3083 ὅτ.
1469 3043 1660 3085 cavendas
1686 3041 1943 3080 aemulationes
1973 3050 2019 3078 ac
2044 3064 2046 3067 .

217 3110 387 3161 foedera,
417 3120 502 3161 quae
527 3118 576 3147 ex
597 3107 730 3146 iisdem
747 3108 931 3147 oriuntur.

324 3195 383 3240 (a)
407 3192 499 3228 Mar.
515 3187 605 3226 Hist.
621 3186 719 3236 Hisp.
738 3187 762 3224 l.
779 3188 816 3227 6.
837 3199 869 3226 e.
883 3199 945 3234 24.
996 3185 1057 3232 (b)
1082 3183 1168 3219 Tac.
1187 3181 1249 3220 lib.
1271 3195 1329 3231 13.
1345 3183 1476 3221 Annal.

1815 3311 2017 3381 SYM—
