2132 3730
268 200 354 248 '128'
723 192 1663 248 DIDACISQJAVEDRAE

666 387 710 455 S
741 387 1318 462 YMBOLUM
1360 392 1627 463 XXXII.

397 1939 453 1979 dit
469 1937 752 1991 pulcherrimus
770 1937 834 1978 ille
850 1941 1057 1992 margaritae
1078 1948 1220 1991 partus.
1278 1941 1415 1981 Nemo
1432 1950 1576 1982 tantam
1592 1943 1673 1993 ejus
1688 1945 1916 1996 elegantiam
1934 1944 1983 1983 >ab
1995 1954 2062 1982 ex»

397 1999 528 2039 teriori
547 1997 673 2038 forma
690 2007 768 2038 tam
782 1997 867 2038 rudi
893 1998 930 2039 δι
950 2000 1125 2051 impolita
1144 1999 1366 2051 conjiceret.
1427 2000 1546 2040 Haud
1566 2001 1673 2041 aliter
1686 2001 1812 2042 sensus
1840 2002 1921 2042 falli
1937 2002 2063 2042 solent

248 2061 288 2101 in
315 2058 510 2100 affionum
523 2059 759 2099 exteriorum
776 2060 952 2098 examine
972 2058 1001 2099 fi
1013 2058 1223 2100 secundum
1237 2062 1419 2101 extimam
1433 2070 1560 2100 rerum
1578 2059 1718 2099 faciem
1730 2058 1905 2110 judicent
1926 2060 2065 2110 solum,

244 2131 321 2160 nec
345 2119 393 2159 ad
418 2119 599 2159 interiora
623 2127 841 2169 penetrent.
904 2117 1059 2158 Veritas
1083 2119 1131 2158 ab
1158 2120 1344 2171 opinione
1372 2131 1454 2159 non
1486 2117 1648 2170 pendet.
1707 2119 1943 2172 Aspernetuf
1974 2132 2064 2161 eam

246 2179 452 2231 Princeps3
481 2178 510 2218 s1
526 2176 549 2217 ὲ
564 2178 720 2217 rationis
736 2177 957 2229 praescripto
978 2177 1092 2231 egisse
1111 2178 1147 2218 se
1165 2179 1269 2224 sciat,
1324 2177 1438 2218 Nihil
1459 2186 1696 2231 magnopere
1713 2178 1873 2220 arduum
1891 2188 1956 2220 aut
1980 2181 2062 2219 exi-

246 1864 510 2015 COncha
524 1878 575 1920 de
594 1890 683 1922 rore
697 1880 783 1922 coeli
802 1876 996 1934 concipit,
1027 1877 1066 1921 &
1087 1882 1127 1921 in
1142 1876 1399 1923 canaidimmo
1412 1882 1493 1933 ejus
1506 1877 1591 1925 finu
1606 1879 1769 1925 nastitur
1781 1909 1797 1935 ,
1827 1882 1867 1925 δε
1883 1881 1961 1925 sese
1973 1891 2064 1937 pro·-

247 2240 369 2281 mium
389 2237 547 2278 audebit
564 2237 741 2290 aggred-i,
771 2236 800 2277 fi
820 2236 867 2276 ad
882 2237 1028 2279 sensum
1043 2239 1148 2287 vulgi
1162 2251 1252 2278 cum
1278 2247 1385 2280 metu
1403 2238 1472 2278 suo
1490 2239 1585 2278 velit
1602 2238 1641 2277 iu
1660 2236 1979 2279 deliberationem
1993 2239 2062 2279 de-
2128 2267 2132 2296 ,²

246 2298 442 2340 scendere.
503 2297 547 2337 In
562 2296 766 2350 semetipso
782 2297 819 2336 se
839 2306 1005 2349 quaerat;
1033 2310 1114 2338 non
1131 2299 1169 2338 in
1196 2299 1287 2339 aliis.
1346 2297 1548 2350 Regnandi
1570 2309 1627 2336 ars
1648 2297 1701 2335 ob
1724 2306 1862 2338 tenues
1879 2296 1964 2337 istas
1980 2300 2060 2338 exi-

246 2357 472 2399 stimationis
486 2357 640 2397 umbras
657 2357 878 2397 conturbari
894 2359 932 2397 se
949 2367 1031 2398 non
1053 2358 1151 2402 finit.
1208 2358 1252 2397 ln
1275 2355 1341 2397 illo
1357 2358 1467 2410 Rege
1487 2358 1570 2397 haec
1598 2356 1718 2407 major
1736 2355 1813 2405 est,
1846 2358 1911 2409 qui
1932 2360 2060 2410 pacis,

249 2418 419 2469 bellique
440 2426 539 2456 artes
555 2415 628 2456 rite
651 2416 841 2456 moderari
863 2420 1030 2458 noverit.
1099 2417 1352 2457 Subditorum
1377 2418 1504 2457 honos
1533 2415 1555 2457 ὲ
1580 2428 1810 2468 quacunque
1832 2427 1874 2456 re
1904 2429 2061 2458 naevurn

247 2477 462 2524 contrahit3
491 2477 556 2516 ille
581 2485 710 2516 autem
739 2476 857 2530 Regis
890 2489 979 2517 cum
1009 2476 1203 2517 benefici0
1237 2478 1395 2530 publico
1435 2475 1661 2529 conjunctus
1689 2474 1763 2515 est:
1794 2476 1956 2516 durante
1980 2478 2060 2517 hoc

246 2536 409 2585 crescit3
439 2537 642 2577 imminuto
663 2537 805 2580 interit.
865 2534 1043 2577 Nimium
1064 2539 1178 2577 etiam
1203 2537 1363 2577 haberet
1389 2538 1549 2588 periculi
1575 2534 1827 2589 gubernatio,
1846 2535 2062 2576 fundatam

248 2595 396 2652 legibus
417 2595 704 2636 existimationis
726 2594 748 2635 a
768 2597 847 2636 levi
868 2598 989 2649 vulgo
1019 2596 1210 2641 institutis.
1269 2596 1411 2636 Earum
1438 2595 1699 2649 despicientia,
1733 2597 1848 2635 animi
1873 2599 2061 2649 magnitu-

247 2657 326 2708 do,
356 2656 396 2697 &
418 2654 629 2696 constantia
653 2653 708 2695 est
728 2657 766 2695 in
782 2655 977 2709 Principe,
1008 2656 1077 2696 etfi
1103 2660 1176 2710 pro
1195 2658 1367 2709 suprema
1383 2655 1467 2708 lege
1489 2650 1582 2696 salua
1599 2655 1738 2707 Populi
1774 2653 1844 2699 est.
1904 2655 2058 2695 Gloria-

246 2717 359 2757 batur
381 2717 482 2774 *olim
493 2717 538 2756 in
556 2715 700 2756 Senatu
717 2714 915 2765 Tiberius,
945 2716 1023 2769 (a)
1056 2716 1162 2769 quod
1180 2714 1461 2770 fflnfion'umpro
1482 2716 1631 2757 utilitate
1638 2714 1779 2767 publica
1805 2727 1873 2755 non
1887 2715 2062 2770 pavidam

247 2777 286 2817 se
302 2777 516 2816 exhiberet.
574 2777 736 2816 Animus
759 2774 910 2816 ereetus
941 2776 980 2816 &
1011 2778 1134 2817 alacer
1151 2778 1320 2817 incertos
1339 2777 1441 2829 vulgi
1457 2782 1653 2824 rumores,
1686 2775 1725 2814 &
1758 2773 1900 2815 famam
1931 2786 2060 2826 popu-

247 2837 367 2877 larem
389 2838 442 2876 nil
461 2837 611 2875 metuit.
669 2835 751 2889 Qui
774 2837 926 2876 inanem
941 2836 1081 2889 spernit
1098 2837 1276 2890 gloriam,
1293 2846 1385 2876 vera
1405 2836 1598 2888 solidaque
1612 2834 1769 2875 fruetur.
1831 2833 1930 2873 Non
1952 2834 2060 2886 igno-2

247 2896 356 2937 rabat
380 2895 420 2934 id
443 2893 581 2935 Fabius
612 2894 833 2946 Maximus,
863 2905 953 2937 cum
974 2897 1129 2937 salutem
1148 2896 1341 2949 'publicam
1367 2897 1606 2944 rumoribus,
1635 2894 1673 2935 &
1690 2893 1851 2945 querelis
1876 2894 1980 2946 vulgi
1996 2906 2061 2933 ana

247 2964 478 3009 reponeret,
510 2957 575 3005 qui
605 2955 822 2996 tarditatem
846 2957 926 3007 ejus
959 2957 1172 3003 incusabat;
1202 2955 1258 2994 uti
1289 2955 1327 2994 &
1364 2967 1522 3010 magnus
1549 2956 1612 2995 ille
1642 2954 1736 2995 Dux
1760 2953 1799 2991 in
1829 2955 2057 3004 captivitate

248 3016 374 3058 Ducis
397 3010 464 3070 (b)
495 3012 711 3065 Valentini,
742 3017 807 3068 qui
826 3016 895 3056 etsi
916 3016 991 3056 sese
1018 3017 1114 3056 illius
1137 3014 1377 3056 commislffet
1405 3015 1606 3068 potestati,
1634 3012 1829 3063 fidemque
1850 3011 2060 3053 securitatis

247 3076 443 3131 publicam
457 3074 502 3114 ab
516 3083 566 3113 eo
584 3073 805 3127 accepisset,
834 3086 995 3129 propter
1018 3077 1187 3116 occultas
1206 3084 1332 3116 tamen
1354 3077 1593 3123 molitiones,
1624 3084 1716 3125 quas
1732 3071 1861 3114 denuo
1881 3073 2059 3113 illumati-=

1973 3144 2058 3172 ver«

346 3268 405 3316 (a)
430 3265 546 3303 Tacit.
566 3264 626 3303 lib.
645 3279 680 3315 4.
700 3266 830 3305 Annalt
880 3267 942 3313 (b)
967 3265 1059 3305 Mar.
1077 3263 1165 3303 Hist.
1183 3265 1282 3317 Hisp.
1301 3263 1366 3304 lib.
1380 3271 1441 3310 28.
1460 3277 1533 3316 cap.
1563 3270 1596 3309 82
