2132 3730
437 302 1476 369 &SYMBOLAPOLJTJCA
1805 320 1892 370 ως

279 387 314 439 §.
346 386 480 428 Solent
497 387 690 441 Principes
703 385 808 442 pacis
831 398 1006 444 tempore
1026 387 1137 432 facile
1161 394 1244 431 loca
1265 393 1436 444 quaedam
1453 396 1654 442 munitiora
1678 393 1700 434 ὲ
1723 395 1793 434 suis
1813 403 1891 434 ma-

105 448 219 488 nibus
239 446 429 487 dimittere
441 476 453 496 ,
493 449 599 498 quod
607 451 805 501 ingruente
821 450 953 502 postea
972 450 1075 492 bello
1087 451 1150 491 feci
1167 452 1280 491 seritis
1298 453 1508 504 deplorant.
1568 451 1777 493 Necessitas
1796 464 1889 505 prae-

103 506 188 546 sens
206 507 432 558 praeteritam
452 508 600 547 accusat
619 509 893 550 liberalitatem.
954 511 1266 563 Nullapotentia
1285 521 1430 552 tantum
1449 512 1497 552 de
1526 511 1662 564 seipsa
1692 512 1886 562 confidat,

103 574 148 605 ut
168 565 205 605 se
228 577 309 607 non
330 565 505 606 omnibus
524 566 597 606 istis
612 580 684 619 pro
713 567 937 610 defensione
965 571 1027 610 sua
1056 566 1223 623 indigere
1243 570 1443 615 existimet.
1501 570 1598 611 Non
1623 585 1768 626 ungues
1802 573 1887 612 suos

102 626 226 677 aquila
252 628 379 673 exuit,
408 625 446 664 δι
466 625 494 665 fi
511 625 549 664 id
573 625 737 676 faceret,
766 641 859 669 mox
876 631 1102 682 reliquarum
1120 632 1248 671 avium
1269 630 1371 672 foret
1387 631 1612 672 ludibrium:
1642 644 1769 683 neque
1785 634 1888 672 enim

100 685 201 724 illam
221 695 264 726 ut
286 686 470 737 Reginam
490 696 742 737 venerantur,
774 689 826 728 ob
854 690 933 740 ejus
958 689 1063 730 forte
1091 690 1433 742 pulchritudinem,
1465 690 1647 743 siquidem
1671 691 1777 731 Pavo
1806 693 1884 732 lon-

99 742 148 797 ge
173 742 229 784 est
246 742 454 796 elegantior
470 771 484 794 ,
515 744 756 801 sedpropter
778 750 958 800 unguium
974 751 1104 790 robur.
1165 747 1306 801 Majori
1328 750 1657 799 inveneratione,
1688 753 1885 803 magisque

98 804 226 844 secura
252 802 356 844 foret
391 804 508 844 hodie
537 806 574 845 in
601 806 705 846 ltalia
727 806 929 849 austeritas
952 810 1043 854 sum,
1061 803 1294 860 Majest-atis,
1323 808 1351 850 fi
1377 808 1629 850 ‘conservasset
1651 809 1797 850 Statum
1821 810 1886 849 Se-

97 863 272 912 nensem‚
302 860 515 916 praesidium
540 866 642 905 urbis
667 867 890 918 placentiae,
919 868 1171 920 similiumque
1204 871 1401 918 locorum,
1431 883 1514 922 quae
1548 868 1708 910 aliorum
1733 871 1887 909 arbitrio

99 921 263 962 tradidit.
294 922 364 964 Ne
380 923 566 964 restitutio
580 925 735 977 quidem
748 927 876 973 Status
896 923 1056 980 alicuius
1064 926 1273 972 fieridebet
1285 956 1297 979 ,
1326 930 1354 970 fi
1380 939 1467 971 cum
1482 929 1640 970 notabili
1654 931 1803 971 alterius
1825 927 1888 968 de·-

96 983 278 1022 trimento
299 983 501 1033 conjuntsta
516 995 560 1024 ea
581 985 707 1025 fuerit.
995 1027 1002 1032 ,

176 1088 178 1090 ,
270 1041 307 1094 §.
337 1042 436 1083 Non
459 1045 615 1085 minoris
641 1042 877 1086 incommodi
904 1039 987 1095 est,
1018 1043 1163 1088 benum
1194 1042 1322 1088 facere
1353 1043 1479 1096 alteri,
1508 1056 1553 1086 ac
1585 1048 1744 1100 segniter
1778 1046 1887 1085 armis

96 1100 165 1139 uti.
223 1099 293 1140 Ista
317 1104 509 1156 corripere
531 1104 577 1144 ad
594 1105 838 1145 intentandos
851 1106 971 1146 solum
988 1104 1107 1156 ici-us,
1136 1107 1390 1160 periculosum
1415 1116 1606 1147 certamen
1629 1106 1695 1147 est.
1716 1104 1887 1147 Edufms

97 1157 122 1204 ὲ
142 1161 277 1212 vagina
291 1162 437 1215 gladius
450 1192 463 1212 ,
491 1164 558 1203 nisi
589 1165 763 1218 sanguine
780 1166 963 1218 tingatur,
993 1176 1079 1207 cum
1100 1168 1241 1208 rubore
1259 1169 1299 1208 in
1317 1168 1451 1207 eadem
1472 1167 1702 1207 reconditur.
1763 1165 1804 1204 Si
1819 1165 1888 1211 hoff

94 1218 190 1260 stem
207 1233 286 1261 non
314 1222 448 1271 feriat,
478 1224 516 1263 in
533 1224 721 1264 honorem
741 1227 938 1277 proprium
966 1224 1131 1267 desaevit.
1190 1227 1288 1278 Ignis
1321 1226 1608 1267 instrumentum
1624 1225 1679 1266 est
1693 1226 1804 1274 belli,
1824 1226 1889 1275 qui

95 1282 242 1320 eumin
279 1293 393 1322 manu
427 1283 490 1321 sua
511 1282 723 1336 suspensum
753 1286 940 1335 tenuerit,
970 1284 1184 1332 ab4.eodem
1210 1287 1464 1328 consumetur.
1523 1281 1610 1326 Nisi
1633 1287 1823 1325 exercitus
1851 1286 1889 1324 in

95 1337 221 1379 hostili
241 1340 466 1383 sustentetur
483 1343 564 1383 solo
577 1374 588 1392 ‚
618 1354 727 1396 agros
747 1346 925 1396 proprios
940 1354 1067 1396 -atque
1085 1345 1159 1386 una
1180 1346 1418 1399 semetipsum
1444 1345 1654 1399 peffundat.
1717 1343 1886 1395 Refrige-

93 1398 161 1437 scit
179 1399 218 1437 δι
242 1402 395 1452 languet
410 1401 550 1450 virtus,
580 1402 608 1441 ss
638 1404 859 1442 occasiones
875 1403 1019 1450 desint,
1048 1406 1086 1444 in
1105 1407 1242 1456 quibus
1270 1406 1346 1446 sese
1373 1403 1537 1453 exserat,
1568 1405 1606 1445 &
1636 1405 1779 1457 spolia,
1809 1404 1888 1454 qui-

94 1458 166 1496 bus
185 1457 450 1500 inflammetur.
508 1458 563 1499 Ita
580 1458 735 1500 Vocula
757 1463 969 1500 exercitum
987 1462 1095 1501 suum
1115 1465 1153 1501 in
1170 1461 1294 1503 hostili
1322 1476 1420 1503 terra
1436 1466 1615 1514 hospitari
1638 1466 1783 1512 voluit,
1813 1461 1889 1515 (a)

93 1516 269 1568 atpraedci
294 1517 345 1557 ad
369 1517 802 1565 virtutemffineenderetur.
862 1519 996 1558 David
1024 1530 1132 1560 excra
1159 1522 1287 1573 Regni
1309 1522 1363 1561 sui
1392 1522 1486 1563 fines
1513 1522 1683 1563 hostibus
1712 1523 1782 1562 suis
1803 1520 1890 1560 Phi-

93 1575 214 1617 iistaeis
241 1575 316 1630 (h)
345 1579 417 1617 ivit
442 1577 622 1625 obviam;
650 1576 792 1629 &Joas
811 1576 900 1618 Rex
921 1577 1030 1618 Israel
1044 1580 1265 1620 venientem
1285 1580 1468 1620 adversus
1487 1582 1522 1620 se
1533 1582 1720 1621 Amafiam
1741 1582 1889 1631 Regem

95 1636 200 1689 Judae
224 1636 319 1676 intra
347 1638 482 1677 suimet
502 1637 625 1689 Regni
650 1636 788 1677 limites
805 1635 990 1690 aggressus
1028 1636 1109 1687 est,
1138 1638 1176 1678 &
1207 1638 1276 1692 (c)
1305 1638 1458 1685 cecidit.
1519 1639 1667 1680 Bellum
1688 1639 1794 1679 domi
1816 1639 1890 1678 suoe

96 1698 161 1737 diu
189 1695 290 1736 ferre
317 1705 516 1749 nequeunt
547 1695 681 1737 subditi
721 1698 865 1737 amieos
887 1698 1028 1750 pariter
1055 1710 1099 1738 ac
1122 1698 1250 1739 hostes
1283 1699 1546 1740 sustentando:
1579 1701 1750 1740 crescunt
1775 1699 1886 1742 ,enim

95 1758 286 1808 sumptu53
317 1755 499 1796 deficiunt
519 1755 669 1804 media,
698 1757 738 1797 δε
757 1765 940 1809 augentur
963 1757 1142 1808 pericula.
1202 1759 1322 1811 Quod
1341 1760 1369 1799 si
1395 1759 1434 1799 id
1463 1759 1559 1808 fiat,
1589 1772 1638 1799 ne
1667 1758 1783 1798 hostis
1811 1770 1887 1798 arn-

95 1817 194 1872 plius
212 1817 399 1866 irritetur,
429 1817 468 1856 &
488 1827 532 1856 ut
562 1826 669 1857 tanto
685 1814 831 1856 facilius
858 1817 938 1868 ejus
978 1817 1171 1871 mitigetur
1207 1821 1375 1869 animus,
1406 1818 1625 1871 imprudens
1650 1818 1761 1870 piane
1797 1829 1889 1857 con·

97 1877 216 1918 filium
247 1868 320 1924 est3
349 1888 477 1928 neque
502 1878 604 1916 enim
632 1875 732 1917 hosti
757 1875 957 1917 manifesto
981 1877 1139 1917 blandiri
1163 1888 1333 1930 oportet.
1395 1878 1435 1918 Si
1459 1879 1733 1930 conquiescunt
1761 1889 1888 1926 arma,

95 1950 175 1977 non
201 1937 474 1989 benignitatem·
497 1936 536 1977 &
557 1933 797 1977 clementiam
816 1939 1109 1988 interpretatur,
1138 1938 1202 1977 sed
1223 1939 1603 1988 animivecordiam,
1633 1938 1670 1978 &
1684 1938 1807 1991 spreta
1823 1948 1888 1976 au-

99 1996 296 2046 ctoritate,
324 1999 438 2038 etiam
456 1996 699 2049 potentissimi
715 1998 858 2049 quique
873 1997 913 2036 in
929 1996 1124 2037 discrimen
1142 1999 1313 2039 veniunt.
1376 1998 1477 2038 Caro
1502 1999 1598 2052 Regi
1622 1997 1889 2049 Hispaniarum

96 2055 303 2096 Catholico
320 2056 421 2097 stetit
440 2058 660 2105 clementia,
693 2054 769 2108 qua
792 2068 880 2110 erga
897 2055 1077 2097 Carolum
1096 2056 1292 2097 Sabaudiae
1307 2057 1463 2098 Ducem
1487 2058 1571 2098 usus
1596 2057 1681 2097 fuit.
1740 2057 1889 2097 Bellum

96 2116 160 2157 hic
187 2116 399 2167 susceperat
419 2116 601 2156 adversus
619 2114 898 2156 Ferdinandum
912 2115 1066 2156 Ducem
1089 2116 1369 2166 Mantuanum,
1395 2118 1485 2168 juris
1503 2115 1707 2169 antiquitus
1719 2119 1758 2156 in
1769 2117 1887 2157 Mon-

97 2177 282 2217 serratum
309 2177 459 2216 obtenti
484 2175 703 2216 vindicandi
722 2175 854 2214 causa:
882 2175 970 2214 Rex
997 2176 1093 2215 vero
1117 2175 1313 2228 Philippus
1330 2175 1480 2215 Tertius
1497 2175 1652 2217 minime
1677 2176 1890 2216 consultum

95 2245 219 2285 ratus,
249 2245 292 2275 ut
306 2235 500 2288 pendente
519 2235 623 2288 apud
647 2229 833 2275 Caesarem
849 2235 934 2284 lite,
963 2237 1073 2275 armis
1090 2237 1151 2275 illa
1171 2235 1411 2275 decideretur
1427 2235 1707 2284 controversia,
1737 2235 1775 2276 δι
1788 2235 1890 2277 Priu÷

98 2298 228 2349 cipum
247 2295 413 2337 duorum
431 2297 683 2336 contentione
699 2294 814 2335 Italiae
829 2295 948 2334 totius
969 2307 1045 2351 pax
1068 2296 1301 2345 turbaretur,
1331 2298 1455 2335 movit
1485 2306 1572 2334 cum
1608 2296 1780 2335 exercitu
1796 2305 1889 2334 con-

97 2366 155 2396 tra
177 2354 321 2396 <iustum
346 2356 541 2395 Sabaudiae.
555 2353 734 2403 Ducem,
765 2354 803 2394 &
827 2355 961 2394 urbem
987 2353 1068 2394 Asti
1092 2355 1291 2395 obsidione
1313 2356 1431 2394 cinxit
1445 2383 1457 2403 ,
1486 2368 1565 2394 non
1590 2365 1634 2394 ut
1657 2366 1741 2395 eam
1759 2356 1800 2394 vi
1821 2366 1889 2394 ex-

99 2424 286 2467 pugnaret
307 2412 569 2467 <quodwfa6iu
592 2412 812 2454 facillimum
834 2412 959 2455 fuiffet
979 2411 999 2468 )
1031 2413 1097 2454 sed
1124 2425 1167 2454 ut
1201 2417 1311 2455 armis
1339 2415 1549 2454 minitando
1573 2415 1728 2454 Ducem
1753 2414 1802 2453 ad
1822 2426 1890 2466 pa-

100 2486 187 2514 cem
212 2473 439 2522 adduceret,
468 2473 508 2513 id
534 2472 640 2524 quod
660 2473 779 2524 reipsa
800 2474 977 2512 obtinuit.
1035 2472 1072 2513 E
1099 2486 1174 2526 qua
1200 2475 1318 2527 Regis
1340 2475 1604 2514 moderatione
1631 2474 1792 2524 majores
1823 2473 1890 2513 de·-

101 2534 191 2574 inde
205 2533 357 2586 sumpsit
387 2535 559 2581 animos,
590 2532 628 2571 δε
652 2541 805 2581 contra,
835 2543 879 2571 ac
904 2541 1142 2573 conventum
1167 2532 1310 2584 fuerat,
1342 2544 1443 2573 arma
1474 2535 1680 2584 corripuit,
1710 2530 1810 2572 aliud
1835 2534 1892 2572 su.

101 2594 235 2634 scitans
260 2592 401 2633 bellum
416 2594 531 2643 magis
557 2590 836 2643 sumptuosum,
867 2590 979 2643 quam
1004 2591 1097 2631 illud
1125 2593 1240 2643 prius.
1313 2589 1431 2631 Unde
1452 2587 1622 2641 fanum,
1651 2602 1693 2630 ut
1715 2593 1777 2632 sua
1802 2590 1888 2632 Ma.

99 2653 209 2706 jestas
225 2653 359 2693 urbem
377 2651 546 2692 Vercelli
563 2652 754 2693 obsideret
766 2680 779 2700 ,
809 2662 921 2703 quam
933 2661 1060 2690 tamen
1079 2660 1306 2703 occupatam
1324 2663 1417 2691 mox
1436 2650 1620 2698 restituit3
1648 2663 1814 2703 cumque
1829 2652 1891 2691 sua

101 2715 207 2755 Duci
230 2713 384 2754 consilia
406 2711 588 2761 feliciter,
619 2710 886 2759 succederent,
915 2712 1009 2750 inito
1025 2712 1231 2751 Avenione
1245 2723 1333 2751 cum
1355 2709 1505 2751 Francis
1527 2712 1565 2751 &
1590 2710 1752 2751 Venetis
1772 2709 1891 2750 foede-

102 2786 164 2822 re,
194 2771 347 2813 tertiurn
365 2769 478 2811 Italiae
495 2772 663 2823 quietem
684 2771 935 2823 perturbavit.
996 2771 1095 2824 Quae
1121 2771 1219 2810 bella
1250 2772 1378 2810 omnia
1387 2766 1498 2810 facile
1514 2772 1646 2810 evitari
1666 2770 1888 2823 potuissent,

103 2836 134 2876 fi
157 2845 249 2874 mox
270 2835 308 2873 in
325 2833 450 2885 primo
472 2825 679 2878 dimisisset,
710 2830 815 2883 quod
831 2828 1020 2882 Hispania:
1045 2842 1145 2870 arma
1167 2829 1474 2883 praetendebant,
1505 2830 1646 2871 etiamsi
1671 2833 1736 2870 vel
1762 2827 1891 2871 Status

105 2897 157 2936 sui
181 2903 327 2947 partem
346 2890 507 2945 perdere
526 2889 722 2934 debuisset.
783 2890 862 2944 Qui
879 2891 990 2931 semel
1006 2892 1191 2943 potentiae
1215 2890 1346 2940 majori
1359 2902 1559 2943 opponere
1583 2890 1657 2931 sese
1677 2890 1783 2930 ausus
1808 2890 1891 2929 fue-

104 2957 177 3004 rit,
208 2955 350 2994 amicus
376 2964 456 2992 non
485 2951 581 2999 erit.³
608 2950 676 2990 nisi
703 2949 900 3002 spoliatum
933 2959 1168 3002 exutumque
1193 2950 1230 2990 se
1254 2949 1412 2991 viderit:
1443 2951 1495 2989 ita
1523 2948 1673 2990 Vocula
1698 2950 1821 3001 ajebat
1841 2949 1891 2988 ad

106 3014 379 3054 tumultuantes
396 3011 606 3063 Legiones,
636 3010 724 3049 cum
750 3022 812 3048 eas
827 3019 959 3049 contra
974 3011 1134 3049 rebelles
1172 3009 1351 3061 quasdam
1378 3008 1543 3049 Franciae
1569 3010 1787 3049 Provincias
1816 3008 1892 3062 (d)

107 3076 290 3117 incitaret.
350 3072 542 3123 Principes
568 3081 646 3109 non
665 3069 754 3108 ideo
773 3070 973 3117 timentur,
1005 3071 1122 3109 autin
1140 3071 1388 3108 veneratione
1409 3069 1515 3119 sunt,
1546 3069 1650 3121 quod
1676 3068 1788 3109 ferire
1804 3069 1889 3120 post

945 3128 978 3168 L
994 3129 1005 3167 l
1022 3129 1032 3167 1
1051 3130 1061 3167 l
1081 3130 1091 3167 l
1800 3128 1871 3168 sint
1885 3155 1897 3178 3

206 3228 269 3276 (a)
292 3229 377 3264 Tac.
392 3226 452 3265 lib,
475 3240 511 3274 4.
538 3225 626 3260 Hist.
678 3226 738 3268 (b)
770 3225 866 3259 Venit
884 3237 960 3275 ergo
982 3223 1113 3260 David
1131 3226 1169 3259 in
1191 3222 1282 3259 Baal
1307 3221 1519 3261 pharurim,
1549 3221 1892 3276 0³·perc15ffitecsjbi„

112 3295 146 3316 2.
165 3282 257 3330 Reg.
283 3289 313 3325 5.
339 3292 399 3316 20.
451 3278 515 3325 (c)
544 3274 770 3327 Aspenditque
785 3275 875 3324 Joas
897 3281 969 3312 Rex
991 3274 1121 3321 Istud,
1147 3274 1192 3318 (ἐν
1216 3274 1388 3311 viderunt
1403 3275 1459 3320 st,
1486 3273 1549 3324 ipſs
1570 3273 1614 3315 (ἐν
1639 3275 1800 3325 Amafias
1820 3283 1895 3315 Rex

112 3330 212 3382 Judae
231 3330 269 3368 in
283 3330 475 3377 Bethstzmcs
488 3341 524 3382 op
546 3329 600 3365 ido
606 3327 712 3376 judae.
763 3326 990 3374 Percuffufue
1005 3325 1152 3378 cstjuda
1169 3341 1283 3363 coram
1308 3325 1422 3372 [stad.
1452 3341 1487 3373 4.
1507 3329 1596 3375 ch.
1625 3336 1679 3374 14.
1713 3341 1768 3365 11.
1821 3332 1894 3376 (d)

112 3387 211 3423 Nunc
219 3382 337 3438 hostes,
354 3385 438 3437 quia
452 3396 504 3420 mo
519 3381 548 3417 le
554 3379 766 3429 ftrvitium.·
782 3342 1002 3433 cumspossm
1010 3407 1018 3423 ‚
1028 3382 1194 3433 exutique
1194 3377 1356 3431 ficet-int,
1371 3379 1495 3417 amicos
1500 3376 1596 3430 fore.
1621 3380 1705 3417 Tac.
1723 3381 1746 3418 l.
1755 3395 1791 3432 4.
1806 3378 1896 3421 Hist.
