2132 3730
223 337 318 380 430
674 313 1597 387 DAEACISAAVEDRAE·

227 406 360 450 dextre
383 401 572 443 instituere
589 412 751 441 noverat
768 432 778 447 ,
810 411 852 438 ut
881 400 906 449 (
918 400 944 438 fi
966 401 1141 439 malitiam
1168 397 1367 450 prudentia
1383 397 1544 448 superari
1564 396 1711 437 necesse
1727 394 1862 452 foret)
1892 408 2009 449 expe-

225 469 304 508 dire
322 465 358 504 se
379 461 501 504 nosset
515 462 658 513 absque
679 472 749 507 eo,
781 459 887 510 quod
917 457 1033 499 fidem
1055 459 1246 510 publicam
1276 454 1474 508 frangeret.
1536 454 1627 496 Nec
1651 455 1889 507 Majestatem
1915 458 2009 496 illius

224 524 464 567 mendacium
487 520 616 561 fallere
637 519 820 566 audebat,
849 530 921 557 nec
941 518 1132 558 scientiam
1148 516 1326 555 adulatio.
1387 514 1646 555 Ministrorum
1670 517 1847 555 utebatur
1869 527 2007 568 opera,

220 587 362 636 absque
384 583 502 621 nimio
521 590 649 620 tamen
667 579 704 619 &
720 579 872 631 privato
889 589 976 630 erga
992 589 1060 617 eos
1082 575 1235 619 affectu.
1296 573 1505 613 Consilium
1527 574 1738 615 eorundem
1765 574 2010 626 admittebat,

220 645 299 696 regi
322 641 417 681 verb
438 641 476 680 se
499 641 545 680 ab
565 641 607 680 iis
625 636 780 678 minime
803 638 1027 688 patiebatur.
1088 635 1209 688 Quod
1226 634 1375 674 efficere
1406 633 1564 685 ipsemet
1592 644 1770 684 poterat,
1797 646 1877 675 non
1903 647 2005 675 com·

220 703 397 744 mittebat
417 702 506 739 aliis.
568 697 817 738 Deliberabat
840 695 925 745 diu,
955 696 1215 746 exequebatur
1244 694 1427 733 celeriter.
1487 691 1530 731 In
1552 692 1624 740 iis,
1658 704 1742 743 quae
1761 693 1890 735 facere
1919 705 2010 734 con-

219 762 414 809 stituerat,
444 757 604 799 effectus
637 757 742 810 prius
764 756 1079 803 innotescebant,
1111 766 1224 806 quam
1263 752 1394 792 causae.
1453 751 1622 803 Legatos
1650 753 1737 791 suos
1770 752 1835 793 fua
1861 752 2009 793 celabat

221 821 404 868 consilia,
435 820 586 870 quoties
604 817 802 868 cupiebat,
831 824 875 854 ut
894 815 963 867 ipsi
992 815 1135 854 suamet
1169 814 1354 865 opinione
1381 810 1534 862 decepti
1567 810 1676 850 tanto
1704 811 1889 852 efficacius
1917 825 2008 853 con-

220 883 372 922 trarium
388 879 466 918 aliis
497 875 916 930 persuaderentDiviso
937 887 1024 914 cum
1050 874 1196 926 Regina
1215 872 1375 924 imperio
1391 869 1545 923 praeeffe
1559 899 1571 919 ,
1601 870 1638 909 &
1656 868 1813 911 Ge'nero
1828 870 1896 911 suo
1916 873 2008 911 obe-

221 940 300 981 dire
315 947 488 979 noverat.
546 935 705 977 Tributa
723 947 796 988 pro
823 934 1036 975 neceffitate
1052 933 1250 985 imposuit,
1279 943 1358 971 non
1375 942 1424 970 ex
1443 929 1651 982 cupiditate
1667 941 1731 969 aut
1751 929 1855 970 luxu.
1889 929 2009 983 Quod

219 1009 378 1053 urgente
400 997 614 1038 necestitate
641 996 791 1048 accepit
817 994 864 1033 ab
897 993 1099 1040 Ecclefiis,
1128 992 1261 1032 eadem
1284 989 1446 1030 cessante
1472 988 1606 1029 iisdem
1626 988 1796 1029 restituit.
1854 990 2007 1043 Jurisdi-

220 1060 385 1101 &ionem
409 1055 705 1098 Ecclefiasticam
741 1061 944 1094 veneratus
968 1051 1023 1092 est
1042 1081 1055 1102 ,
1085 1051 1123 1091 &
1166 1052 1417 1091 conservavit.
1469 1049 1635 1103 :Regiam
1658 1051 1780 1090 aulam
1809 1048 1890 1091 fixo
1914 1052 2005 1090 loco

215 1132 294 1161 non
322 1118 483 1166 habuit,
512 1114 577 1156 sed
602 1114 701 1154 Solis
727 1113 862 1162 instar,
891 1113 1113 1165 Regnorum
1144 1111 1294 1151 suorum
1325 1110 1438 1149 orbes
1464 1121 1533 1161 per
1562 1109 1668 1148 vices
1705 1109 1811 1149 obiit.
1870 1108 2008 1149 Pacem

214 1178 388 1220 traetavit
413 1188 501 1216 cum
531 1173 714 1214 modestia
742 1174 780 1214 &
806 1173 1012 1225 gravitate,
1043 1171 1184 1212 bellum
1210 1171 1251 1210 vi
1281 1169 1319 1209 &
1345 1167 1425 1209 astu
1441 1169 1665 1221 prosecutus
1689 1167 1756 1213 est.
1813 1166 1906 1209 Nec
1920 1169 2008 1208 belli

214 1238 383 1292 captavit
406 1234 666 1282 occasionem,
697 1245 770 1273 nec
790 1243 926 1285 pacem
948 1232 1146 1271 recusavit.
1204 1228 1326 1283 Quod
1343 1228 1446 1280 pede
1462 1237 1722 1280 occupaverat
1741 1257 1755 1277 ,
1791 1228 1949 1269 brachio
1971 1226 2010 1268 &

212 1298 364 1351 ingenio
390 1297 506 1334 tuitus
534 1292 616 1342 est,
645 1294 772 1345 spoliis
805 1290 928 1331 faetus
965 1290 1113 1331 fortior.
1172 1289 1339 1328 Tantum
1370 1287 1605 1339 negotiando
1629 1319 1642 1337 ,
1672 1297 1855 1339 quantum
1895 1288 2008 1327 armis

213 1359 284 1399 suis
306 1355 504 1396 efficiebat.
567 1351 687 1406 Quod
710 1361 789 1392 arte
810 1352 966 1391 vincere
998 1358 1174 1403 poterat,
1201 1361 1282 1389 non
1312 1348 1525 1388 attentabat
1555 1346 1695 1400 gladio.
1754 1346 1797 1387 In
1817 1348 1895 1387 hoc
1926 1358 2005 1386 ma-

217 1415 419 1471 gnitudinis
439 1417 511 1454 luae
528 1413 698 1464 ponebat
716 1410 1029 1458 ostentationem,
1059 1409 1096 1448 &
1115 1410 1270 1460 gloriam
1290 1408 1391 1447 suam
1416 1409 1454 1446 in
1485 1405 1617 1458 infigni
1646 1408 1828 1446 exercitu.
1885 1404 2005 1459 Quod

211 1477 398 1529 jubebat,
426 1471 517 1512 illud
538 1472 658 1522 ipsum
684 1471 957 1521 exequebatur.
1016 1468 1077 1506 Sic
1096 1466 1238 1505 foedera
1265 1465 1472 1512 sanciebat,
1501 1473 1546 1503 ut
1560 1464 1896 1513 arbitermaneret,
1926 1476 2005 1504 non

216 1535 398 1575 subditus,
456 1529 548 1570 Nec
569 1528 694 1569 vietor
713 1529 786 1567 sese
807 1527 963 1567 nimium
983 1526 1141 1573 extulit,
1168 1535 1241 1563 nec
1265 1522 1393 1562 vietus
1422 1521 1562 1561 cecidit
1592 1523 1731 1562 animo.
1792 1522 1911 1564 Paces
1938 1524 2003 1563 sub

243 1595 350 1634 scuto
370 1589 546 1631 firmavit.
607 1586 718 1626 Vixit
749 1586 948 1633 omnibus,
977 1593 1150 1623 mortuus
1168 1582 1221 1621 est
1242 1582 1310 1622 fibi
1326 1611 1339 1631 ‚
1368 1582 1406 1620 in
1426 1581 1610 1620 memoria
1626 1590 1752 1621 tamen
1777 1582 1974 1625 hominum

308 1660 487 1702 tanquam
505 1647 770 1688 nobilissimum
789 1645 1005 1695 Principum
1028 1645 1221 1694 exemplar
1248 1641 1286 1681 &
1304 1641 1528 1693 Regnorum
1542 1640 1694 1680 suorum
1720 1640 1906 1682 defiderio

864 1703 1046 1743 aeterninn
1067 1711 1354 1755 perennaturus.

537 1861 1080 1984 LAUS
1223 1856 1676 1983 ΠΕΟ.

1863 3412 1868 3415 ῃ
1898 3330 1987 3395 IN
