2132 3730
216 262 300 305 330
663 241 1004 284 DJDACJ
1074 239 1615 284 sAAVEDRAE

215 336 312 374 illius
331 333 353 373 ὲ
370 334 570 372 voluntate
586 324 686 374 effe,
715 324 780 364 sed
795 323 817 364 a
841 327 880 365 vi
901 328 1030 378 potius
1052 323 1089 364 &
1121 324 1195 379 (a)
1225 327 1452 367 necestitate.
1510 327 1546 367 E
1576 328 1737 367 cerebro
1759 325 1868 379 Jovis
1893 321 2022 365 Bello-

214 407 302 435 nam
320 387 494 445 prodiisse
519 384 629 426 finxit
645 385 883 437 Antiquitas,
915 396 957 424 ut
975 382 1220 436 fignificaret‚
1250 387 1393 427 bellum
1420 387 1441 426 a
1461 386 1689 439 prudentia,
1716 399 1797 427 non
1825 386 1871 425 ab
1905 386 2024 425 Arro-

215 454 338 506 gantia
356 448 467 489 animi
482 443 669 499 proficisci
694 443 851 488 debere.
910 442 1150 484 Sebastianus
1168 442 1371 486 Lufitaniae
1388 447 1497 497 Rex,
1527 448 1593 498 qui
1614 448 1726 486 armis
1743 446 1905 499 appetiit
1921 445 2026 486 Afri-

216 524 299 553 cam
318 505 506 563 generosae
526 505 601 544 suae
622 503 741 544 indoli
772 504 971 556 indulgens
999 504 1141 556 magis,
1172 516 1285 554 quam
1312 506 1509 547 consilium
1535 507 1707 556 secutus,
1736 507 1914 558 sanguine
1955 505 2028 545 suo

218 573 494 612 documentum
512 563 610 604 istud
626 566 665 604 in
680 565 799 603 arenis
815 561 884 603 illis
901 564 1118 615 inscriptum
1136 564 1301 614 reliquit.
1344 566 1451 616 Apes
1478 567 1628 618 Regem
1658 576 1842 606 armatum
1866 578 1946 605 non
1969 565 2027 605 fe·
2058 556 2061 558 ’

214 639 321 678 runt,
350 639 400 668 ne
418 624 619 678 bellic-osus
643 623 688 663 fit
717 621 845 672 forte,
876 622 913 663 &
938 623 1175 674 Reipublicae
1198 622 1273 662 suae
1297 623 1577 673 gubernatione
1602 626 1775 678 11egle6ta
1807 627 1936 665 alienis
1965 637 2030 664 ac-

215 687 408 742 quirendis
423 685 499 726 sese
519 692 701 735 occupet.
764 683 885 736 Quod
917 683 944 723 si
979 681 1114 723 melius
1140 682 1666 735 perpendissent-Franciscus
1699 685 1955 732 Francorum,
1987 685 2026 723 δε

215 747 410 788 Gustavus
429 745 643 785 Suecorum
665 743 813 796 Reges,
843 754 916 783 nec
938 744 999 782 ille
1025 750 1159 794 captus
1187 740 1313 782 fuiffet
1334 742 1479 793 Ticini,
1503 755 1577 783 nec
1597 744 1660 783 hic
1685 745 1724 784 ln
1748 744 1927 786 Lutzensi
1956 756 2028 795 pu-

213 821 287 862 gna
305 804 508 847 cecidisset.
568 804 603 843 A
627 802 847 842 dominandi
862 802 1018 842 libidine
1047 803 1251 842 multarum
1266 803 1655 855 Rerumpublicarum
1674 804 1849 844 interitus
1869 804 2027 855 sumpsit

214 870 375 909 initium.
437 863 532 905 Seri)
564 863 716 902 tandem
735 862 827 902 illud
847 864 1004 915 agnovit
1025 861 1242 911 Hannibal,
1272 862 1359 903 cum
1382 862 1552 915 Scipioni
1572 861 1684 902 fassus
1715 862 1788 912 est,
1816 862 1931 917 longe
1948 875 2031 902 me-

215 930 288 968 lius
313 927 485 967 futurum
499 922 607 963 fuiffe
624 953 636 972 ‚
668 923 694 962 fi
713 922 780 961 Dii
802 923 948 962 animos
965 931 1042 962 tam
1066 921 1262 963 modestos
1279 922 1499 963 hominibus
1515 921 1769 975 inspirassent,
1797 932 1841 963 ut
1860 923 2030 964 Romani

215 988 336 1036 Italia,
367 982 678 1035 Carthaginenses
705 980 835 1021 Africa
863 983 1037 1021 contenti
1062 980 1204 1022 forent.

391 1045 426 1095 §.
459 1043 653 1093 Principes
675 1043 787 1081 armis
810 1051 991 1093 potentes
1013 1041 1155 1081 bellum
1174 1042 1342 1092 viribus,
1379 1042 1528 1093 quantis
1545 1040 1700 1093 poffunt
1727 1044 1919 1090 maximis,
1939 1054 2031 1094 pro-

216 1106 319 1156 sequi
347 1103 517 1150 debent‚
548 1111 589 1141 ut
608 1100 717 1140 citius
749 1101 842 1141 illud
861 1100 1094 1149 conficiant,
1125 1102 1182 1142 uti
1213 1101 1385 1142 solebant
1410 1102 1596 1141 Romani:
1626 1100 1833 1154 producitio
1862 1103 1962 1141 enim
1989 1100 2031 1139 δε

216 1165 387 1216 sumptus
407 1172 519 1215 auget
536 1160 573 1201 &
598 1162 776 1214 pericula.
842 1160 990 1201 Interea
1017 1173 1175 1212 quoque
1201 1160 1320 1201 hostis
1352 1161 1427 1202 sese
1455 1171 1632 1210 exercet,
1661 1162 1730 1201 fibi
1759 1162 1962 1213 prospicit,
1991 1160 2032 1200 δε

216 1224 325 1264 sumit
344 1225 502 1264 animos
563 1221 765 1270 Potentia,
795 1220 863 1260 nifi
893 1232 981 1260 cum
1009 1222 1157 1273 impetu
1184 1221 1312 1271 aliquo
1343 1231 1451 1273 agat,
1482 1219 1717 1260 amstoritatis
1750 1221 1823 1261 suae
1844 1220 2031 1273 jaffkumm

217 1284 321 1324 facit.
383 1284 429 1322 lis
450 1282 499 1321 de
521 1281 640 1320 caufis
659 1293 738 1320 uno
759 1280 979 1332 eodemque
1000 1289 1177 1332 tempore
1202 1280 1281 1319 duo
1302 1280 1446 1320 diversa
1462 1282 1560 1320 bella
1583 1280 1815 1332 suscipienda
1832 1294 1912 1321 non
1934 1283 2034 1322 sunt:

219 1341 399 1383 distraffis
418 1343 520 1383 enim
542 1342 706 1390 viribus,
738 1350 815 1380 tam
842 1340 920 1380 citi)
942 1352 986 1380 ea
1004 1339 1142 1380 confici
1164 1350 1374 1390 nequeunt.
1433 1339 1524 1379 Nec
1540 1342 1613 1380 ulla
1633 1350 1735 1381 tanta
1757 1341 1812 1382 est
1831 1345 2032 1393 potentia,

218 1415 302 1456 quae
319 1401 381 1441 illa
410 1403 475 1442 diu
498 1398 702 1449 sustentet,
732 1411 860 1452 neque
876 1409 936 1438 tot
949 1400 1145 1451 supersunt
1166 1401 1251 1446 viri,
1266 1401 1331 1450 qui
1349 1411 1392 1438 ea
1409 1397 1480 1438 rite
1501 1399 1759 1439 moderentur.
1819 1400 1980 1455 Semper
1990 1404 2032 1443 iu

220 1475 270 1503 eo
292 1462 532 1502 elaborarunt
549 1461 714 1499 Romani
734 1459 760 1511 ζ
774 1457 913 1498 &facit
928 1458 1018 1498 illud
1039 1459 1140 1498 idem
1155 1471 1256 1497 nunc
1270 1458 1433 1511 Turca)
1456 1467 1497 1497 ut
1515 1470 1565 1497 ne
1588 1459 1740 1498 duobus
1757 1459 1901 1501 inlocis
1920 1462 2030 1502 simul

220 1523 362 1562 bellum
378 1528 567 1575 gererent,
624 1518 715 1558 Huc
736 1520 1052 1558 comminationes
1070 1519 1140 1556 illae
1161 1517 1406 1568 spectabant,
1438 1529 1529 1567 quas
1549 1518 1722 1557 Corbulo
1745 1517 1891 1572 Parthis
1907 1522 2031 1560 inten-

223 1581 360 1631 debat,
391 1593 480 1621 cum
497 1579 662 1627 diceret,
692 1577 764 1631 (b)
794 1577 999 1628 Imperatori
1001 1579 1068 1631 suo
1088 1578 1257 1616 immotam
1271 1576 1392 1628 ubique
1409 1584 1550 1628 pacem,
1581 1577 1632 1622 &²³
1650 1590 1753 1617 unum
1767 1574 1943 1639 &ibellum
1958 1578 2034 1634 effl‘.

638 1749 1276 1817 SYMBOLUM
1318 1750 1604 1817 LXXV.

229 1896 489 2037 MEdea
522 1897 544 1956 (
580 1908 623 1939 ut
639 1901 784 1939 vellere
811 1910 928 1938 aureo
967 1897 1076 1938 tantb
1107 1896 1349 1937 commodius
1377 1899 1566 1949 potiretur
1585 1898 1612 1952 >
1644 1897 1873 1951 serpentnim
1897 1899 2033 1939 dentes

410 1959 673 2008 disseminavit,
695 1959 797 1998 unde
824 1959 925 1998 enati
939 1957 1022 1997 sunt
1045 1958 1178 2009 integri
1205 1958 1376 1996 virorum
1396 1967 1624 1998 armatorum
1640 1961 1844 2011 manipuli,
1875 1961 2032 2012 quivul-

409 2018 562 2060 neribus
580 2020 720 2058 mutuis
744 2018 780 2057 se
805 2016 1074 2057 conficiebant.
1135 2015 1241 2055 Idem
1255 2016 1450 2066 Principes
1475 2018 1587 2068 aliqui
1614 2017 1651 2057 &
1666 2019 1904 2070 Respublicae
1923 2018 2032 2060 fatu-

230 2092 334 2130 tant,
365 2079 677 2133 perniciosiffimae
691 2078 794 2117 orbis
813 2076 969 2117 Medeae
990 2109 1001 2126 ,
1033 2076 1232 2116 discordias
1255 2075 1489 2116 difl'eminant
1510 2078 1608 2116 inter
1631 2077 1824 2130 Principes
1839 2108 1852 2127 ‚
1882 2090 1925 2117 ac
1952 2079 2033 2118 bel-

231 2145 265 2182 la
289 2141 324 2180 &
338 2140 522 2180 tumultus
532 2139 570 2177 in
590 2138 738 2177 suismet
766 2137 835 2190 (c)
852 2136 1019 2176 Statibus
1050 2138 1243 2187 colligunt.
1306 2136 1706 2188 Inhisnernpepacem
1724 2138 1940 2188 &quietem
1965 2139 2035 2178 fibi

228 2200 461 2253 pollicentur
480 2228 492 2246 ,
522 2210 634 2249 quam
652 2197 876 2249 perturbant
902 2198 940 2236 in
966 2196 1161 2235 Privinciis
1183 2196 1310 2234 alienis
1327 2225 1339 2243 ‚
1379 2195 1440 2234 scd
1459 2205 1591 2236 contra
1608 2227 1621 2245 ,
1651 2208 1694 2236 ac
1718 2198 1926 2249 putabant,
1950 2200 2033 2251 ple-

227 2271 389 2311 rumque
422 2259 565 2298 evenit.
654 2256 720 2296 De
742 2256 874 2295 mundi
900 2257 1108 2307 aequilibrio
1140 2255 1271 2295 dicunt
1300 2254 1605 2309 Cosmographi,
1647 2267 1820 2298 centrum
1840 2260 2035 2311 gravitatis

229 2331 307 2360 tam
327 2332 377 2359 ex
402 2319 507 2357 omni
525 2326 633 2369 parte
649 2314 724 2356 esse
742 2318 959 2367 aequale,ut
978 2314 1131 2368 pondus
1152 2314 1414 2366 quodcunque
1429 2317 1544 2356 etiam
1561 2316 1759 2356 minimum
1769 2326 1906 2358 terram
1927 2331 2036 2361 com-

230 2388 391 2421 moveat
413 2391 423 2416 :
454 2377 559 2429 quod
575 2376 675 2416 idern
696 2378 735 2416 in
751 2376 858 2415 bellis
877 2376 1013 2415 accidit
1027 2405 1040 2424 ‚
1070 2375 1214 2414 nullum
1235 2375 1378 2427 quippe
1408 2376 1484 2416 tam
1514 2372 1629 2428 longe
1655 2373 1764 2415 distat
1783 2406 1796 2425 ‚
1826 2378 1917 2429 quin
1944 2390 2035 2418 cen-

231 2451 332 2480 trum
351 2439 488 2489 quietis
505 2436 890 2488 Rerumpublicarum
909 2437 1061 2474 aliarum
1089 2435 1277 2474 immutet.
1353 2433 1503 2476 Bellum
1521 2434 1681 2475 flammae
1704 2434 1815 2477 instar
1838 2435 1920 2486 est,
1949 2451 2037 2490 quae

231 2511 309 2539 uno
327 2500 364 2537 in
379 2499 469 2537 loco
493 2497 657 2536 excitata
674 2526 684 2544 ,
714 2507 808 2535 mox
827 2496 894 2534 alia
911 2524 923 2543 ,
955 2495 991 2534 δε
1014 2494 1206 2546 propriam
1223 2494 1319 2546 saepe
1342 2494 1500 2535 domum
1521 2492 1700 2549 corripit,
1716 2507 1789 2548 pro
1809 2508 1859 2538 eo
1877 2509 1922 2537 ac
1938 2509 2037 2538 ven-

232 2562 261 2599 ti
289 2558 524 2610 spiraverint.
585 2555 756 2595 Prudens
783 2556 960 2608 Agricola
988 2556 1080 2607 agris
1101 2554 1171 2593 suis
1195 2553 1459 2605 tempestatem
1479 2557 1644 2604 metuit,
1675 2568 1788 2608 quam
1806 2558 1905 2598 circa
1926 2570 2037 2598 mon-

232 2621 329 2659 tium
353 2618 518 2657 vertices
536 2645 548 2665 ,
580 2615 648 2655 ets1
667 2615 872 2668 longiffime
887 2614 1067 2661 distantes
1086 2644 1098 2663 ,
1129 2615 1214 2668 cogi
1237 2613 1518 2668 videt:potiori
1543 2616 1626 2667 jure
1636 2628 1698 2655 eas
1713 2617 1862 2656 timebit
1878 2617 1930 2667 is,
1969 2619 2039 2669 qui

233 2678 444 2731 vaporibus
455 2676 633 2716 submissis
658 2677 833 2714 alimenta
847 2675 890 2714 iis
910 2673 1169 2714 subministrat.
1228 2673 1324 2715 Sunt
1335 2674 1792 2727 quiBatavorumfovent
1806 2679 2040 2729 potentiam,
2074 2698 2077 2700 -
2109 2666 2112 2719 ἕ

237 2738 302 2778 sed
328 2738 398 2776 erit
416 2734 589 2785 fortasse,
616 2735 770 2786 quando
792 2736 973 2774 servitute
991 2734 1151 2787 oppreffi
1165 2733 1266 2775 suam
1284 2735 1354 2787 ipfi
1379 2734 1634 2787 deplorabunt
1665 2735 1877 2785 stultitiam3
1904 2749 2037 2788 quem-

233 2796 446 2837 admodum
468 2797 510 2834 iis
542 2795 680 2835 accidit
696 2825 709 2843 ‚
760 2797 825 2846 qui
845 2794 1023 2848 augendis
1044 2796 1209 2834 Romani
1243 2794 1395 2847 Imperii
1414 2796 1558 2836 viribus
1580 2795 2034 2847 aliquandcrstuduerant.

236 2857 383 2897 Veneti
419 2857 658 2895 aemulatione
675 2854 778 2894 dusti
796 2885 808 2904 ,
839 2854 945 2906 quod
965 2855 1140 2894 viderent
1155 2867 1224 2907 per
1246 2853 1514 2895 Lusitanorum
1537 2857 1799 2906 navigationes
1822 2856 1882 2897 sua
1903 2857 1940 2896 in
1956 2868 2036 2895 ma·

235 2919 266 2957 ri
287 2907 462 2963 Perfic‘o,
496 2914 585 2954 &in
601 2916 811 2954 Provinciis
829 2914 1087 2955 Orientalibus
1104 2914 1290 2967 impedirii
1314 2916 1560 2963 commercia,
1576 2915 1725 2955 Cairum
1746 2918 1907 2968 legatum
1918 2927 2038 2966 quen-

239 2977 327 3017 dam
351 2974 529 3014 miserunt
550 3005 560 3021 ,
595 2975 630 3013 &
653 2974 814 3014 artifices
838 2975 1129 3015 formandorum
1150 2984 1430 3015 tormentorum
1456 2987 1649 3015 aeneorum
1670 3006 1680 3024 ,
1711 2975 1747 3015 δε
1768 2977 1922 3015 navium
1944 2987 2039 3015 con·
2063 3002 2068 3009 .
2111 3014 2112 3022 ,

237 3034 502 3077 struendarum
532 3035 677 3084 peritos
699 3065 711 3084 ,
743 3034 789 3074 ad
808 3034 1029 3075 armandum
1046 3034 1228 3074 adversus
1250 3033 1451 3075 Lusitanos
1473 3035 1646 3075 Calecuti
1673 3036 1841 3086 Regem,
1880 3034 2037 3076 Batavis

1452 3101 1458 3107 ’
1940 3094 2038 3135 verb

343 3221 404 3267 (a)
433 3210 553 3256 Picem
568 3217 693 3255 habere
715 3217 813 3255 debet
833 3220 1018 3260 voluntas,
1044 3217 1163 3256 hedum
1176 3218 1359 3269 neceffi'tas.
1389 3220 1540 3268 D.Aug.
1559 3231 1612 3267 ep.
1633 3229 1718 3265 207.
1740 3227 1767 3253 t.
1789 3231 1823 3254 2.
1876 3223 1894 3263 (
1903 3219 2038 3264 b)Ta.

246 3271 308 3308 cit.
339 3272 399 3309 lib.
428 3285 482 3322 ις.
516 3273 643 3309 Annal.
698 3275 759 3320 (c)
779 3277 921 3309 Ventum
923 3270 1166 3318 seminabant.
1186 3270 1231 3314 65·-
1246 3270 1422 3310 turbinem
1444 3279 1588 3309 metent.
1609 3269 1691 3306 Ose.
1707 3276 1738 3311 8.
1758 3280 1795 3320 7.

2104 851 2121 900 “i

2108 904 2121 1014 l
