2132 3730
496 140 1471 190 SYMBOLAPOLJTIC‘A.
1830 167 1886 208 23

209 231 246 283 §.
275 230 370 270 Duo
391 229 512 268 solnm
540 230 579 268 in
602 228 790 280 ejusmodi
810 230 945 270 artium
963 232 1148 270 exercitio
1173 229 1210 269 &
1229 229 1296 269 usu
1322 231 1558 272 advertenda
1583 231 1678 273 sunt,
1754 234 1888 279 Unum

91 289 148 331 est
169 320 183 340 ,
212 299 256 329 ut
271 300 321 328 ne
335 287 460 340 palam
485 287 525 327 id
541 287 608 328 fiat
626 318 640 338 ‚
668 287 734 328 sed
748 290 845 328 intra
871 291 1046 341 privatos
1063 291 1228 343 parietes
1250 320 1262 337 ,
1292 299 1336 330 ut
1361 290 1490 332 facere
1507 290 1652 332 solebat
1665 294 1885 337 Alexander

88 350 256 390 Severus
269 347 480 400 Imperator
497 378 509 398 ,
539 348 687 388 tametfi
707 347 757 388 de
781 349 943 389 canendi
959 348 1096 402 peritia
1114 379 1127 398 ‚
1158 349 1222 388 seu
1240 360 1343 389 voce
1360 350 1399 390 id
1431 350 1562 400 fieret,
1580 352 1643 392 seu
1663 351 1886 395 instrumen-

88 412 136 449 tis
166 407 315 448 musicis
333 437 347 457 ‚
379 409 521 448 nemini
547 410 750 460 quicquam
779 409 1027 454 concederet,
1085 406 1211 449 Facile
1228 409 1403 460 plerique
1429 414 1736 462 contemnimus,
1766 412 1795 454 fi
1823 417 1885 456 cui

86 469 276 520 sceptrum
293 467 330 507 ἃ
347 469 548 519 imperium
563 470 602 508 in
621 480 752 507 manus
776 468 910 507 tradita
923 469 1037 509 'fuere
1049 498 1062 517 ,
1092 480 1181 508 eum
1198 467 1348 518 plectro
1363 479 1428 509 aut
1448 471 1628 522 penicillo
1647 484 1886 525 occupatum

86 528 296 567 videamus.
374 527 496 580 Quod
525 527 656 579 majori
675 529 788 567 etiam
815 528 970 579 dignum
990 524 1084 568 nota
1116 527 1331 576 censemus,
1353 529 1381 568 fi
1405 539 1517 569 aetate
1533 532 1782 582 provectiore
1806 533 1885 586 jam

85 588 150 634 fit,
180 588 217 626 in
234 583 308 638 qua
330 588 485 639 negotia
509 588 561 627 illi
578 588 732 639 publica
756 590 873 640 magis
893 601 991 628 curae
1005 587 1079 628 effe
1094 587 1258 636 debent,
1275 587 1388 639 quarn
1406 590 1564 640 privatae
1586 590 1796 633 istiusmodi
1813 595 1883 634 ob-

81 645 305 686 lectationes
322 677 332 694 ‚
363 646 566 698 praesertim
584 660 671 687 cum
689 649 741 686 ita
757 658 889 687 natura
908 649 1117 700 comparati
1140 646 1253 686 fimus
1266 676 1280 695 ,
1308 656 1351 686 ut
1373 648 1530 688 minime
1546 651 1758 692 incusemus
1778 654 1882 695 Prin·-

81 709 208 758 cipem
233 708 418 757 temporis
438 706 536 746 male
552 707 691 759 perditi
711 738 722 756 ‚
758 707 786 747 ss
807 708 899 747 nihil
919 709 1076 747 omnino
1093 715 1177 758 agat
1193 736 1206 754 ‚
1238 714 1303 745 aut
1321 709 1464 747 otiosus
1483 708 1527 747 fit
1550 721 1562 753 ς
1596 709 1730 750 demus
1752 722 1882 754 tamen
1940 748 1946 749 γ

81 767 116 805 ei
137 767 258 814 vitio,
284 765 539 806 fiistiusmodi
568 768 709 806 artibus
736 767 812 808 sese
833 766 960 809 dedat,
1050 768 1227 806 Alterum
1257 765 1340 816 est,
1370 776 1414 806 ut
1434 779 1484 807 ne
1509 770 1882 824 multum-temporis

79 835 144 864 aut
162 837 290 877 operae
307 827 345 864 in
372 827 415 865 iis
440 837 561 878 ponat
582 827 761 878 Princeps
781 856 793 876 ‚
824 836 889 866 aut
910 824 1084 866 Praestare
1096 827 1174 865 aliis
1193 827 1322 877 cupiat
1339 857 1351 875 ‚
1383 826 1471 867 alias
1489 829 1528 867 in
1552 840 1651 868 vana
1668 831 1728 869 illa
1754 832 1882 872 excel..

76 886 192 925 lentia
209 887 351 938 magis,
385 885 500 937 quam
516 889 554 926 in
573 887 787 939 Republica
811 887 910 925 bene
944 885 1197 925 administrata
1217 887 1471 938 aucupabitur
1494 889 1666 940 gloriam.
1758 891 1882 943 Quod

76 943 280 985 Neronem
305 946 510 996 aliquando
535 945 665 986 fecisse
679 946 937 992 meminimus,
969 947 1034 996 qui
1056 945 1203 984 dimiffis
1223 947 1372 998 imperii
1398 947 1557 987 habenis
1583 960 1734 988 currum
1752 953 1880 1005 auriga

74 1006 241 1045 malebat
263 1017 395 1057 regere
415 1037 425 1054 ,
458 1019 522 1045 aut
537 1008 672 1044 mimus
695 1006 732 1043 in
755 1005 904 1044 theatro
927 1005 1127 1056 personam
1147 1016 1259 1057 agere
1276 1036 1287 1054 ,
1320 1005 1435 1057 quam
1465 1008 1504 1047 in
1539 1009 1634 1048 orbe
1663 1009 1879 1061 Imperatom

74 1077 167 1104 rem.
233 1064 442 1104 Prudenter
460 1066 547 1104 sane
568 1067 669 1104 malo
699 1062 753 1103 isti
772 1066 842 1103 ivit
865 1064 1022 1104 obviam
1047 1065 1270 1116 Alphonsus
1291 1065 1378 1105 Rex
1397 1068 1435 1105 in
1454 1069 1641 1118 praeclaris
1656 1070 1782 1120 legum
1802 1069 1881 1110 sua-

72 1137 156 1164 rum
171 1124 367 1173 institutis,
399 1124 552 1176 quando
568 1123 616 1163 de
642 1123 831 1175 ejusmodi
850 1124 1066 1176 Principum
1089 1122 1376 1165 delectamentis
1399 1126 1607 1167 discurrens
1629 1158 1641 1177 ,
1673 1128 1725 1168 fic
1756 1132 1881 1181 loqui·

72 1195 157 1223 tur:
186 1184 276 1237 (a)
299 1185 340 1224 E
346 1182 497 1236 porende
516 1183 546 1222 el
559 1184 636 1236 Rey
657 1214 670 1232 ,
700 1198 765 1237 que
780 1180 961 1235 nostrpiese
986 1183 1025 1224 de
1049 1183 1138 1238 estas
1160 1181 1248 1235 cosas
1267 1184 1341 1225 bien
1371 1199 1394 1225 u
1406 1200 1451 1226 ar
1468 1218 1481 1237 ,
1502 1184 1610 1240 ssgzm
1639 1187 1679 1227 de
1695 1185 1740 1239 fit
1753 1202 1771 1229 o
1788 1189 1882 1230 dixi-

69 1256 138 1284 mos
163 1244 238 1283 mel
248 1242 374 1295 pecado
391 1274 403 1292 ‚
433 1242 464 1282 el
479 1242 584 1281 amal
599 1241 765 1296 assanza,
797 1258 860 1296 qne
876 1244 903 1283 le
935 1242 1015 1283 ende
1030 1246 1157 1284 vernia
1170 1276 1183 1294 ,
1202 1240 1346 1296 seguirle
1362 1258 1411 1298 yn
1425 1278 1437 1295 ‚
1468 1260 1539 1286 mm
1557 1246 1597 1287 de
1623 1247 1680 1287 ello
1697 1261 1793 1300 gran
1815 1249 1877 1289 da-

67 1315 132 1352 720,
149 1317 213 1356 que
239 1299 451 1354 envilesceria
460 1297 614 1352 fitfecho
632 1333 645 1351 ,
675 1301 826 1342 dexcmdo
848 1303 901 1342 Ias
920 1299 1007 1353 costzs
1030 1317 1182 1357 wmyores
1196 1335 1207 1354 ,
1234 1317 1260 1356 y
1283 1304 1410 1344 buetms
1434 1337 1447 1355 ,
1468 1314 1538 1357 por
1563 1307 1615 1347 las
1639 1308 1737 1355 viles,
1794 1309 1878 1349 Rex

57 1361 204 1416 proinde
230 1393 242 1410 ‚
282 1364 343 1415 qui
368 1362 460 1401 reete
490 1362 545 1400 his
573 1359 674 1400 rebus
705 1361 976 1415 quemadmodum
992 1360 1105 1415 fitpra
1147 1363 1295 1404 diximus
1311 1395 1323 1413 ‚
1351 1367 1406 1404 uti
1427 1362 1564 1416 nesciret
1585 1398 1597 1416 ,
1618 1375 1875 1421 praeterquam,

66 1421 160 1477 quod
181 1423 293 1474 gravi
306 1417 344 1472 ste
368 1420 484 1461 delicto
508 1428 613 1474 atque
631 1419 779 1461 dedecori
806 1421 980 1462 obnoxium
998 1422 1157 1463 redderet
1178 1453 1190 1472 ,
1221 1423 1319 1462 aliod
1346 1436 1476 1479 quoque
1503 1456 1514 1475 ‚
1544 1425 1643 1480 idque
1667 1439 1784 1479 grave
1814 1427 1878 1467 ad-

63 1480 196 1522 modmn
207 1487 395 1533 pateretur
417 1480 654 1521 detrimentum
674 1511 687 1531 ,
716 1480 796 1521 dum
824 1484 956 1534 negotia
968 1478 1037 1533 fita
1059 1484 1156 1523 nihili
1177 1481 1328 1535 pendens
1346 1514 1359 1532 ‚
1389 1487 1503 1537 nmgm
1520 1488 1700 1536 momenti,
1727 1499 1877 1539 magme-

62 1555 131 1596 que
161 1541 324 1581 utilitatis
353 1553 459 1581 curas
479 1539 606 1581 vilibus
629 1547 735 1594 atque
757 1541 932 1581 inmitibus
952 1540 1180 1596 posthaberet.
1239 1542 1418 1584 Eundem
1434 1545 1590 1586 abusum
1611 1576 1623 1595 ,
1656 1557 1734 1597 quo
1755 1544 1798 1585 fit
1818 1548 1875 1586 in-

66 1600 221 1640 terdum
236 1630 249 1650 ‚
280 1599 389 1652 quod
409 1600 603 1651 Principes
617 1601 749 1651 majori
764 1602 801 1640 in
817 1603 944 1654 pretio
967 1612 1065 1641 artes
1086 1603 1252 1644 habeant
1275 1632 1287 1652 ‚
1317 1616 1432 1655 quam
1459 1605 1652 1645 scientiam
1680 1605 1781 1644 bene
1796 1608 1877 1652 lauf

73 1660 327 1712 dabiliterque
343 1661 591 1714 gubernandi.
647 1660 885 1702 Mantuanus
900 1664 1016 1703 etiam
1035 1662 1158 1702 Poe'ta
1184 1664 1376 1715 eleganter
1396 1664 1454 1704 his
1474 1669 1596 1717 carpit
1615 1665 1789 1707 versibus
1808 1679 1819 1705 z

198 1780 227 1842 ζ
235 1777 312 1841 b)
352 1774 600 1830 Excudent
629 1773 722 1827 alii
731 1773 984 1843 spirantia
1013 1776 1211 1829 mollit’ts
1229 1796 1352 1835 cera,

206 1844 360 1898 Credo
384 1845 606 1912 equidem
638 1847 791 1894 vivos
818 1843 984 1897 ducent
1005 1845 1063 1896 de
1093 1865 1341 1898 marmore
1368 1847 1540 1902 vultus
1563 1883 1578 1905 2

196 1914 424 1967 Orabunt
445 1908 623 1982 cazffts
651 1913 822 1965 melias
841 1950 857 1970 ‚
893 1916 934 1964 C
938 1915 1107 1984 aelique
1130 1930 1318 1968 meatus

204 1982 484 2053 Destribent
507 1982 643 2036 radio
663 2021 679 2041 ‚
715 1981 1031 2057 &surgentia
1050 1985 1209 2052 fideret
1249 1985 1416 2041 dicent.

201 2059 249 2108 Ἰ
255 2074 287 2108 u
312 2073 464 2127 regere
482 2057 684 2126 imperio
707 2054 908 2125 populos
929 2057 1146 2108 Romane
1164 2071 1399 2111 memento

200 2128 296 2180 Hae
315 2129 407 2179 tibi
425 2140 560 2180 erunt
579 2139 705 2178 artes
726 2159 740 2180 ‚
771 2130 976 2197 pacique
994 2131 1230 2197 imponere
1266 2148 1479 2189 morem,

200 2200 404 2252 Parcere
421 2195 652 2270 subjectis
675 2214 690 2259 ;
726 2197 793 2252 ὡ*
817 2197 1051 2251 debellare
1070 2199 1312 2268 superbos.

156 2329 193 2382 §.
224 2328 277 2371 Et
297 2329 448 2371 tametsi
475 2327 606 2371 Poesss
622 2340 705 2382 pars
737 2327 783 2370 fit
808 2327 1003 2373 Muficaet
1034 2330 1140 2383 quod
1161 2332 1264 2372 enim
1279 2329 1327 2384 lin
1346 2328 1420 2372 hac
1437 2330 1588 2385 praestat
1610 2344 1726 2375 tonus
1743 2338 1869 2389 gravis

58 2390 98 2431 &
124 2400 257 2431 acutus
273 2421 285 2440 ‚
314 2391 443 2431 hocin
465 2387 526 2430 illa
546 2390 711 2430 efficiunt
741 2400 922 2430 accentus
944 2389 1167 2440 syllabarum
1190 2422 1203 2441 ,
1235 2392 1272 2432 &
1293 2396 1547 2434 consonantes
1565 2407 1574 2434 :
1606 2394 1739 2448 estque
1759 2406 1869 2436 exer·

58 2453 191 2495 tritium
220 2452 298 2490 hoc
315 2463 393 2502 prae
418 2452 484 2491 illo
509 2449 623 2503 longe
643 2450 808 2490 nobilius
827 2479 842 2500 ‚
869 2449 961 2490 illud
984 2453 1128 2503 quippe
1157 2463 1340 2493 manuum
1357 2452 1439 2500 est3
1472 2454 1551 2494 hoc
1569 2455 1684 2495 solius
1703 2457 1868 2509 ingenii,

57 2510 151 2551 illud
177 2509 224 2548 ad
249 2511 514 2551 delectandum
538 2523 550 2558 3
583 2511 659 2550 hoc
684 2509 915 2550 delectando
934 2510 981 2550 ad
1003 2509 1276 2552 instruendum.
1336 2512 1396 2552 Ut
1414 2522 1544 2554 tamen
1566 2515 1619 2554 ita
1644 2515 1690 2555 fit
1706 2528 1786 2556 non
1808 2517 1867 2556 vi-

57 2570 171 2610 detur
189 2571 346 2611 omnino
361 2572 571 2612 convenire
588 2570 749 2623 Principi
763 2600 776 2621 ‚
805 2569 1013 2623 propterea
1030 2571 1137 2624 quod
1158 2574 1250 2613 mira
1271 2572 1351 2625 ejus
1371 2572 1539 2613 dulcedo
1557 2575 1766 2615 nobiliores
1789 2577 1867 2616 ani-

56 2632 108 2670 mi
129 2628 297 2669 actiones
319 2631 431 2671 valde
448 2630 651 2684 impediat3
683 2643 771 2671 nam
790 2631 856 2680 ubi
876 2631 991 2671 semel
1021 2642 1284 2684 conceptuum
1309 2632 1498 2683 ejusmodi
1524 2634 1690 2674 humana
1727 2648 1836 2676 mens
1853 2667 1865 2685 ‚

56 2692 167 2730 velut
201 2690 409 2742 philomela
436 2689 569 2731 cantus
594 2690 645 2730 sui
662 2691 846 2732 suavitate
870 2721 882 2739 ,
915 2700 1027 2743 capta
1044 2690 1161 2732 fuerit
1181 2723 1193 2741 ‚
1226 2692 1272 2731 ab
1300 2693 1343 2731 iis
1371 2691 1511 2733 deinde
1537 2695 1650 2733 avelli
1680 2693 1758 2735 sese
1783 2707 1864 2736 non

56 2751 164 2798 finit,
196 2758 311 2801 atque
328 2752 380 2790 ita
401 2753 501 2791 acuit
518 2752 556 2791 se
581 2750 845 2791 subtilitatibus
870 2751 1036 2791 poeticis
1053 2780 1065 2801 ,
1096 2763 1138 2792 ut
1159 2751 1294 2804 postea
1315 2752 1494 2793 hebescat
1518 2752 1672 2806 penitus
1692 2784 1705 2803 ,
1736 2754 1774 2795 &
1795 2755 1865 2795 ob-

56 2820 224 2849 coecetur
246 2810 500 2851 molestiarum
533 2811 671 2851 duritie
703 2812 740 2852 &
766 2811 965 2864 asperitate
985 2842 998 2861 ‚
1038 2823 1130 2863 quas
1161 2813 1198 2852 in
1227 2813 1410 2864 regimine
1431 2811 1581 2863 subire,
1619 2812 1770 2854 necesse
1794 2814 1864 2860 est.

55 2869 83 2922 ζ
83 2868 122 2925 c)
160 2869 239 2910 Vile
254 2877 367 2911 autem
393 2871 588 2911 exercitium
607 2871 797 2922 putandum
827 2869 875 2918 es}
890 2903 902 2921 ,
932 2870 984 2916 &⁹
1002 2884 1066 2910 ars
1091 2902 1102 2920 ‚
1132 2870 1184 2916 &9
1203 2868 1368 2923 discsplina
1393 2903 1404 2921 ,
1433 2886 1636 2926 quaecunqzte
1652 2883 1785 2927 corpus,
1798 2882 1863 2916 aut

53 2931 236 2977 amimam,
267 2939 330 2971 aut
349 2937 487 2971 mentem
510 2929 605 2971 liberi
631 2930 768 2971 hominis
791 2930 842 2971 ad
855 2929 945 2983 ustam
962 2961 973 2979 ,
1005 2930 1057 2975 &⁹
1076 2940 1177 2983 opera
1209 2933 1356 2971 virtutis
1381 2933 1529 2973 inutilem
1559 2932 1717 2974 reddant*
1779 2933 1862 2974 Un-

56 2989 105 3029 de
128 2989 247 3041 porro
269 2990 312 3030 fit
329 3021 341 3039 ‚
371 3002 414 3030 ut
430 2991 458 3030 si
478 2992 517 3030 in
538 2991 784 3043 gubernando
805 3004 885 3031 non
911 3003 995 3031 eam
1021 2992 1134 3031 animi
1156 2992 1398 3044 voluptatem
1425 3021 1437 3042 ,
1467 3005 1580 3044 quam
1595 2994 1633 3033 in
1653 2993 1862 3046 pangendis

56 3049 230 3090 versibus
257 3050 439 3105 Princeps
460 3081 472 3101 ,
500 3053 663 3102 reperiat
680 3081 693 3101 ‚
724 3063 852 3092 curam
875 3051 981 3092 istam
1007 3052 1241 3104 praecipuam
1257 3052 1296 3093 in
1313 3049 1514 3105 postremis
1538 3053 1678 3093 habeat
1696 3081 1710 3104 ,
1739 3052 1777 3092 &
1801 3051 1860 3095 fu.

984 3110 1014 3151 r·
1049 3123 1072 3151 α
1781 3113 1860 3166 aiat

57 3191 1376 3261 Wgssmb.
1399 3219 1432 3254 8.
1454 3212 1532 3250 Pol.
1552 3223 1627 3260 cap.
1656 3223 1694 3248 2.
