2132 3730
239 270 299 310 94
691 249 1033 292 DIDACJ
1098 249 1638 296 SAAVEDRAE

1274 317 2042 330 -—--——-——-———-——-—-——————--—-

238 342 345 381 suum
364 340 533 380 Flavium
556 335 584 387 ζ
599 337 663 386 qui
684 336 899 375 Romanam
929 334 1157 386 sequebatur
1181 334 1454 390 factionemgy
1484 336 1591 388 quod
1622 349 1712 378 cum
1738 341 1895 379 oculum
1919 330 2052 391 perdi·

238 400 347 441 disset
369 402 405 439 in
425 398 554 450 praelio
570 425 583 444 ,
615 393 689 448 (a)
717 401 890 449 torquem,
918 406 1098 443 coronam,
1127 393 1260 447 aliaque
1280 396 1446 437 militaria
1471 395 1559 436 dom
1585 405 1804 450 memoraret,
1830 399 1918 440 vilia
1932 396 2051 450 servi-

237 461 442 512 tiipraemr'a.
504 452 631 495 Probe
660 455 923 508 intelligebant
956 454 1303 506 Romani,vquanti
1337 455 1386 496 ad
1421 467 1629 498 commune
1660 457 1808 500 bonum
1837 456 2051 508 interesset,

239 519 525 559 oestimationem
541 516 785 567 praeniiorum
806 514 962 555 istorum
982 516 1019 554 in
1041 515 1242 555 hominum
1268 516 1400 556 animis
1428 517 1668 564 conservam
1699 516 1789 558 ideo
1814 519 1863 559 de
1889 519 2051 559 dotibus

238 581 376 631 quibus
392 574 613 615 instruetum
641 574 716 615 ess'e
737 584 937 628 oporteret
961 576 1143 624 militem,
1173 583 1217 613 ut
1242 586 1423 617 coronam
1450 575 1473 616 e
1500 589 1646 630 quercu
1672 581 1899 619 commereri
1913 574 2052 632 posset,

240 650 327 676 cum
345 636 504 675 Tiberio
525 634 763 687 Imperatore
787 636 1040 676 consultatum
1068 634 1156 679 fuit.
1215 633 1257 674 In
1273 635 1479 689 infignibus
1501 636 1540 677 S.
1559 637 1695 690 Jacobi
1711 636 1736 691 (
1748 639 1940 689 praesentis
1961 637 2055 679 Em·

236 697 412 736 blematis
438 697 580 741 icone,
608 699 737 735 multae
767 697 1032 748 exprimuntur
1063 695 1201 741 dotes,
1233 707 1325 746 quas
1343 694 1432 736 ante
1448 697 1690 738 confiderare
1716 708 1902 749 oportet,
1933 697 2051 750 qu‘am

234 757 485 808 praemiiloco
512 755 737 794 tribuantur.
795 755 902 795 Nam
938 757 1108 807 inprimis
1137 755 1246 807 supra
1269 755 1458 797 concham
1486 757 1761 808 efformantur,
1797 769 1885 809 quae·
1915 757 1936 797 a
1958 758 2052 798 mari

234 825 482 868 procreatur,
510 824 598 854 nata
614 816 712 854 inter
725 813 888 865 fluetus,
918 815 956 855 &
977 815 1025 854 ad
1051 816 1201 855 labores
1240 813 1362 863 facta,
1391 816 1431 854 in
1455 818 1560 867 cujus
1577 817 1743 857 candido
1766 817 1849 858 finu
1887 817 2052 869 resplen-

234 875 301 916 det
327 877 443 924 unio,
474 875 526 914 ob
546 876 751 927 puritatem
768 874 895 925 suam,
925 874 964 914 δε
991 876 1078 927 quia
1104 875 1152 915 de
1171 887 1258 915 rore
1289 876 1369 915 caeli
1396 877 1636 928 concipitur,
1662 876 1827 918 Virtutis
1853 888 1898 916 ac
1921 875 2051 916 Nobi-

233 937 347 975 litatis
366 935 608 984 Symbolum.
667 933 706 972 Si
725 933 882 988 infignia
905 933 972 974 ista
991 934 1201 975 infantibus
1218 936 1256 975 in
1274 936 1380 974 cunis
1391 934 1679 985 conferrentur,
1710 939 1849 985 antiis,
1869 937 1934 990 qui
1953 948 2051 976 non-

234 995 326 1035 dum
350 993 603 1047 praestiterunt
622 993 829 1044 obsequia,
855 996 974 1048 gratia
1007 1004 1142 1045 erunt,
1172 1007 1252 1034 non
1278 997 1489 1047 praemium.
1552 995 1651 1047 Quis
1679 995 1869 1049 obsequiis
1893 1008 1940 1036 ea
1961 1008 2053 1049 pro-

233 1056 371 1095 mereri
387 1054 616 1102 conabitur,
643 1052 673 1093 fi
693 1052 886 1107 diligentia
900 1055 1079 1095 obtinere
1107 1055 1248 1106 poffit?
1277 1055 1352 1095 Pro
1383 1056 1514 1095 militia
1530 1053 1698 1095 instituta
1714 1053 1847 1105 fuere,
1877 1068 1957 1096 non
1977 1068 2052 1108 pro

230 1126 353 1167 pace,·
383 1113 562 1166 adeoque
599 1114 699 1154 inter
735 1114 837 1154 solos
868 1125 937 1155 eos
968 1113 1136 1155 distribui
1176 1125 1400 1167 oporteret,
1440 1117 1504 1166 qui
1544 1116 1583 1154 in
1618 1116 1730 1154 armis
1759 1116 1860 1156 suam
1892 1114 2049 1168 probas-

227 1175 314 1215 sent
352 1172 599 1222 industriam,
634 1183 700 1213 aut
738 1183 904 1225 quatuor
945 1176 1147 1215 minimum
1194 1177 1300 1215 annis
1344 1175 1397 1214 fic
1432 1173 1652 1215 meruissent
1682 1173 1892 1227 stipendia,
1920 1184 1965 1214 ut
1993 1173 2050 1214 di-

229 1236 295 1288 gni
342 1233 461 1274 effent
505 1233 688 1273 centuriis
735 1233 841 1288 (b)
877 1233 1021 1286 praefici
1049 1248 1057 1274 :
1111 1235 1219 1286 quod
1257 1235 1286 1275 fi
1330 1233 1469 1284 fieret,
1518 1234 1648 1287 plures
1685 1234 1806 1275 dubio
1851 1235 1990 1287 procul
2028 1232 2052 1274 ὲ

226 1293 449 1334 Nobilitate
489 1292 539 1333 ad
568 1294 740 1334 militiam
791 1296 1030 1346 appellerent
1073 1297 1241 1334 animum
1257 1325 1269 1344 ,
1308 1295 1505 1347 magisque
1543 1305 1643 1334 artes
1680 1294 1860 1334 militares
1900 1294 2051 1335 efflore-

229 1356 392 1399 sterent,
452 1351 487 1392 E
500 1352 651 1405 porende
678 1352 807 1407 (dixit
824 1353 1047 1406 Alphonsus
1074 1353 1199 1407 Rex)
1227 1356 1479 1407 muiguamente
1499 1355 1547 1394 los
1572 1353 1703 1395 Nobles
1727 1353 1768 1393 de
1795 1350 1957 1405 Espana,
1987 1366 2053 1406 que

225 1411 381 1467 fitpleron
405 1413 525 1452 mucha
547 1411 589 1453 de
609 1425 767 1465 guerra,
796 1425 883 1454 como
910 1412 1066 1454 bi-vieron
1076 1411 1224 1466 fiempre
1242 1427 1283 1454 en
1307 1415 1393 1463 ella,
1415 1413 1573 1466 pusieron
1591 1410 1771 1464 stnalados
1797 1412 2003 1465 gualadores
2027 1413 2053 1452 ὰ

228 1475 301 1524 los,
332 1487 396 1527 que
419 1472 493 1512 bien
518 1469 684 1528 fizieffi’n.
763 1472 992 1530 Quapropter
1024 1475 1126 1514 etiam
1156 1476 1353 1526 antiquitus
1379 1470 1532 1525 Hispani
1562 1473 1727 1521 Nobiles,
1757 1475 1819 1528 qui
1840 1471 2051 1527 quemadmo-

228 1533 310 1574 dum
328 1540 464 1573 aetatem
478 1545 609 1575 omnent
626 1533 716 1572 inter
733 1544 836 1571 arma
859 1532 1057 1585 exigebant,
1086 1535 1140 1574 ita
1159 1533 1233 1575 belli
1256 1540 1359 1574 erant
1381 1531 1596 1587 peritifflmi,
1625 1531 1774 1585 ingentia
1798 1533 1864 1581 iis,
1894 1532 1954 1586 qui
1975 1544 2051 1572 rem

229 1592 309 1634 hene
325 1589 513 1645 geffiſjemt,
533 1587 902 1643 prcennaproposuere.
970 1591 1065 1633 Hoc
1088 1593 1176 1644 quia
1191 1592 1321 1634 facere
1338 1594 1593 1645 neglexerunt
1614 1591 1893 1640 Athenienses,
1925 1592 2054 1632 omni·

230 1653 304 1692 bus
326 1651 491 1692 fortunis
516 1650 554 1689 δι
572 1650 757 1702 dignitate
781 1652 967 1701 expoliati
989 1648 1099 1691 fuere
1123 1650 1145 1691 a
1175 1649 1244 1706 (c)
1278 1651 1583 1699 Macedonibus,
1641 1651 1863 1692 Alexander
1881 1649 2057 1692 Severus

227 1711 463 1763 Imperator,
494 1721 583 1749 cum
604 1707 732 1760 probe
762 1707 888 1748 nosset
917 1709 1062 1749 referre
1090 1708 1207 1761 quam
1228 1710 1463 1762 plurimum,
1493 1722 1538 1750 ut
1569 1721 1862 1752 remunerentur
1887 1706 2051 1760 milites,

228 1773 348 1811 imino
376 1769 670 1810 fundamentum
689 1767 728 1808 δε
747 1768 989 1810 securitatem
1012 1770 1162 1821 imperii
1174 1770 1215 1809 in
1233 1780 1282 1809 eo
1297 1768 1400 1822 pene
1418 1768 1645 1819 consistere,
1675 1770 1754 1824 (d)
1780 1781 1906 1810 aurum
1921 1767 1973 1814 &⁹
1989 1782 2052 1810 ar·

226 1840 363 1884 gentum
380 1830 463 1869 roro
479 1831 634 1880 cuiquam
653 1827 718 1880 nist
741 1829 840 1868 militi
858 1827 996 1877 divisit,
1024 1825 1127 1880 nefas
1151 1825 1210 1882 effe
1229 1828 1364 1879 dicens,
1387 1836 1430 1870 ut
1458 1825 1659 1883 dispenstztor
1672 1829 1832 1883 publicus
1850 1831 1888 1870 in
1909 1827 2053 1871 deleci‘a-

229 1893 337 1931 tiones
357 1888 434 1936 (itas
459 1886 510 1931 &⁹
523 1885 664 1937 sitorum
685 1894 920 1935 converteret,
948 1887 988 1926 id
1007 1886 1100 1938 quod
1108 1889 1345 1938 provinciales
1358 1885 1528 1940 dedg’ffent.

409 1948 572 1998 Reliqua
591 1947 750 1998 proemia
775 1947 998 1985 communia
1017 1944 1091 1985 smt
1115 1946 1318 1995 omnibus,
1349 1946 1415 1997 qui
1433 1946 1498 1985 seu
1520 1946 1627 1986 domi
1643 1947 1708 1986 seu
1732 1948 1875 1988 militiae
1893 1945 2054 1989 floren&

231 2009 275 2052 In
299 2010 403 2049 hunc
420 2006 538 2047 finem
554 2006 718 2056 opibus,
747 2004 964 2045 honoribus
986 2004 1023 2045 ὅτ.
1038 2004 1261 2045 muneribus
1278 2007 1470 2057 sceptrum
1487 2004 1663 2046 dotatum
1688 2004 1784 2054 fuit,
1812 2018 1888 2047 nec
1911 2016 2051 2060 negata

233 2081 363 2111 tamen
388 2069 504 2108 etiam
520 2064 677 2121 Justitiae
708 2063 938 2113 auctoritas,
966 2072 1011 2103 ut
1027 2064 1100 2103 hac
1113 2065 1290 2105 nimirum
1316 2063 1497 2116 Princeps
1514 2064 1652 2103 delicta
1676 2066 1831 2115 puniat,
1863 2064 1935 2106 illis
1951 2065 2052 2108 verb

167 2137 170 2141 '
230 2128 430 2171 Virtutem
443 2126 480 2166 ὃς
495 2125 608 2167 animi
627 2123 888 2164 excelsitatem
899 2131 1177 2163 remuneretur.
1234 2122 1390 2164 Etenim
1404 2121 1587 2178 (utidixit
1604 2122 1632 2174 C
1630 2121 1666 2175 f
1669 2123 2055 2182 JAlphonsusRex)

234 2191 325 2232 Boeo
332 2196 401 2241 por
421 2186 514 2235 bien,
546 2197 564 2225 e
584 2183 654 2224 mal
663 2191 734 2236 por
756 2181 825 2224 mal
844 2180 1029 2224 recihiendo
1054 2183 1102 2225 los
1120 2182 1224 2224 Omes
1235 2179 1341 2236 ftgun
1357 2179 1402 2235 su
1422 2184 1681 2234 merecimiento‚
1710 2197 1747 2223 es
1770 2181 1928 2238 Justicia
1942 2215 1955 2234 ‚
1984 2197 2053 2239 que

225 2248 318 2303 fae-'e
334 2255 511 2289 montener
540 2245 594 2285 las
619 2241 710 2295 ¹cofizs
736 2255 778 2284 en
799 2242 886 2285 buen
912 2240 1036 2296 estado.
1096 2241 1138 2283 Si
1154 2252 1223 2295 pro
1241 2242 1323 2283 hono
1340 2242 1479 2292 bonum,
1499 2251 1569 2295 pro
1591 2243 1675 2283 malo
1696 2243 1818 2283 malum
1842 2250 1884 2284 ut
1904 2245 2051 2298 quisque

234 2312 381 2351 meritus
403 2304 524 2360 fuerit
536 2336 549 2355 ,
577 2306 745 2356 reczjoiant
771 2305 942 2353 hominem
972 2302 1043 2344 haec
1073 2301 1203 2359 denium
1221 2300 1362 2358 justitia
1381 2301 1428 2358 cst
1441 2333 1454 2351 ,
1482 2315 1553 2356 qna
1574 2316 1632 2343 res
1655 2316 1765 2344 omnes
1778 2299 1915 2354 stzlvae,
1945 2311 2053 2358 atquo

231 2370 407 2411 incolumes
443 2364 697 2417 cmzst27·ventur.
785 2363 995 2404 Rationem
1027 2362 1124 2403 infra
1159 2362 1224 2403 dat
1260 2363 1312 2403 Ca
1348 2361 1415 2402 dar
1442 2360 1635 2416 guulardon
1666 2364 1690 2403 ὰ
1718 2363 1766 2402 los
1796 2375 1862 2415 que
1881 2361 1958 2418 {zion
1978 2359 2051 2414 fa-

235 2441 302 2470 ·zen
318 2458 330 2477 ,
359 2441 395 2468 es
421 2423 491 2478 ccfiz
511 2457 523 2475 ‚
553 2437 620 2480 que
650 2424 808 2464 conviem
843 2424 958 2464 mucho
989 2422 1013 2463 o)
1046 2422 1139 2464 todos
1167 2424 1215 2464 Ios
1253 2422 1358 2463 Omes
1375 2453 1386 2471 ,
1415 2436 1457 2462 en
1484 2436 1548 2476 que
1575 2422 1622 2463 ha
1659 2420 1796 2462 bondad
1808 2453 1820 2471 ,
1851 2435 1870 2461 e
1914 2435 2049 2476 mayor-

233 2496 343 2529 mente
366 2488 389 2527 ὰ
405 2487 452 2526 los
467 2483 619 2539 grandes
635 2481 779 2523 Senores
791 2513 804 2532 ,
833 2496 899 2538 que
916 2485 987 2524 han
996 2483 1103 2536 poder
1117 2482 1159 2524 de
1176 2479 1339 2535 lofazer.
1399 2481 1542 2535 Porque
1564 2496 1605 2523 en
1625 2480 1840 2537 gualardona
1858 2481 1905 2522 los
1926 2481 2050 2524 huenos

225 2546 351 2601 fi’chos
368 2545 518 2596 mueslra
532 2541 572 2595 ,β
580 2552 651 2596 por
667 2540 826 2595 conoscido
843 2543 874 2584 el
892 2557 957 2598 que
979 2544 1007 2584 lo
1024 2540 1131 2594 faze,
1162 2557 1181 2584 e
1207 2551 1281 2586 otro
1292 2541 1331 2595 fi
1351 2549 1422 2594 por
1445 2543 1483 2595 ju
1506 2544 1624 2587 deiero.
1686 2542 1737 2582 Ca
1763 2541 1798 2581 la
1820 2538 1882 2594 Ju
1911 2543 1979 2583 icio
2004 2554 2049 2584 no

235 2621 271 2648 es
300 2616 363 2648 ton
377 2604 560 2659 solamente
580 2617 621 2644 en
641 2600 863 2654 escarnzenter
889 2604 937 2644 los
952 2605 1077 2653 males,
1105 2617 1181 2644 mas
1202 2615 1271 2644 aun
1289 2616 1330 2643 en
1356 2601 1425 2643 dar
1443 2601 1632 2656 gualardon
1653 2610 1723 2655 por
1752 2601 1799 2642 los
1823 2600 1945 2642 bienes.
2006 2601 2051 2644 E

237 2667 353 2709 demas
372 2664 461 2720 desto
477 2661 570 2707 nasoe
585 2662 665 2704 ende
680 2671 759 2703 otra
769 2671 839 2715 pro
850 2694 864 2713 ,
896 2676 938 2703 ca
957 2663 1000 2704 do
1019 2663 1192 2705 voluntad
1203 2665 1226 2703 ὰ
1241 2663 1288 2704 los
1306 2662 1449 2713 buenos,
1470 2672 1569 2716 para
1571 2659 1631 2715 ser
1654 2660 1735 2702 toda
1753 2662 1818 2702 via
1835 2660 1972 2713 meJ‘ores
1984 2692 1998 2710 ,
2025 2675 2046 2702 o

236 2728 260 2767 o
277 2728 324 2768 los
339 2727 443 2768 malos
449 2733 549 2778 para
563 2720 762 2774 ememlaosse.
820 2724 917 2765 Bene
928 2725 1013 2764 enim
1026 2726 1161 2765 meritos
1175 2725 1414 2772 remunerari,
1443 2737 1517 2764 cum
1535 2723 1627 2764 bonis
1647 2721 1816 2770 omnibns,
1843 2728 1917 2768 tum
1932 2719 2047 2761 Prin·

236 2787 365 2838 apibus
390 2788 554 2835 maxime,
583 2783 707 2838 quibus
731 2783 771 2825 id
776 2780 935 2836 faciendi
947 2780 1109 2837 facultas
1127 2783 1177 2840 est
1202 2783 1362 2836 angolior,
1390 2785 1555 2824 convenit.
1614 2783 1714 2823 Nam
1739 2782 1800 2835 qui
1826 2780 1917 2821 reste
1934 2776 2048 2831 faft'a

226 2847 385 2900 proemiis
405 2842 646 2901 prosequitur,
674 2842 727 2888 &⁹
750 2851 892 2897 gratum
897 2841 936 2895 se
955 2857 1208 2899 memoremque,
1237 2842 1428 2899 &justum
1437 2843 1541 2896 fimul
1563 2840 1716 2897 offendit.
1772 2837 1933 2896 Justitice
1950 2841 2050 2893 quip-

232 2914 278 2959 pe
291 2907 473 2958 proprium
498 2903 545 2960 est
566 2916 631 2945 non
653 2903 831 2945 emendare
845 2902 954 2958 solum
979 2905 1106 2956 malos,
1125 2901 1191 2956 fi’d
1207 2903 1261 2951 ἐξ)
1286 2903 1384 2945 honos
1403 2905 1632 2946 remunerari.
1689 2901 1790 2960 Quin
1806 2897 1859 2944 &⁹
1881 2898 1951 2939 alia
1969 2899 2047 2941 inde

1973 2961 2046 3000 uti-

344 3057 403 3101 (a)
427 3054 544 3093 Tacit.
573 3057 634 3096 lib.
668 3071 698 3102 1,
730 3060 862 3097 Annal.
927 3060 988 3107 (b)
1015 3059 1160 3096 Honoris
1189 3069 1439 3110 argumentum
1457 3073 1525 3096 non
1546 3054 1752 3096 ambitione,
1765 3052 1834 3103 fi’d
1858 3052 1974 3091 lab07e
1994 3052 2049 3093 ad

239 3119 513 3161 unumquemque
527 3112 691 3147 convenit
725 3114 898 3151 ervenire.
925 3113 949 3149 l.
975 3123 1101 3149 contra
1115 3109 1294 3159 publicam
1313 3112 1357 3149 C.
1381 3125 1420 3149 re
1438 3111 1541 3149 milit.
1593 3109 1650 3156 (C)
1676 3109 1719 3145 L·
1748 3119 1778 3148 1·
1799 3118 1843 3145 tt.
1864 3118 1927 3154 27.
1948 3119 1984 3156 P·
2005 3119 2042 3144 2·

239 3161 302 3207 (d)
335 3164 422 3196 vanc
439 3161 605 3214 veelzgal
614 3160 685 3214 pub
698 3165 806 3206 icum,
831 3178 894 3217 quo
911 3163 1021 3201 aureax
1037 3163 1186 3202 milites,
1209 3161 1255 3205 όν
1280 3166 1429 3217 remiges
1446 3161 1652 3200 alebantur,
1680 3173 1758 3197 cum
1778 3157 1911 3197 urbano
1925 3157 2046 3211 populo

241 3211 362 3250 dividi
379 3222 541 3265 creptum,
565 3212 687 3267 quibus
704 3214 804 3253 rebus
829 3214 992 3268 offellum
1016 3214 1080 3266 est,
1104 3225 1147 3252 ut
1165 3215 1261 3252 inter
1287 3218 1364 3253 otia
1394 3221 1579 3254 Graecorum
1591 3211 1776 3259 sordidum
1796 3211 1843 3256 ὦ·
1871 3209 2044 3258 Obstumm

241 3262 352 3301 antee
374 3265 607 3307 Macedonum
640 3280 761 3307 nomm
781 3279 985 3321 emergeret.
1010 3270 1123 3319 Trog.
1145 3267 1205 3306 lib.
1232 3274 1265 3308 6.
1317 3273 1376 3318 (e)
1399 3270 1523 3318 Lamp.
1546 3265 1584 3307 in
1607 3264 1686 3304 vita
1707 3266 1816 3305 Alex·
1869 3264 1934 3316 (f)
1959 3262 2041 3305 Lib·

243 3330 279 3355 2.
297 3326 339 3353 tt.
358 3328 418 3365 27.
436 3331 470 3368 p.
491 3333 527 3364 2,
