2132 3730
307 233 390 271 174
740 209 1087 256 DIDACI
1137 208 1673 254 SAAVEDRAE.

301 304 336 344 E
365 315 442 355 quo
461 302 523 341 die
547 297 759 338 actionibus
781 293 978 334 hostilibus
995 293 1032 333 &
1051 292 1327 333 incursionibus
1340 292 1459 334 fiebat
1476 294 1637 334 initium.
1698 294 1824 347 Hujus
1839 294 2102 339 denunciatio-

299 366 358 405 nis
386 364 502 403 multa
522 360 562 398 in
581 357 689 396 sacris
709 355 842 394 litteris
861 354 1068 406 suppetunt
1098 354 1287 405 exempla.
1346 353 1488 406 Jephte
1501 353 1748 397 Israelitarum
1767 355 1847 397 dux
1866 356 1901 397 δι
1923 357 2107 411 Princeps

298 436 380 465 non
405 419 508 474 prius
527 425 661 455 contra
679 415 921 455 Ammonitas
939 426 1039 453 arma
1049 412 1225 464 sumpsit,
1243 411 1357 465 quam
1372 413 1481 453 miffis
1497 413 1545 453 ad
1564 425 1632 454 eos
1650 416 1781 467 legatis
1801 416 2005 458 sciscitatus
2019 417 2108 459 fuis·

299 484 354 523 set
381 478 526 520 causam
546 505 559 525 ,
590 487 657 515 cur
674 475 726 514 illi
742 476 885 515 bellum
907 473 979 529 (a)
1013 470 1266 525 suscepissent.
1323 472 1489 514 -Horum
1515 472 1732 514 nostrorum
1756 484 1995 530 temporum,
2024 489 2108 519 non

299 554 376 582 tam
393 541 580 579 humanus
603 566 616 586 ,
646 547 690 575 ac
709 535 912 588 generosus
927 546 1013 574 mos
1031 531 1097 573 est.
1156 530 1260 573 Ante
1277 532 1368 573 belli
1390 535 1608 586 experimur
1626 534 1810 586 effeetus,
1826 537 1938 589 quam
1958 538 2007 578 de
2018 550 2110 578 cau-

298 603 334 642 sa
357 596 525 646 constet,
553 606 619 636 aut
641 594 795 635 consilia
815 604 1079 647 penetrentur.
1140 592 1341 644 Inopinata
1356 593 1393 649 ὃς
1410 594 1615 646 improvisa
1630 595 1776 636 invasio
1789 599 2005 649 graviorem
2023 598 2112 638 red-

298 661 352 700 dit
365 658 536 710 injuriam
553 687 565 705 ,
596 656 634 696 &
654 657 771 708 magis
797 655 1056 708 implacabiles
1086 653 1246 692 animos.
1307 652 1430 705 Quod
1447 654 1537 695 inde
1551 653 1635 694 fere
1654 657 1797 705 oritur,
1829 659 1917 709 quia
1935 670 2016 699 non
2030 667 2111 700 tam

297 732 400 760 arma
420 719 621 770 capiuntur
640 746 652 766 ‚
682 715 731 755 ad
750 715 1070 769 compensandam
1090 713 1259 764 injuriam
1283 742 1295 760 ‚
1325 722 1390 752 aut
1406 715 1684 756 resarciendum
1709 715 2036 769 damnum,quam
2058 728 2111 759 ex

296 792 399 820 caeca
431 777 594 830 quadam
613 777 822 816 ambitione
858 775 905 815 ad
923 772 1133 814 dilatandos
1152 773 1396 813 diminiorum
1417 772 1538 823 fines;
1569 788 1644 828 qua
1664 778 1702 816 in
1719 787 1761 816 re
1787 788 1861 816 nec
1880 778 2110 830 Religionis,

296 852 370 880 nec
394 838 578 891 sanguinis
594 867 607 887 ‚
635 849 709 877 nec
733 837 907 876 amicitiae
927 835 1000 874 ulla
1028 833 1191 874 habetur
1219 834 1317 873 ratio
1338 862 1351 882 ‚
1382 836 1609 876 concultatis
1640 835 1884 877 sacrosanctis*
1904 836 2052 888 juribus
2070 837 2111 878 δε

295 899 458 940 Naturae
472 897 510 937 &
526 897 724 937 Gentium.
1676 938 1681 944 ἢ

449 957 483 1009 §.
516 956 555 996 Si
573 968 670 1008 quos
685 955 876 995 interdum
901 954 950 995 de
969 951 1193 994 infidelitate
1217 950 1399 1004 Princeps
1420 952 1613 1005 suspectos
1634 955 1839 1006 habuerit,
1862 958 1995 997 vultus
2012 956 2111 996 sere-

295 1021 453 1061 nitatem
467 1028 516 1056 ne
534 1016 637 1056 illico
657 1017 855 1065 immutet,
872 1023 937 1054 aut
960 1009 1178 1065 suspicionis
1205 1011 1278 1051 suae
1295 1014 1417 1065 aliqua
1434 1013 1576 1066 prodat
1589 1014 1748 1064 indicia,
1769 1017 1861 1067 quin
1882 1015 2014 1069 potius
2037 1029 2110 1056 no·

296 1081 356 1119 vis
374 1076 562 1117 blanditiis
579 1076 617 1116 &
644 1076 858 1116 honoribus
887 1073 1115 1114 confirmare
1132 1071 1280 1111 studeat
1297 1074 1469 1123 animos,
1501 1073 1538 1113 ἃ.
1557 1073 1605 1113 ad
1624 1073 1847 1115 fidelitatem
1857 1075 2109 1128 praestandam

297 1136 545 1190 obstringere.
602 1135 702 1176 Non
720 1137 912 1189 optimum
933 1135 1080 1186 semper
1097 1163 1109 1182 ,
1140 1131 1178 1170 δι
1200 1132 1375 1172 securum
1393 1133 1606 1174 remedium
1624 1133 1679 1173 est
1701 1143 1895 1175 extremus
1915 1137 2109 1188 rigortra-

294 1200 375 1248 mi,
405 1198 470 1250 qui
485 1197 722 1246 resecantur,
739 1205 914 1249 pereunt,
938 1197 1025 1246 quia
1039 1191 1269 1233 revirescere
1290 1204 1370 1232 non
1397 1192 1565 1245 possunt.
1625 1193 1774 1234 Eadem
1805 1194 1997 1235 Marcello
2019 1207 2115 1250 cau-b

295 1259 332 1299 sa
349 1257 442 1306 fuit,
472 1269 540 1296 cur
561 1268 650 1296 cum
678 1256 803 1296 Lucio
829 1254 961 1296 Banco
999 1253 1161 1293 Nolano
1191 1252 1349 1292 homine
1382 1254 1608 1306 locuplete,
1640 1254 1679 1293 &
1704 1252 1865 1294 faffioso
1902 1254 2109 1308 tantopere

295 1319 523 1359 conniveret
541 1347 553 1365 ‚
582 1317 620 1357 &
637 1317 786 1357 tametsi
818 1313 943 1368 probe
962 1314 1072 1354 sciret
1095 1342 1108 1362 ‚
1140 1311 1246 1362 quod
1262 1311 1486 1351 Hannibalis
1504 1323 1631 1364 partes
1651 1315 1731 1365 ipse
1754 1315 1974 1366 sequeretur
1993 1344 2006 1365 ,
2045 1327 2110 1354 ac-

295 1378 434 1418 cersito
449 1387 578 1417 tamen
604 1376 651 1416 acl
670 1376 706 1416 se
728 1375 842 1429 plane
857 1375 1034 1426 exposuit
1052 1403 1064 1422 ,
1093 1370 1207 1423 quam
1233 1373 1353 1410 virtus
1374 1371 1452 1422 ejus
1469 1403 1482 1419 ,
1514 1371 1552 1411 &
1574 1371 1765 1413 fortitudo
1786 1373 2030 1414 aestimaretur
2056 1376 2105 1414 ab

295 1439 474 1479 omnibus
494 1467 507 1487 ,
538 1435 729 1488 quamque
759 1437 819 1475 illa
849 1431 1046 1487 perspecta
1075 1430 1167 1471 esset
1192 1430 1371 1470 Ducibus
1401 1432 1585 1471 Romanis
1605 1462 1618 1481 ,
1649 1434 1714 1483 qui
1741 1433 1855 1474 testes
1881 1433 2107 1475 exstitissent

294 1510 422 1539 rerum
451 1495 579 1537 abillo
608 1496 845 1536 laudabiliter
861 1494 1046 1549 gestarum
1070 1496 1109 1531 in
1132 1491 1321 1530 Cannensi
1340 1491 1502 1543 proelio:
1531 1491 1697 1532 honorat
1712 1504 1801 1533 eum
1811 1494 1964 1542 verbis,
1981 1495 2047 1546 spe
2059 1505 2106 1533 ac

294 1557 478 1611 promissis
494 1556 609 1596 fovet
628 1554 665 1596 &
684 1554 858 1602 sustinet3
888 1555 1058 1603 indulget
1080 1581 1092 1600 ‚
1125 1561 1166 1590 ut
1196 1550 1292 1590 liber
1315 1552 1350 1590 ei
1367 1551 1513 1603 semper
1541 1551 1589 1590 ad
1622 1551 1852 1593 audientiam
1874 1562 2006 1606 pateat
2027 1553 2106 1593 adi·

296 1627 358 1657 tus
374 1647 386 1665 ,
408 1629 482 1668 qua
500 1617 736 1655 humanitate
778 1614 829 1654 sic
858 1614 963 1660 illurn
999 1611 1171 1650 devincit
1196 1610 1234 1649 &
1252 1611 1394 1663 obligat
1417 1641 1429 1660 ,
1460 1619 1503 1650 ut
1530 1611 1577 1651 ab
1596 1623 1645 1651 eo
1665 1621 1844 1666 tempore
1875 1609 2044 1654 amicum
2059 1612 2108 1654 fi-

294 1676 480 1716 deliorem
498 1675 669 1726 Respub.
699 1674 876 1713 Romana
900 1683 1096 1721 nunquam
1112 1671 1300 1714 habuerit,

467 1733 564 1773 Haec
580 1744 708 1773 tamen
742 1733 978 1773 diffimulatio
1007 1742 1179 1782 magnam
1203 1730 1456 1769 attentionem
1475 1728 1660 1782 postulat,
1676 1731 1714 1772 &
1734 1732 1998 1784 prudentiam:
2014 1745 2105 1775 nam

293 1795 323 1836 fi
356 1794 407 1834 illi
437 1794 630 1834 suboleret
649 1823 662 1842 ‚
702 1795 766 1845 qui
791 1791 922 1832 sinistri
961 1790 1101 1842 aliquid
1135 1792 1291 1830 molitur
1310 1819 1324 1838 ,
1354 1788 1553 1830 artificium
1579 1790 1654 1831 esse
1685 1793 1860 1833 crederet
1879 1824 1893 1845 ‚
1921 1803 1966 1834 ut
1993 1792 2105 1835 tantb

292 1856 444 1909 gravius
464 1852 598 1906 postea
620 1855 658 1892 in
682 1853 719 1893 se
736 1852 1103 1892 animadverteretur
1117 1879 1129 1898 ,
1161 1850 1338 1901 adeoque
1359 1849 1470 1890 citius
1498 1850 1649 1891 flamam
1665 1852 1865 1905 subjiceret
1887 1855 2074 1894 cuniculis
2090 1882 2106 1904 ,

295 1924 361 1954 aut
382 1914 450 1953 fibi
473 1925 543 1965 per
558 1914 626 1952 alia
646 1912 772 1952 media
799 1913 970 1951 violenta
991 1919 1147 1949 caveret
1173 1909 1222 1947 de
1252 1910 1426 1962 periculo
1441 1938 1453 1957 ‚
1483 1910 1523 1948 id
1546 1912 1652 1961 quod
1671 1912 1871 1964 praecipue-
1888 1913 2105 1954 timendum

292 1975 332 2014 in
351 1970 576 2013 tumultibus
592 2003 603 2020 ‚
635 1972 672 2011 &
699 1970 844 2011 deliffitis
867 1970 1000 2010 insanae
1028 1970 1255 2023 plebeculae.
1320 1967 1494 2007 Eandem
1514 1969 1566 2007 ob
1591 1971 1738 2010 causam
1764 1967 1904 2013 Fabius
1930 1973 2102 2022 Valens¹

293 2033 364 2074 etsi
388 2031 607 2073 auctoribus
626 2031 819 2072 seditionis
837 2029 1031 2081 cujusdam
1047 2030 1188 2069 nullam
1219 2026 1466 2067 constituisset
1483 2040 1656 2080 poenam,
1684 2031 1872 2081 quosdam
1886 2041 2017 2073 tamen
2035 2045 2104 2074 eo-

294 2106 376 2134 rum
389 2095 425 2132 in
438 2092 584 2143 judicio
594 2091 775 2144 postulari
792 2089 931 2138 voluit,
941 2090 967 2142 ζ
967 2089 1017 2143 b)
1033 2103 1074 2129 ne
1098 2087 1301 2141 diffimzdmis
1313 2084 1495 2139 fison-”tior
1516 2085 1623 2137 foret.
1687 2090 1833 2130 Verum
1851 2091 1940 2132 cilm
1957 2095 2105 2135 animus

294 2153 315 2193 a
346 2160 535 2204 concepta
555 2151 776 2203 proditione
798 2149 983 2202 perquam
1000 2149 1198 2187 difficulter
1212 2155 1472 2199 expurgetur,
1505 2147 1542 2185 &
1559 2146 1791 2188 offensiones
1811 2148 2023 2202 Majestatis
2045 2153 2103 2192 su-

291 2225 433 2266 premae
449 2213 645 2264 impunitae
666 2210 740 2251 effe
760 2222 841 2250 non
861 2209 1027 2249 debeant
1047 2238 1059 2257 ,
1089 2207 1244 2247 videtur
1266 2217 1358 2245 tunc
1382 2205 1503 2245 solum
1523 2205 1835 2260 dissimulandum,
1853 2211 2009 2263 quando
2021 2224 2101 2252 ma-

287 2274 348 2326 jus
372 2270 393 2312 a
412 2271 668 2312 declaratione
690 2271 865 2311 imminet
899 2270 1112 2321 periculum
1130 2298 1141 2316 ,
1173 2278 1238 2306 aut
1266 2268 1477 2306 multorum
1499 2267 1650 2318 punitio
1674 2269 1713 2308 in
1741 2267 1926 2313 effectum
1957 2271 2101 2313 deduci

291 2345 373 2375 non
389 2331 529 2384 potest.
589 2330 690 2370 Istud
717 2329 943 2382 expenderit
958 2329 1076 2382 Julius
1100 2327 1221 2367 Caesar
1237 2358 1250 2376 ,
1280 2326 1369 2366 cum
1387 2325 1491 2365 datas
1512 2336 1647 2366 contra·
1668 2328 1705 2367 se
1731 2328 1752 2368 ὲ
1769 2328 1990 2372 Nobilitate
2018 2332 2102 2372 Ro·

291 2404 403 2433 mana
421 2390 469 2430 ad
487 2391 712 2443 Pompejum
733 2389 884 2439 literas,
915 2389 953 2429 ὅτ.
974 2388 1075 2441 apud
1098 2386 1333 2429 tabellarium
1365 2385 1657 2438 deprehensas,
1673 2388 1726 2428 fic
1746 2389 1977 2443 'obsignatas
2007 2403 2099 2433 cum.

292 2454 443 2504 integro
461 2450 640 2491 fasciculo
663 2452 702 2491 in
725 2451 850 2503 ignem
872 2450 969 2501 jussit
1000 2449 1166 2500 conjici,
1199 2448 1389 2500 optimum
1418 2444 1635 2498 ignoscendi
1660 2448 1821 2490 modum
1839 2460 1942 2491 ratus
1961 2481 1973 2501 ,
2004 2451 2100 2495 deli-

293 2513 398 2552 ctum
415 2513 603 2563 ignorare.
678 2510 833 2562 Insignis
859 2508 944 2549 sane
968 2510 1251 2562 magnanimitas
1267 2537 1278 2556 ,
1310 2506 1348 2546 &
1371 2519 1452 2547 rara
1469 2506 1670 2560 prudentia
1695 2539 1708 2559 ‚
1737 2509 1785 2550 ab
1811 2512 1990 2551 omnibus
2017 2524 2100 2565 pm-

291 2584 380 2613 nam
401 2572 547 2611 sumere
563 2582 642 2611 non
662 2569 771 2622 poffe
789 2601 802 2620 ‚
833 2582 907 2610 nec
924 2579 1050 2610 tamen
1077 2569 1245 2622 obligare
1265 2567 1340 2607 sese
1363 2567 1410 2606 ad
1428 2568 1728 2609 connivendum.
1815 2570 1943 2612 Posset
1964 2583 2097 2612 exem-

290 2633 399 2685 plum
419 2623 529 2671 statui
546 2633 585 2672 in
602 2632 797 2670 tenuiores
814 2662 826 2678 ‚
858 2630 895 2670 &
920 2629 1129 2670 diffimulari
1147 2641 1235 2669 cum
1252 2626 1456 2684 Illustribus
1474 2658 1486 2678 ,
1517 2629 1643 2669 donec
1661 2629 1827 2670 securior
1842 2632 2028 2683 puniendi
2042 2631 2098 2672 af-

291 2691 456 2741 fulgeret
493 2690 581 2746 (σέ)
596 2691 761 2735 occasio.
848 2691 903 2730 At
929 2690 1026 2731 verb
1055 2721 1067 2739 ,
1098 2690 1163 2729 ubi
1180 2691 1218 2730 in
1241 2688 1503 2740 delinquentes
1528 2690 1776 2731 animadverti
1799 2690 1929 2744 potest
1950 2693 2097 2743 absque

293 2753 494 2804 periculo,
525 2753 642 2791 tutius
684 2752 754 2790 erit
781 2751 932 2803 sumpto
957 2752 1003 2790 ab
1022 2752 1065 2791 iis
1090 2751 1264 2803 supplico
1290 2748 1478 2788 securitati
1499 2750 1727 2799 consulere,
1765 2750 1879 2804 quam
1900 2752 2097 2792 diflimula·

291 2812 389 2850 tioni
411 2810 607 2851 confidere
633 2820 645 2853 t
676 2814 762 2852 haec
780 2812 882 2851 enim
910 2811 1071 2863 majores
1098 2811 1147 2850 ad
1176 2808 1393 2850 audendum
1419 2809 1560 2852 addere
1586 2810 1680 2851 solet
1703 2813 1863 2857 animos,
1945 2809 2094 2852 Hanno

291 2881 488 2911 venenum
520 2873 724 2923 propinare
751 2872 908 2923 parabat
926 2870 1228 2924 Carthaginiensi
1248 2864 1403 2908 Senatui
1427 2899 1439 2918 ,
1470 2870 1508 2910 &
1536 2872 1758 2924 proditione
1782 2880 1980 2922 comperta
1995 2901 2008 2921 ,
2039 2871 2094 2911 sat

292 2929 452 2971 remedii
475 2927 561 2971 fore
583 2932 829 2971 autumabant
853 2931 1057 2972 Senatores
1075 2934 1152 2982 illi,
1181 2930 1210 2972 fi
1230 2928 1354 2983 legem
1373 2930 1586 2973 conderent
1605 2963 1620 2984 ,
1648 2944 1733 2986 quae
1761 2929 1922 2972 modum
1942 2930 1980 2972 δε
2008 2942 2092 2971 cer-

2007 3000 2095 3033 tum

387 3123 450 3169 (a)
477 3126 522 3158 Et
535 3119 629 3172 misit
653 3126 817 3161 nuntium
829 3124 881 3162 ad
900 3131 1022 3177 Regem
1028 3123 1185 3175 filiorum
1209 3128 1358 3160 Ammon
1375 3151 1384 3164 ‚
1408 3125 1471 3176 qui
1492 3137 1537 3161 ex
1553 3121 1697 3177 perſsna
1715 3119 1786 3168 stca
1802 3121 1978 3161 dicerent:
2006 3120 2094 3175 quid

291 3172 384 3212 mihi
404 3173 449 3216 ό·
472 3171 543 3211 tibi
555 3173 601 3225 est
618 3202 627 3216 ,
645 3177 731 3228 quia
745 3176 873 3265 vezisst'
892 3188 1014 3214 comm
1027 3190 1096 3217 me,
1111 3185 1155 3212 ut
1174 3174 1336 3227 vastares
1365 3186 1502 3214 terram
1517 3190 1630 3214 meam
1642 3179 1660 3213 ?
1683 3176 1762 3225 Jud.
1780 3188 1792 3212 1
1806 3188 1835 3212 ι.
1846 3189 1902 3214 12.
1958 3176 2089 3221 (b)Ta-

292 3225 356 3261 cit.
373 3227 394 3263 l.
407 3241 441 3264 2.
471 3226 605 3264 Histor.
659 3229 718 3273 (c)
748 3234 800 3263 Un
825 3227 1198 3280 etenuioribusstatim
1214 3230 1378 3281 irrogata
1379 3228 1558 3280 supplicia
1571 3255 1581 3272 ,
1604 3227 1924 3283 adveffltsilltfstres
1940 3226 2089 3281 dfflmu-

293 3277 409 3315 latum
434 3278 626 3332 adpraefins‚
653 3279 698 3324 ὠ
712 3294 793 3319 mox
809 3281 963 3319 reditum
985 3283 1112 3320 odium.
1138 3282 1267 3319 Ideml.
1287 3286 1343 3321 16.
1365 3281 1495 3320 Annal-
1640 3291 1642 3293 '
