2132 3730
243 275 328 318 334
661 257 1009 300 DIDACI
1063 250 1601 299 SAAVEDRAE

395 329 418 334 -,
426 321 2042 334 .—-—-—-—-—-—-——-—————————-—-——————-———-——.-——--—-—..„

238 345 488 399 imperfetta,
520 343 558 382 δε
582 344 619 381 in
649 340 962 380 reverberatione
983 340 1043 380 sua
1062 338 1187 380 redire
1211 342 1259 380 ad
1274 341 1519 392 Sphaericam.
1586 340 1679 381 Nec
1691 342 1822 383 sufficit
1840 342 2044 392 interdum,

237 407 344 460 quod
371 403 625 446 intentionem
644 400 812 441 habeant
831 398 989 440 minime
1012 400 1169 448 malam,
1189 400 1218 440 fi
1238 400 1421 441 belliciofi
1448 399 1537 442 alias
1550 399 1797 443 &Martiales
1817 403 2043 452 habeantur,

236 469 324 520 quia
337 474 401 505 aut
415 473 531 503 nemo
550 461 620 502 sibi
633 459 857 514 persuadet,
870 469 948 500 tam
970 459 1092 500 fortes
1107 460 1256 499 animos
1272 461 1517 501 occasionem
1543 460 1805 514 negleffituros,
1835 473 1900 502 aut
1916 471 2043 503 metus

238 535 372 567 contra
387 533 522 562 eorum
544 519 814 562 fortitudinem
831 532 933 559 arma
954 521 1134 572 corripit,
1165 529 1231 559 aut
1249 518 1355 558 certe
1377 521 1516 560 malitia
1535 532 1580 560 ea
1599 523 1708 561 velut
1725 523 1841 574 pallio
1858 523 1932 563 sese
1951 534 2045 561 con·
2110 523 2112 560 ξ

236 585 342 636 tegit.
400 581 581 622 Praevidit
603 581 749 621 Comes
777 578 974 620 Fontanus
998 612 1009 629 ‚
1040 580 1133 632 quid
1157 590 1207 618 ex
1236 579 1463 618 Rhaetorum
1498 580 1667 622 factione
1692 581 1864 622 futurum
1889 582 1980 622 esset
2005 583 2045 621 in

235 644 335 684 valle
356 640 504 682 Tellina
523 673 534 690 ,
563 642 616 681 ob
651 641 978 680 coniociationem
996 652 1083 680 curn
1102 639 1320 692 Republica
1345 637 1501 678 Veneta
1524 669 1536 686 ,
1567 639 1605 678 &
1623 643 1954 694 propugnaculum
1979 654 2049 681 ex·

234 704 353 743 truxit
370 700 418 741 ad
437 700 575 741 ostium
594 700 691 741 Adae
716 699 845 748 fluvii,
874 712 947 752 pro
967 700 1166 740 securitate
1188 698 1304 738 status
1325 696 1649 738 Mediolanenfis;
1679 701 1857 752 ingressus
1880 700 1935 741 est
1951 701 2045 744 Val-

232 766 309 803 lem
337 761 499 802 eandem
513 761 607 801 Dux
640 760 747 800 Feria
770 761 918 800 excitus
948 760 968 799 a
986 760 1197 800 Catholicis
1214 790 1224 808 ‚
1255 768 1298 798 ut
1331 770 1400 798 eos
1426 766 1564 799 contra
1591 756 1807 800 Haereticos
1831 770 2046 802 tutaretur:

236 823 323 862 alibi
341 822 436 862 Dux
456 820 661 862 Osunensis
681 832 767 860 cum
791 821 962 860 exercitu
995 822 1033 860 in
1053 821 1146 859 mari
1172 819 1371 859 Adriatico
1387 818 1631 858 Venetorum
1645 830 1747 859 arma
1770 824 1809 859 in
1823 819 1928 861 Foro
1958 819 2045 872 Julii
2108 819 2111 847 f

234 881 408 922 aliorsum
437 893 602 921 avocare
619 890 781 920 conatus
792 879 865 928 est,
896 881 934 920 &
955 881 1075 920 tribus
1097 880 1168 920 illis
1190 878 1375 920 Ministris
1396 879 1584 931 imputata
1605 876 1715 919 fuere
1731 880 1829 920 bella
1843 909 1857 931 ,
1886 892 1970 932 quae
1979 880 2046 920 de-

232 943 322 983 inde
345 951 505 995 propter
532 939 864 981 SabaudiaeDucis
881 939 1186 992 inquietudinem
1207 948 1344 980 exorta
1360 939 1457 978 sunt.

409 1002 446 1052 ἕ.
477 999 579 1041 iniis
600 1010 750 1050 tamen,
780 1001 846 1053 qui
871 1003 976 1052 pacis
996 999 1201 1041 trastandae
1221 998 1330 1039 causa
1345 1000 1570 1047 mittuntur,
1599 997 1718 1050 majus
1743 999 1821 1039 hoc
1847 999 1945 1039 solet
1968 997 2045 1039 ess'e
2108 1041 2111 1056 φ

234 1062 470 1114 periculum,
499 1073 588 1101 cum
614 1063 776 1112 quisque
796 1058 880 1101 fere
901 1061 939 1101 in
953 1061 1119 1115 negotiis
1143 1070 1286 1099 naturae
1308 1059 1380 1100 suae
1398 1057 1578 1107 ductum,
1608 1068 1673 1098 aut
1688 1059 1894 1111 pastionem
1914 1060 2046 1110 sequa-

233 1132 294 1160 tur
319 1120 469 1172 potrus,
500 1119 614 1174 quani
645 1121 788 1160 bonam
818 1120 1004 1174 Principis
1035 1121 1304 1161 intentionem.
1363 1118 1499 1171 Lupus
1526 1117 1653 1159 Harus
1691 1118 1857 1159 offensus
1888 1118 1909 1158 a
1935 1119 2045 1171 Rege
2108 1111 2111 1127 ³

229 1179 406 1230 Sanfflo,
437 1182 499 1220 cui
518 1180 976 1233 cognomentumFortis,
1007 1177 1160 1233 egregie
1176 1179 1252 1220 sese
1266 1179 1368 1219 ultus
1384 1178 1439 1219 est
1458 1181 1495 1218 in
1523 1177 1744 1218 tractatibus
1769 1178 2044 1231 pacificationis
2100 1200 2103 1202 —

229 1243 327 1280 inter
352 1239 518 1281 eundem
549 1241 719 1294 Regem,
750 1241 788 1280 δε
815 1239 972 1281 Petrum
1002 1240 1179 1280 Tertium
1215 1240 1364 1292 Regem
1387 1240 1610 1292 Aragoniae,
1637 1239 1742 1278 secus
1769 1240 1969 1280 amborum
1986 1252 2043 1280 re·
2079 1253 2083 1257 ·

230 1300 362 1353 sponsa
383 1299 609 1348 referend0,·
639 1313 718 1352 quo
745 1297 916 1350 fastum,
945 1310 988 1340 ut
1019 1309 1226 1352 utrumque
1257 1301 1555 1339 commotiorein
1586 1298 1783 1349 redderet,
1813 1299 1927 1351 quam
1963 1298 2046 1339 fue·
2110 1301 2112 1330 ἱ

230 1364 306 1402 rint
326 1359 450 1403 antea.
508 1360 684 1401 Maxima
699 1360 919 1413 Principum
938 1358 1140 1400 infelicitas
1167 1359 1244 1405 est,
1277 1358 1383 1410 quod
1394 1360 1508 1398 rebus
1527 1360 1705 1398 omnibus
1720 1360 1790 1410 ipsi
1811 1371 1938 1399 coram
1950 1372 2044 1411 prae-
2087 1386 2095 1393 s

229 1422 353 1462 sentes
371 1418 495 1460 adeffe
509 1429 723 1472 nequeant,
756 1420 936 1471 adeoque
955 1419 1107 1459 necesse
1127 1420 1292 1458 habeant
1307 1419 1345 1457 in
1371 1418 1498 1458 inultis
1523 1419 1681 1458 aliorum
1705 1420 1762 1457 uti
1777 1420 2042 1467 relationibus,

231 1494 316 1534 quae
338 1470 512 1520 fontibus
535 1481 672 1521 ssmiles
695 1479 799 1520 sunt:
829 1478 926 1519 sicut
950 1481 1051 1518 enim
1077 1480 1114 1518 hi
1146 1489 1254 1518 terrae
1278 1479 1499 1525 metallicae,
1531 1473 1606 1528 qua
1630 1478 1843 1528 transeunt,
1872 1478 2043 1518 affeffio-
2087 1515 2090 1518 .
2110 1478 2111 1483 ’

228 1555 296 1583 nes
318 1541 525 1587 imbibunt,
555 1541 606 1579 ita
624 1539 696 1579 illae
720 1540 868 1591 semper
888 1537 973 1579 fere
1002 1539 1167 1585 malitia,
1197 1537 1385 1588 passione,
1416 1545 1482 1574 aut
1498 1535 1642 1574 affeetu
1669 1535 1934 1577 Ministrorum
1959 1539 2041 1580 infi-

231 1603 404 1649 ciuntur,
435 1611 648 1650 eorumque
665 1597 874 1638 commoda
903 1610 948 1637 ac
975 1595 1071 1637 fines
1102 1596 1264 1647 sapiunt.
1326 1593 1465 1635 Iisdem
1498 1604 1686 1635 conantur
1713 1595 1883 1637 affentari
1902 1598 2042 1638 Princi-

228 1663 296 1715 pi,
324 1661 376 1699 ita
395 1671 458 1699 eas
483 1656 736 1699 instituendo:
764 1669 809 1697 ut
833 1656 882 1696 ad
898 1658 1050 1696 illorum
1073 1656 1270 1696 arbitrium
1304 1653 1343 1694 &
1367 1655 1610 1695 voluntatem
1634 1654 1734 1695 fictae
1765 1655 1954 1709 faetaeque
1988 1660 2044 1698 vi·

229 1722 402 1761 deantur.
462 1717 646 1765 Ministri,
679 1717 718 1756 &
741 1717 963 1769 cumprimis
989 1716 1147 1769 Legati,
1178 1716 1244 1767 qui
1272 1715 1326 1754 rei
1355 1715 1457 1754 bene
1487 1719 1663 1768 gerendae
1690 1719 1863 1768 apprime
1887 1716 2042 1758 studiosi

228 1781 351 1821 videri
368 1779 554 1831 cupiunt,
585 1777 822 1830 &tanquam
851 1779 1005 1831 ingenio
1032 1777 1098 1816 suo
1127 1783 1333 1827 penetrent
1354 1776 1501 1826 omnia,
1531 1775 1652 1828 abripi
1676 1774 1714 1816 se
1735 1777 1861 1818 sinunt
1884 1779 2043 1829 privatis
2109 1765 2111 1777 J

228 1843 381 1883 suismet
402 1839 733 1892 imaginationibus
746 1868 759 1888 ,
789 1838 827 1877 ὅτ.
847 1837 894 1877 ad
911 1836 1106 1889 Principes
1123 1836 1209 1875 suos
1224 1834 1397 1876 referunt
1424 1844 1604 1887 tanquam
1620 1844 1768 1877 certum
1798 1837 1836 1878 &
1867 1840 2039 1891 explora.

228 1913 331 1949 tum,
359 1912 440 1940 non
457 1899 515 1949 id,
531 1897 637 1950 quod
653 1898 780 1950 reipsa
790 1896 868 1947 est,
882 1896 945 1937 sed
958 1896 1065 1949 quod
1086 1894 1161 1936 esse
1180 1893 1288 1948 posse
1299 1895 1446 1947 sibiipsi
1460 1896 1723 1950 imaginantur.
1783 1896 1912 1938 Nimis
1929 1901 1968 1939 in
1983 1900 2041 1939 su-

229 1962 417 2013 spiciones
434 1960 546 2011 proni
570 1957 675 2006 sunt,
706 1968 798 2009 quas
815 1957 912 1997 sicut
940 1955 962 1996 ὲ
979 1957 1113 2008 quavis
1133 1955 1313 1995 leviffima
1334 1956 1468 1994 umbra
1500 1956 1702 2005 hauriunt,
1730 1958 1783 1996 ita
1806 1970 1902 1998 mox
1923 1957 2042 2001 fidem

228 2024 271 2061 iis
292 2019 475 2059 adhibent
491 2048 503 2067 ,
531 2016 636 2056 unde
664 2028 799 2070 graves
826 2017 1152 2068 aequivocationes
1169 2014 1369 2054 nascuntur
1385 2015 1421 2053 &
1442 2026 1611 2064 errores,
1643 2017 1763 2055 immo
1781 2018 1890 2057 causa
1909 2021 2041 2070 praeci-

229 2092 306 2134 pua
331 2077 622 2125 diffenfionum,
652 2077 920 2127 bellorumque
942 2074 1308 2127 interPrincipes3s1
1334 2073 1488 2126 quidem
1518 2073 1596 2128 (a)
1625 2075 1795 2115 intztrbas
1812 2075 1864 2120 &³
1885 2069 2063 2128 distm·di.'
2089 2081 2109 2125 Q,

229 2155 270 2180 as
288 2139 418 2194 pcffimo
440 2140 557 2189 cuique
581 2135 762 2176 Ministro
798 2136 905 2176 multa
938 2138 1008 2176 vis.
1069 2134 1243 2174 Caveant
1266 2136 1378 2186 igitur
1409 2143 1572 2192 oportet(
1590 2133 1807 2192 Principes,
1836 2147 1887 2177 ne
1900 2139 2040 2178 leviter
2092 2157 2093 2161 =

228 2200 379 2241 moveri
405 2197 440 2237 se
464 2196 584 2237 sinant
600 2197 732 2247 primis
747 2194 1013 2235 Ministrorum
1033 2195 1298 2242 relationibuS,
1328 2192 1391 2232 sed
1412 2202 1649 2246 componant
1663 2205 1726 2234 eas
1748 2197 1852 2246 prius
1877 2208 1963 2237 cum
1985 2200 2042 2247 iis,
2089 2221 2091 2224 »

229 2272 322 2313 quas
339 2259 386 2298 ab
408 2258 487 2297 aliis
506 2257 719 2308 accipiunt,
750 2266 866 2307 atque
882 2265 926 2295 ut
946 2255 995 2294 de
1008 2254 1224 2308 perscriptis
1249 2253 1296 2292 ad
1315 2253 1390 2293 sese
1414 2262 1523 2292 tanto
1549 2255 1690 2294 certius
1715 2253 1883 2296 formare
1902 2259 2041 2310 poffint

224 2319 433 2373 judicium,
462 2314 662 2370 perspecta
676 2317 860 2368 imprimis
877 2314 1089 2356 eorundem
1115 2314 1280 2354 habeant
1296 2313 1445 2366 ingenia
1466 2311 1505 2351 δε
1540 2321 1719 2362 naturas,
1749 2315 1910 2356 modum
1944 2318 2041 2358 insu·
2107 2346 2110 2372 3

229 2392 320 2433 per,
352 2390 431 2430 quo
448 2389 508 2417 res
541 2376 664 2416 solent
688 2378 917 2429 concipere,
947 2387 1039 2415 num
1067 2373 1250 2414 videlicet
1279 2372 1529 2425 paffionibus,
1566 2381 1633 2413 aut
1658 2371 1860 2414 affectibus
1879 2377 2042 2429 privatis
2107 2405 2108 2425 2

230 2440 320 2480 duci
344 2436 638 2478 consueverint:
668 2435 808 2476 accidit
836 2437 938 2476 enim
956 2433 1168 2484 interdum,
1199 2442 1241 2472 ut
1271 2429 1448 2472 Minister
1465 2443 1596 2473 amore
1614 2431 1828 2487 Regionis,
1858 2446 1924 2476 aut
1935 2436 2040 2479 Prin-

229 2501 344 2553 cipis,
375 2509 462 2537 cum
485 2508 565 2548 quo
597 2496 699 2549 agit,
728 2497 925 2549 capiatur,
955 2495 994 2534 δε
1016 2495 1144 2535 omnia
1170 2493 1221 2532 illi
1250 2504 1356 2544 aequa
1383 2491 1617 2541 videantur3
1647 2493 1851 2546 aliquando
1877 2498 2041 2539 comiter
2092 2503 2093 2506 ’

229 2567 412 2611 acceptus
432 2555 632 2597 favoribus
660 2555 831 2607 ejusdem
853 2554 1006 2595 inescari
1031 2554 1067 2593 se
1089 2554 1194 2602 finit,
1226 2551 1264 2592 &
1284 2563 1334 2593 ex
1352 2551 1583 2606 gratitudine
1604 2553 1768 2605 quadam
1790 2557 1949 2597 naturali
1969 2559 2039 2598 illi-

230 2632 275 2659 us
292 2627 418 2672 partes
443 2616 481 2656 &
498 2618 645 2657 causam
665 2617 741 2670 agit
763 2616 914 2668 potius,
944 2627 1057 2666 quam
1074 2615 1127 2654 sui
1143 2613 1337 2664 Principis.
1397 2611 1692 2665 Nonnunquam
1726 2615 1839 2657 etiam
1863 2618 2038 2658 inanibus
2080 2643 2081 2646 =

229 2691 357 2719 rerum
378 2677 605 2726 simulacris,
636 2674 675 2716 &
698 2675 921 2716 rumusculis
936 2675 1124 2723 adversis,
1155 2684 1224 2726 per
1242 2671 1374 2712 dolum
1394 2671 1592 2722 confictis,
1623 2672 1833 2726 decipitur,
1864 2675 1902 2716 ὃς
1925 2676 2040 2718 facile
2079 2727 2083 2734 Ι

228 2739 337 2778 suum
359 2739 474 2777 etiam
486 2735 582 2776 fallit
600 2735 838 2790 Principem:
867 2748 955 2776 nam
972 2747 1089 2775 nemo
1108 2734 1233 2786 aptior
1257 2732 1305 2771 ad
1327 2733 1590 2784 propinandos
1612 2735 1691 2774 aliis
1723 2747 1890 2785 errores,
1922 2737 2035 2789 quam
2080 2745 2107 2787 if

233 2800 297 2851 qui
320 2800 425 2850 prior
446 2808 515 2836 eos
533 2796 708 2836 hauserit.
770 2795 936 2836 Ministri
952 2796 1052 2835 bene
1070 2794 1178 2834 multi
1203 2792 1354 2833 levibus
1370 2802 1579 2833 moventur
1606 2796 1846 2846 ratiunculis,
1876 2806 1939 2842 aut
1958 2799 2037 2849 paf-

231 2859 339 2899 sione
362 2856 484 2908 aliqua
503 2856 627 2906 ducti,
659 2865 723 2894 aut
740 2855 940 2895 aversione
956 2856 1092 2902 animi3
1123 2865 1207 2906 qum
1225 2851 1409 2903 judicium
1441 2852 1576 2893 iisdem
1600 2856 1822 2906 perturbat,
1850 2858 1975 2896 omnia
1998 2862 2036 2899 in

229 2920 371 2959 malum
393 2925 563 2955 vertunt.
625 2914 721 2955 Sunt
741 2915 925 2968 praeterea
940 2913 1114 2955 nonnulli
1138 2922 1270 2952 natura
1292 2912 1343 2951 fic
1377 2914 1607 2964 comparati,
1637 2925 1680 2953 ut
1702 2914 1877 2954 astiones'
1901 2927 2037 2961 omnes

229 2979 268 3019 &
285 2977 440 3017 consilia
459 2977 496 3014 in
517 2976 746 3015 deteriorem
779 2978 1076 3027 interpretentur
1100 2982 1247 3027 partein
1269 2985 1280 3019 ς
1310 2973 1636 3024 quemadmodum
1655 2976 1713 3014 alii
1739 2975 1789 3014 ita
1804 2974 1936 3016 sinceri
1950 3008 1962 3027 ,
1992 2989 2036 3019 ut

228 3040 319 3078 nihil
336 3035 474 3076 sinistra
492 3047 578 3073 cuin
600 3037 813 3075 intentione
832 3038 888 3089 agi
916 3036 1085 3075 credant.
1144 3032 1241 3072 Tam
1260 3031 1340 3082 isti,
1372 3045 1486 3085 quain
1511 3034 1561 3072 illi
1578 3033 1780 3086 perniciosi
1801 3034 1911 3086 sunt,
1940 3038 1979 3078 δε
1996 3040 2036 3080 hi

225 3097 407 3152 postremi
426 3095 580 3147 quidem
600 3098 844 3143 nonminus,
874 3108 918 3134 ac
946 3096 1005 3134 alii
1031 3095 1189 3147 priores.
1423 3100 1438 3118 ·

402 3155 628 3195 Existimans
644 3156 835 3195 interdum
851 3155 1028 3196 Minister
1050 3153 1098 3194 ad
1126 3151 1298 3204 obsequii
1325 3163 1464 3192 munus
1486 3152 1703 3204 pertinere,
1733 3162 1798 3193 aut
1825 3155 2039 3212 intelligen-

1987 3223 2036 3262 tis

333 3341 389 3384 (a)
418 3311 532 3376 Ίιῖςὶς.
553 3341 615 3393 lib.
637 3354 672 3389 4.
694 3340 784 3377 Hist.
