2132 3730
490 210 1474 261 SYMBOLAPOLJTICA.
1786 214 1875 264 '137

330 278 1358 297 —————-—-—-—-—-—.-———-—-—-——,-

74 326 190 368 quare
209 313 319 353 etiam
346 304 440 346 illud
462 303 593 345 effecit
608 333 620 353 ‚
651 305 694 341 ut
713 312 797 353 quae
811 301 850 339 in
867 300 994 340 animo
1017 297 1258 346 intenderet,
1287 296 1452 337 feliciter
1472 295 1510 336 &
1526 294 1548 336 ὲ
1563 305 1662 335 voto
1676 293 1728 333 illi
1748 294 1877 334 succe-

75 377 220 416 derent.
281 367 363 419 Qui
379 365 506 418 sperat
523 363 562 404 δι
586 360 740 403 sustinet
762 390 774 408 ‚
804 357 984 400 Fortunae
1004 359 1154 411 superat
1176 356 1338 396 ludibria
1360 387 1373 406 ,
1395 356 1433 397 &
1463 367 1549 396 eam
1574 355 1644 396 sibi
1659 352 1880 396 obstrictam

71 432 217 476 reddit:
247 428 392 480 quippe
412 436 497 477 quae
519 420 709 475 ejusmodi
734 420 839 472 spem
865 419 904 460 δι
927 418 1108 460 fiduciam
1127 418 1167 459 in
1198 424 1260 456 tot
1288 418 1480 467 tantisque
1509 415 1581 456 suis
1603 414 1882 456 mutationibus

69 505 142 548 pro
160 486 351 530 blanditiis
370 486 499 526 habet.
557 482 716 523 Incertis
740 479 889 521 Oceani
913 477 1096 521 fluctibus
1116 489 1197 517 non
1218 476 1364 527 absque
1381 476 1487 528 gravi
1508 476 1684 528 periculo
1703 474 1778 515 sese
1803 472 1882 516 Co-

70 550 221 596 lumbus
245 546 378 599 objicit
397 575 412 597 ‚
439 553 483 585 ut
502 554 628 586 novas
649 538 814 595 inquirat
835 540 1080 586 Provincias;
1099 547 1231 590 neque
1256 547 1347 576 eum
1363 544 1481 576 terret
1496 535 1690 590 inscriptio
1708 535 1770 577 illa
1780 532 1883 577 Her-⁷

78 1987 172 2027 culis
195 1987 232 2024 in
249 1981 438 2023 columnis
456 1977 597 2033 Caspes
615 1978 653 2021 &
669 1978 818 2031 Abyles
842 2007 855 2029 ,
885 1980 972 2023 Non
987 1980 1070 2034 plus
1089 1979 1186 2021 ultra
1205 1991 1220 2028 ,·
1258 1988 1388 2033 neque
1408 1988 1591 2032 aquarum
1616 1986 1790 2030 montes,
1814 1991 1900 2033 quae

74 2045 280 2101 proposito
312 2042 392 2094 ejus
414 2040 565 2082 obstare
593 2041 841 2088 videbantur,
916 2041 1185 2094 Navigatione
1201 2039 1264 2081 sua
1281 2042 1380 2082 Solis
1402 2040 1527 2092 pass'us
1547 2051 1723 2081 numerat
1741 2055 1750 2081 :
1783 2051 1900 2093 atque

78 2121 179 2149 anno
209 2107 289 2146 dies
307 2135 320 2155 ,
350 2107 463 2144 horas
485 2102 621 2144 diebus
641 2104 856 2149 suffuratur.
919 2106 1050 2144 Acum
1077 2104 1269 2143 nauticam
1290 2105 1405 2155 polus
1428 2101 1559 2142 deficit
1581 2131 1594 2151 ,
1625 2102 1772 2141 chartas
1791 2106 1904 2144 mari-

13 2197 14 2203 =
76 2182 145 2211 nas
171 2168 334 2218 aequoris
352 2167 488 2215 lineae‚
519 2164 557 2204 δε
578 2165 721 2206 itineris
748 2167 911 2206 comites
929 2166 1127 2218 patientia.
1159 2164 1302 2204 Omnia
1322 2174 1456 2204 contra
1475 2174 1564 2203 eum
1584 2161 1824 2214 conspirant,
1861 2175 1899 2205 at

13 2221 16 2225 ’
79 2230 159 2283 ipse
181 2227 276 2268 forti
307 2228 434 2266 animo
458 2224 697 2267 difficultates
713 2238 848 2268 omues
869 2225 908 2266 δι
925 2224 1120 2266 obstacula
1162 2225 1229 2278 spe
1257 2225 1297 2266 δε
1323 2224 1524 2265 tolerantia
1557 2223 1735 2276 superat·‚
1770 2224 1900 2266 donec

14 2308 15 2311 ¹
81 2289 240 2329 tandem
254 2299 383 2328 novus
417 2284 534 2326 Orbis
558 2285 739 2327 invictam
762 2286 842 2340 ejus
865 2284 1115 2327 constantiam
1151 2287 1309 2338 praemio
1331 2285 1547 2326 coronavit.
1632 2283 1824 2325 Ferendum
1846 2285 1899 2332 &⁹

81 2347 297 2403 sperandum
320 2379 332 2398 ‚
351 2342 615 2399 ‘Empedoclis'
629 2346 702 2389 fuit
728 2347 874 2389 dictum
893 2376 906 2398 ‚
937 2346 976 2388 &
1001 2344 1136 2400 postea
1154 2346 1453 2400 Imperatoribus
1475 2343 1641 2385 Macrini
1652 2343 1897 2396 Symbolum,

15 2431 18 2437 ·
84 2408 190 2449 unde
208 2409 298 2448 huic
312 2407 545 2448 Emblemati
561 2408 698 2450 lemma
733 2407 940 2462 sumptum.
1025 2407 1199 2448 Pericula
1228 2405 1402 2460 quaedam
1428 2405 1605 2459 superare
1635 2403 1783 2446 facilius
1812 2401 1896 2456 est,

88 2467 205 2521 quam
221 2467 354 2517 fugere
379 2481 393 2516 3
423 2467 464 2508 id
483 2466 591 2520 quod
611 2469 736 2522 probe
757 2469 867 2511 scivit
890 2469 1153 2523 Agathocles,
1197 2467 1287 2509 cum
1303 2465 1429 2508 vic‘tus
1445 2497 1458 2517 ‚
1489 2465 1683 2516 Syracusis
1706 2466 1745 2506 in
1771 2466 1898 2515 Sicilia

88 2526 288 2569 hostilibus
305 2529 414 2569 armis
444 2527 602 2586 cinctus*
617 2558 629 2579 ,
657 2542 737 2571 non
761 2531 924 2584 turpiter
939 2527 1015 2569 sese
1033 2526 1133 2569 hosti
1154 2526 1302 2569 dedidit
1317 2557 1330 2577 ‚
1343 2526 1407 2568 sed
1427 2525 1556 2568 relicta
1571 2525 1716 2566 ibidem
1734 2526 1898 2569 militum

88 2600 206 2629 manu
227 2618 241 2638 ‚
271 2598 456 2640 quantum
480 2588 528 2629 ad
554 2587 838 2632 defendendam
855 2590 992 2630 urbem
1015 2587 1100 2629 satis
1125 2586 1218 2630 effet
1235 2618 1249 2639 ‚
1279 2599 1370 2629 cum
1393 2587 1568 2628 exercitu
1599 2585 1779 2626 adversus
1804 2587 1895 2629 Car-

90 2650 286 2703 thaginem
307 2647 507 2700 profectus
525 2648 601 2698 est,
646 2650 684 2691 ἅτ,
703 2652 734 2692 is
754 2681 767 2702 ,
798 2652 863 2704 qui
882 2661 963 2691 uno
982 2650 1022 2689 in
1054 2650 1159 2690 bello
1174 2647 1303 2689 victor
1323 2645 1399 2688 effe
1417 2659 1498 2687 non
1525 2654 1702 2698 poterat,
1732 2646 1895 2689 artificio

89 2708 184 2757 isto,
215 2706 237 2748 ὲ
252 2708 361 2748 bellis
374 2708 526 2750 duobus
545 2709 738 2762 duplicem
767 2711 1005 2764 triumphurn
1025 2709 1253 2762 reportavit.
1311 2707 1529 2749 Periculum
1549 2707 1766 2748 temeritate
1780 2709 1896 2748 inter-

93 2769 185 2809 dum
207 2769 311 2808 vinci
329 2767 436 2818 solet,
449 2769 487 2810 δι
512 2769 754 2821 despicientia
772 2773 870 2813 illius
890 2771 1013 2811 varias
1035 2767 1135 2810 hosti
1152 2769 1405 2822 cogitationes
1428 2765 1557 2820 injicit.
1618 2766 1770 2808 Videns
1788 2767 1898 2810 Han-

89 2829 193 2869 nibal
217 2829 417 2868 Romanos
441 2828 529 2881 post
547 2829 743 2873 Cannense
762 2829 937 2886 proelium
957 2830 1153 2871 auxiliares
1173 2830 1304 2883 copias
1316 2830 1355 2870 in
1377 2827 1598 2881 Hispaniam
1615 2829 1769 2869 mittere
1787 2859 1798 2878 ,
1822 2841 1898 2883 po·

91 2890 251 2928 tentiam
267 2900 402 2929 eorum
424 2888 462 2929 δι
475 2891 576 2929 vires
602 2888 956 2945 formidarecoepit.
1013 2889 1151 2930 Nemo
1173 2891 1287 2930 rebus
1304 2888 1478 2930 secundis
1505 2887 1666 2929 nimium
1686 2888 1858 2930 confidat
1880 2919 1894 2939 ‚

50 2974 55 2981 ·
95 2959 159 2988 aur
175 2948 350 3002 desperet
364 2950 402 2988 in
421 2947 599 2990 adversis.
659 2950 760 2993 Inter
777 2961 959 3005 utrasque
976 2951 1145 2991 versatur
1163 2949 1333 2990 Fortuna
1348 2979 1361 3000 ‚
1390 2958 1468 2989 tam
1493 2958 1676 3002 prompta
1703 2949 1751 2989 ad
1770 2949 1892 2989 extol-

94 3007 248 3049 lendum
272 3040 284 3059 ,
317 3009 431 3061 quam
452 3009 756 3063 deprimendum.
814 3011 953 3053 Servet
969 3013 1099 3064 itaque
1126 3010 1310 3062 Princeps
1328 3011 1366 3050 in
1383 3011 1488 3050 omni
1507 3009 1594 3049 casu
1619 3011 1786 3050 animum
1801 3019 1894 3047 con-

97 3065 254 3110 stantem
270 3070 307 3110 δε
326 3068 524 3111 robustum
539 3100 552 3120 ,
581 3079 754 3122 paratum
776 3071 824 3112 ad
840 3073 968 3113 omnia
988 3101 1001 3122 ,
1034 3070 1215 3124 quicquid
1236 3070 1403 3123 denique
1424 3069 1604 3110 acciderit
1621 3098 1636 3120 ,
1662 3079 1736 3108 nec
1747 3076 1896 3119 pertur-v

98 3126 178 3167 bari
199 3129 235 3170 se
249 3130 344 3171 finat
359 3130 546 3183 majorum
573 3129 841 3183 tempestatum
856 3133 991 3173 minis:
1020 3142 1296 3183 nonnunquam
1319 3132 1421 3171 enim
1437 3129 1578 3171 fluctus
1591 3159 1603 3178 ‚
1635 3139 1751 3179 quem
1765 3136 1893 3167 extur-

98 3186 190 3228 bant
207 3187 229 3228 ὲ
252 3193 368 3241 navi,
394 3203 479 3244 quae
503 3192 700 3232 interitura
722 3189 778 3232 est
797 3221 810 3242 ,
845 3193 1050 3246 projiciunt
1077 3193 1118 3233 in
1147 3190 1259 3232 aliam
1278 3220 1291 3242 ‚
1319 3203 1405 3245 quae
1437 3191 1537 3231 salva
1556 3196 1714 3242 portum
1743 3188 1893 3227 tenebit

955 3251 1007 3292 M
1028 3264 1067 3293 m
1801 3248 1895 3289 Ani-
