2132 3730
244 228 331 268 234
679 206 1624 253 DIDACISAAVEDRAE.

242 303 377 344 tinent.
438 297 556 338 Nulla
572 294 628 334 est
643 293 815 344 corporis
829 302 938 344 pars,
969 304 1053 342 quae
1073 303 1153 330 non
1172 291 1273 332 illico
1291 292 1510 345 sanguinem
1524 294 1632 334 suum
1653 294 1819 345 suosque
1839 293 1988 343 spiritus
2003 291 2051 333 ad

242 373 327 401 eam
355 359 525 403 derivet,
555 365 639 404 quae
667 351 816 391 adversi
842 351 983 404 aliquid
1005 352 1172 402 patitur,
1202 361 1387 403 uttotum
1419 363 1562 405 corpus
1589 353 1850 394 conservetur.
1912 350 1950 390 Si
1971 350 2050 392 Mi-

241 421 353 461 nister
379 416 509 467 aliquis
535 414 618 452 otio
646 412 840 465 indulgeat
864 411 902 451 &
928 412 1075 462 quieti,
1104 409 1196 450 dum
1219 413 1331 452 alium
1353 412 1549 453 laboribus
1581 413 1619 453 ὅτ,
1637 414 1817 465 periculis
1839 410 1947 452 videt
1983 423 2053 464 op-
2104 455 2106 457 ,

240 481 379 533 primi,
410 475 549 515 malitia
576 471 654 522 est,
685 472 876 512 aemulatio
902 470 979 519 est,
1011 471 1048 510 δε
1076 472 1236 522 exiguus
1269 483 1356 524 erga
1387 472 1602 526 Principem
1637 471 1809 513 affectus.
1869 471 2052 512 Nascitur

241 539 338 580 istud
357 533 546 576 interdum
571 543 621 573 ex
637 545 769 573 amore
793 531 1077 572 commoditatis
1107 531 1145 570 &
1169 532 1297 582 gloriae
1319 534 1513 583 propriae,
1545 542 1610 573 aut
1641 546 1692 573 ne
1716 544 1761 573 ea
1790 534 1828 572 in
1855 532 2053 572 discrimen

239 600 394 645 veniat,
424 603 489 634 aut
514 591 620 633 certe
645 604 687 633 ut
715 592 807 633 socii
832 589 1060 632 infelicitate
1084 591 1224 630 evadat
1257 590 1444 631 illustrior.
1502 591 1617 632 Tales
1642 592 1810 633 Ministri
1832 592 1900 632 fibi
1929 591 2053 632 solum

238 658 419 712 prosunt,
447 666 528 694 non
546 653 724 707 Principi‚
785 654 917 703 Atque
942 653 1031 691 hinc
1049 652 1274 691 exoriuntur
1297 651 1517 702 perniciosa³
1540 654 1611 692 illae
1642 652 1925 692 Contentiones
1955 653 2054 692 inter
2110 691 2112 693 ,

238 718 339 770 ipsos
370 715 467 755 illius
502 713 654 764 Status,
682 715 782 754 inter
819 712 897 765 ipsa
921 714 1019 751 illius
1047 724 1174 760 arma,
1204 710 1244 750 &
1276 712 1426 759 aeraria3
1460 712 1599 764 quibus
1626 714 1756 752 multae
1781 713 1940 765 egregiae
1969 723 2056 764 pei·-

237 778 380 818 duntur
405 775 648 823 occasiones,
677 776 902 814 amittuntur
928 773 1083 825 integra:
1107 772 1243 817 urbes,
1276 769 1429 810 castella
1463 772 1501 811 &
1526 772 1753 813 Provinciae.
1818 772 1984 815 Consilia
2017 770 2056 812 δε

238 837 410 878 afflones
426 833 691 875 Ministrorum
719 833 994 874 communicari
1013 832 1158 872 debent
1187 832 1285 870 inter
1301 831 1361 879 se,
1391 831 1495 871 haud
1522 832 1628 874 sectis
1653 845 1698 873 ac
1718 834 1785 872 alae
1814 831 2056 872 Cherubino-

237 911 323 939 rum
346 899 385 938 in
405 894 557 947 templo
575 894 825 934 Salomonico
849 891 925 932 sese
951 901 1089 932 mutuo
1121 891 1200 944 (a)
1234 890 1523 943 contingebant.

416 955 452 1006 §.
485 955 716 1007 Quanquam
739 952 837 993 vero
861 951 1070 1003 plurimum
1097 952 1254 1003 corpori
1277 948 1425 1004 prosint
1453 952 1584 1002 oculi,
1613 950 1766 992 Natura
1803 961 1933 992 tamen
1969 962 2051 990 non

236 1016 306 1058 nisi
322 1016 434 1056 binos
455 1016 586 1068 largita
606 1013 683 1063 est,
714 1011 923 1053 multitudo
941 1013 1044 1052 enim
1060 1013 1274 1066 cognitioni
1291 1022 1418 1050 rerum
1445 1012 1629 1051 officeret.
1691 1010 1810 1052 Haud
1823 1014 1930 1052 aliter
1950 1009 2052 1059 sane,

238 1078 303 1117 ubi
334 1086 492 1128 magnus
516 1072 571 1114 est
603 1073 914 1114 Consiliatiorurn
941 1083 1147 1120 numerus,
1178 1071 1418 1111 retardantur
1444 1070 1771 1119 consultationes,
1801 1072 1988 1112 secretum
2015 1071 2056 1109 in
2107 1081 2117 1113 ζ’

235 1137 409 1190 periculo
426 1133 506 1183 est,
536 1135 574 1175 δι
591 1133 841 1175 confunditur
867 1134 1029 1177 veritas:
1060 1131 1232 1184 suffragia
1251 1133 1354 1172 enim
1370 1142 1619 1171 numerantur
1644 1129 1787 1178 solum,
1813 1142 1893 1169 non
1910 1140 2056 1181 expen-
2108 1135 2110 1152 ⁵

236 1197 399 1245 duntur,
430 1194 469 1234 &
501 1194 622 1247 major
653 1194 822 1246 denique
852 1203 1034 1234 numerus
1063 1190 1277 1232 concludit.
1335 1190 1434 1231 Haec
1468 1191 1605 1231 damna
1636 1191 1886 1242 experiuntur
1913 1189 2055 1241 potissi—
2108 1216 2110 1230 ι

235 1257 340 1297 mum
365 1256 622 1306 Respublicae.
684 1252 905 1294 Multitudo
934 1264 1039 1292 coeca
1058 1250 1111 1291 est
1133 1252 1282 1304 semper
1307 1250 1346 1291 &
1369 1251 1616 1304 imprudens,
1638 1249 1686 1290 *ct
1708 1249 1912 1301 sapientior
1938 1250 2054 1288 etiam
2108 1279 2111 1301 3

234 1316 417 1365 Senatus,
449 1318 526 1356 hoc
541 1315 622 1368 ipso
639 1314 746 1368 quod
762 1313 912 1366 amplus
928 1312 984 1353 est
1000 1341 1013 1361 ,
1042 1310 1309 1351 conditionem
1330 1311 1634 1364 &ignorantiam
1652 1311 1757 1362 vulgi
1771 1309 1977 1350 admixtam
1986 1308 2053 1347 ha·
2108 1308 2110 1311 ’

236 1378 347 1424 beat,
378 1375 529 1417 necesse
545 1375 612 1415 est.
672 1375 761 1415 Plus
778 1375 875 1413 lucis
892 1374 1003 1424 pauci
1014 1372 1190 1424 spargunt
1209 1371 1398 1418 Planetae,
1426 1370 1540 1422 quam
1558 1369 1687 1410 multae
1711 1368 1836 1409 stellae.
1897 1368 1950 1408 Et
1965 1370 2054 1420 quia

235 1447 295 1476 tot
319 1437 401 1476 sunt
425 1439 462 1477 in
491 1437 553 1475 via
574 1433 716 1482 merea,
745 1435 835 1474 hinc
868 1432 1072 1485 splendore
1097 1429 1316 1482 repercusso
1345 1431 1414 1470 alia
1450 1432 1560 1471 aliam
1584 1428 1766 1482 impedit,
1791 1428 1830 1469 ὅτ.
1854 1430 1979 1482 minus
2002 1429 2057 1471 ibi

234 1498 329 1537 lucis
353 1496 430 1547 est,
460 1495 574 1549 quam
598 1496 636 1534 in
662 1496 740 1534 aliis
765 1494 849 1533 coeli
875 1494 1059 1544 partibus.
1118 1491 1221 1530 Inter
1236 1492 1379 1530 multos
1398 1489 1552 1529 libertas
1579 1489 1761 1528 audacior
1788 1487 1866 1537 est,
1896 1486 1936 1527 &
1963 1487 2055 1527 diffi-
2109 1514 2111 1519 ι

234 1557 355 1597 culter
377 1557 425 1597 ad
449 1558 691 1596 voluntatem
718 1553 755 1593 &
786 1553 981 1592 arbitrium
1018 1550 1200 1603 Principis
1234 1549 1367 1589 reduci
1385 1547 1422 1588 se
1447 1547 1520 1602 (b)
1546 1550 1708 1600 patitur:
1739 1548 1795 1586 uti
1815 1547 2054 1599 experientia
2110 1543 2113 1569 3'

235 1616 353 1657 docet
375 1618 412 1656 in
429 1615 701 1656 Conventibus
725 1612 915 1652 Ordinum
928 1611 1117 1663 publicis,
1148 1610 1185 1648 δι
1202 1610 1368 1648 comitiis
1390 1607 1657 1648 Generalibus.
1718 1605 1891 1659 Expedit
1909 1609 2054 1660 itaque,
2110 1608 2112 1651 ξ

233 1686 277 1716 ut
297 1678 411 1728 pauci
435 1677 567 1727 potius
583 1673 655 1713 sint
679 1670 890 1712 Consiiiarii
906 1701 918 1720 ,
950 1672 974 1710 ii
995 1669 1156 1717 scilicet,
1186 1670 1251 1720 qui
1268 1667 1315 1708 ad
1343 1668 1633 1721 gubernandum
1668 1664 1818 1707 Statum
1846 1667 2054 1716 sufficiunt,
2110 1678 2112 1706 ἕ

233 1748 324 1788 erga
346 1747 445 1787 quos
459 1733 722 1774 indifferenter
735 1731 772 1771 se
787 1740 892 1783 gerat
910 1730 990 1783 ipse
1026 1730 1229 1781 Princeps,
1260 1740 1389 1780 neque
1415 1727 1510 1768 sinat
1536 1728 1574 1768 se
1602 1729 1714 1767 unius
1740 1727 1855 1768 solius
1888 1727 1977 1767 duci
2000 1728 2058 1779 ju-

234 1797 357 1843 dici03
387 1807 457 1848 per
481 1806 600 1834 unum
615 1794 718 1833 enim
738 1801 888 1831 tantum
909 1802 990 1830 non
1008 1788 1184 1839 videbit,
1221 1798 1407 1840 quantum
1439 1786 1511 1841 per
1538 1800 1674 1828 omnes
1704 1788 1810 1828 alios.
1873 1787 1930 1827 Ita
1959 1787 2055 1827 dixit
2110 1824 2112 1837 k

232 1856 481 1908 Xenophon,
511 1855 576 1907 qui
601 1852 736 1893 eadem
766 1850 851 1891 usus
867 1851 1160 1902 comparatione
1192 1848 1438 1888 Consiliarios
1465 1848 1619 1901 Regum
1653 1847 1788 1888 Perfiae
1818 1849 1985 1898 oculos,
2016 1848 2054 1888 δι
2110 1844 2111 1850 ’

235 1928 344 1956 aures
369 1912 434 1970 (c)
465 1915 626 1953 vocitat.
687 1910 763 1968 (d)
793 1909 909 1961 Apud
936 1908 1168 1960 ejuscemodi
1192 1907 1422 1962 Illinssrurm
1453 1920 1543 1948 cum
1575 1921 1656 1948 non
1690 1907 1759 1947 nisi
1790 1907 1907 1960 ipsius
1933 1908 2056 1948 oculis

232 1976 417 2026 Princeps
442 1973 575 2013 videat
588 2002 602 2022 ,
632 1970 807 2025 Majestas
824 1970 962 2022 Imperii
975 1969 1109 2009 haerere
1125 1965 1202 2018 fiilet
1219 1967 1331 2020 Regi,
1359 1974 1423 2007 aut
1443 1967 1606 2019 Princzpi
1626 1968 1745 2007 orbum
1761 1966 1920 2017 potentia*
1939 1979 2055 2008 nomen

233 2036 455 2089 relinquitur.
2110 2027 2112 2082 ζ

348 2086 355 2096 ’
411 2093 445 2145 §.
480 2092 615 2132 Solent
631 2091 860 2143 plerumque
879 2087 1073 2140 Principes
1094 2087 1204 2126 unius
1222 2083 1334 2125 solius
1355 2085 1510 2136 alicujus
1534 2085 1694 2125 consilio
1712 2087 1764 2126 ita
1788 2086 2053 2140 acquiescere,
2110 2099 2112 2139 ς

234 2163 278 2195 ut
303 2155 432 2193 omnia
453 2164 540 2192 cum
562 2151 628 2191 illo
644 2150 800 2202 negotia
830 2145 1066 2196 deliberent,
1097 2158 1142 2185 ea
1160 2148 1274 2185 etiam
1300 2157 1385 2196 quae
1408 2144 1485 2196 ipse
1508 2144 1665 2184 minime
1685 2148 1871 2200 intelligit.
1933 2145 2054 2187 Unde

236 2213 402 2262 accidit,
431 2222 474 2251 ut
500 2208 698 2264 gravissimi
726 2211 763 2248 in
787 2206 988 2248 statuendo
1007 2207 1295 2246 committantur
1321 2215 1493 2244 errores:
1524 2215 1653 2256 neque
1682 2207 1784 2246 enim
1816 2208 1889 2247 viri
1916 2205 2063 2246 literati·
2111 2205 2112 2245 l

236 2275 273 2314 in
290 2274 403 2313 rebus
422 2272 644 2312 militaribus
661 2267 767 2310 redte
787 2267 942 2308 consilia
974 2267 1064 2306 dare
1088 2274 1291 2318 poterunt,
1322 2276 1450 2316 neque
1476 2265 1615 2304 milites
1638 2267 1676 2304 in
1704 2266 1770 2316 iis,
1802 2279 1887 2319 quae
1918 2266 1966 2306 ad
1987 2279 2053 2319 pa-

234 2346 320 2374 cem
345 2335 551 2385 pertinent.
614 2329 851 2382 Expendens
875 2327 967 2367 illud
988 2325 1209 2367 Alexander
1238 2324 1404 2364 Severus
1430 2324 1642 2376 Imperator
1672 2337 1989 2378 unumquemque
2013 2328 2054 2367 in

234 2396 279 2434 iis
301 2393 544 2440 consulebat,
574 2402 659 2441 quae
683 2388 762 2441 ipse
781 2387 1094 2439 pertraftaverat.
1157 2384 1225 2439 (e)
1265 2384 1363 2424 Unde
1376 2384 1413 2436 fi
1431 2384 1471 2424 de
1488 2387 1575 2439 jure
1596 2386 1842 2436 vastaretur,
1873 2389 1909 2427 in
1930 2387 2054 2439 confili-

234 2467 292 2495 um
301 2451 386 2505 fhios
405 2451 516 2492 dofftos
532 2448 737 2497 adhibebat,-
755 2447 792 2501 st
811 2461 895 2488 vero
914 2447 953 2487 de
967 2461 1007 2487 re
1022 2446 1185 2495 volitari,
1214 2445 1335 2486 milites
1356 2452 1513 2494 veteres,
1544 2443 1596 2490 ἐξ)
1606 2441 1703 2496 senes
1723 2458 1767 2485 ac
1795 2446 2051 2496 benemeritos,

234 2513 288 2559 &⁹
307 2514 449 2554 Iocorum
483 2512 600 2555 eritas,

413 2521 560 2623 §.plstis
582 2571 784 2609 oculorum
814 2565 1083 2606 affectionibus
1118 2565 1302 2607 hactenus
1324 2565 1523 2618 explicatis
1553 2575 1695 2617 corpus
1719 2567 1758 2605 in
1783 2564 1854 2606 suis
1879 2566 2052 2607 moribus

235 2634 400 2686 regitur,
432 2644 516 2683 quae
534 2630 562 2671 fi
575 2629 743 2670 deessent
756 2658 769 2677 ,
799 2639 849 2668 ne
862 2626 909 2666 ad
927 2638 1045 2667 unum
1065 2626 1221 2679 quidem
1236 2624 1380 2680 passum
1397 2623 1528 2666 secure
1545 2623 1672 2677 postet
1686 2626 1881 2680 progredi.
1942 2626 2051 2666 Ideni
2112 2680 2114 2684 Ι

1973 2688 2050 2726 Re·
2112 2688 2114 2718 ἰ

336 2819 393 2861 (a)
421 2820 465 2850 Et
479 2814 542 2851 ala
557 2817 629 2863 ejus
643 2815 928 2868 altera-quinque
947 2813 1140 2852 cubitorum
1165 2813 1264 2851 alam
1284 2809 1554 2849 cherubinorum
1580 2810 1731 2849 alterius
1751 2807 1984 2864 contingebat.
2015 2823 2051 2847 2.

236 2869 317 2906 Par.
352 2880 384 2914 3.
409 2877 466 2905 12.
533 2870 594 2914 (b)
620 2868 737 2920 Populi
758 2870 943 2921 imperium
963 2868 1084 2916 juxta
1108 2864 1311 2903 libertatem
1327 2879 1338 2901 .·
1357 2875 1547 2916 paucorum
1568 2864 1761 2902 dominatio
1787 2866 1886 2916 regia
1909 2860 2051 2900 libidini

229 2917 368 2974 propior
391 2917 447 2970 ιβ.
473 2920 559 2955 Tac.
577 2920 637 2957 lib.
662 2926 697 2958 6.
723 2921 853 2958 Annal.
907 2921 964 2968 (c)
992 2921 1082 2956 Hinc
1094 2915 1245 2972 fastum
1259 2915 1326 2969 est,
1351 2924 1393 2953 ut
1423 2916 1531 2970 vulgo
1547 2917 1755 2965 jadertum,
1780 2914 1962 2963 Persarum
1989 2921 2050 2951 Re⁴
2112 2936 2113 2948 1

228 2986 314 3026 gem
335 2971 461 3009 multos
480 2969 608 3008 habere
628 2973 750 3015 oculos,
775 2986 943 3026 auresque
958 2972 1114 3016 multam
1138 2971 1226 3024 quod
1241 2970 1282 3022 fi
1303 2972 1379 3023 quis
1395 2980 1500 3022 putet
1517 2983 1627 3006 unum
1659 2969 1791 3007 oculum
1819 2967 2051 3020 expetendum
2112 2975 2113 2988 ³

237 3026 337 3077 Regi,
363 3038 441 3061 eum
454 3026 593 3077 egregie
601 3023 692 3074 falli
711 3037 845 3063 certum
860 3024 929 3078 est:
953 3039 1042 3062 unus
1057 3026 1151 3062 enim
1171 3022 1216 3067 (ῥ’
1255 3034 1346 3060 auca
1359 3022 1488 3060 videat
1499 3049 1508 3063 ‚
1534 3021 1580 3064 ό·
1593 3032 1712 3075 pauca
1726 3018 1857 3058 audiat
1867 3034 1882 3065 ,·
1907 3018 1983 3067 eſjZt
2006 3033 2049 3056 ue
2112 3030 2113 3035 ¹

235 3079 320 3115 aliis
341 3091 380 3114 re
405 3079 435 3113 is
456 3075 636 3127 Ministris
654 3077 756 3130 quasi
767 3079 986 3131 negligentia
1014 3076 1184 3130 quaedam,
1271 3074 1312 3122 st’
1335 3089 1379 3111 ne
1402 3075 1577 3112 indic‘t‘um
1599 3077 1724 3114 otium,
1738 3071 1775 3121 st
1801 3071 1842 3110 id
1860 3075 1924 3110 um·
1935 3070 1974 3119 ft
1988 3086 2049 3109 um
2112 3068 2113 3103 ἶ

236 3129 345 3166 alicui
386 3129 616 3167 emundatum
639 3129 715 3176 effi’t
731 3130 883 3180 officium.
937 3134 1105 3167 Praeterea
1118 3142 1217 3182 quem
1226 3126 1295 3176 fid>
1318 3129 1366 3165 iti
1380 3141 1480 3181 cogno
1494 3136 1609 3164 cerent
1624 3127 1720 3163 iffum
1738 3122 1798 3173 effi
1815 3125 1962 3166 oculum,
1977 3135 2046 3162 aut
2112 3130 2113 3172 J

237 3194 359 3218 aurem
375 3184 529 3236 regiam,
551 3181 677 3225 sc'irent
694 3180 785 3219 htmc
797 3182 996 3222 cavendum
1015 3180 1092 3230 effi,
1116 3193 1223 3234 neque
1235 3180 1416 3235 quidpiam
1428 3180 1481 3217 illi
1499 3177 1783 3216 committendum
1795 3205 1806 3219 .
1829 3177 1920 3231 quod
1939 3179 2046 3215 anmi.-

237 3243 501 3324 noffiaeterrem
526 3237 695 3289 Principis
699 3232 815 3287 fhret.
869 3238 1039 3286 Xenoph.
1061 3234 1121 3272 lib.
1138 3248 1176 3283 4.
1204 3233 1305 3287 Cyri>w
1356 3235 1423 3284 (d)
1449 3233 1628 3271 Plutarch.
1680 3232 1744 3281 (e)
1773 3232 1916 3282 Lampr.
1932 3231 1971 3270 in
1991 3228 2046 3270 vi·

237 3296 276 3322 ta
342 3298 396 3324 ex.
2111 3290 2112 3293 Ἰ
