2132 3730
257 226 341 277 136
687 211 1037 257 DIDACI
1091 211 1633 255 SAAVEDRAE

250 308 364 347 cretis
393 305 500 351 sunt,
529 302 684 349 aliisque
706 296 777 335 suis
801 294 1005 343 Ministris,
1035 304 1078 334 ut
1107 296 1239 346 aspero
1263 295 1330 335 suo
1355 294 1492 348 agendi
1526 308 1666 349 genere
1688 308 1888 350 petentem
1914 298 2054 338 abster-

249 376 372 410 reant.
429 358 577 406 Dolus,
608 357 672 408 qui
698 353 811 397 facile
830 355 867 396 &
889 356 1000 396 brevi
1026 365 1204 406 tempore
1232 355 1388 408 deteget
1416 354 1640 405 artificium,
1670 357 1844 411 indignus
1870 358 2057 412 generoso

248 427 288 466 &
305 426 409 476 regio
426 418 599 473 pectore.
659 414 837 456 Minister
855 425 1011 457 moneta
1035 415 1230 468 publicata
1257 414 1333 464 est,
1361 415 1545 468 Principis
1570 416 1710 470 fignata
1739 419 1884 472 effigie,
1915 418 1953 458 &
1985 418 2055 459 nist

246 486 409 539 probata
428 481 488 519 illa
505 477 550 517 fit
565 474 604 516 δε
626 475 730 516 hunc
751 475 799 516 acl
813 477 950 517 vivum
972 477 1181 529 exprimat,
1211 485 1390 527 tanquam
1406 476 1577 517 adultera
1592 476 1792 528 rejicietur.
1854 478 1894 519 Si
1921 487 2052 530 caput,

247 543 354 597 quod
372 535 525 593 praeest,
555 547 712 576 aureum
731 536 798 586 fit,
827 549 961 577 manus
992 547 1170 588 quoque,
1198 535 1335 588 quibus
1355 536 1495 587 utitur,
1528 548 1651 577 aureae
1663 535 1736 578 fint
1752 547 1933 592 oportet,
1963 549 2054 590 qua-

253 606 309 644 les
329 608 436 641 erant
452 597 524 638 illae
545 596 668 651 sponsi
688 598 726 636 in
745 595 882 637 divinis
908 593 982 652 (a)
1012 597 1142 636 literis,

396 659 431 712 §.
463 657 561 698 Sunt
580 666 766 709 praeterea
788 658 1017 709 principales
1034 656 1146 708 hujus
1162 654 1309 707 speculi
1327 665 1454 708 partes
1472 659 1585 697 etiam
1602 654 1758 711 Legati,
1788 659 1854 709 qui
1869 656 2056 710 Principis

245 720 512 764 auctoritatem
531 716 737 757 sustinent:
770 716 808 757 &
828 715 915 758 sane
941 714 1042 756 male
1065 716 1324 756 consuleretur
1343 714 1432 756 fidei
1449 718 1612 769 publicae
1626 747 1639 767 ,
1669 717 1738 757 nisi
1753 715 1855 757 istius
1874 718 1995 757 verba
2014 717 2053 758 δε

244 782 433 825 veracitas
455 809 468 829 ,
498 780 536 819 in
558 779 628 818 illis
653 788 810 829 quoque
839 778 1096 829 reperirentur
1120 790 1134 824 ς
1165 775 1203 816 &
1221 775 1317 815 sicut
1342 775 1370 815 fi
1391 777 1517 818 vicem
1540 778 1637 818 illius
1664 778 1840 824 obeunt,
1870 786 2056 829 quantum

243 843 292 884 ad
310 841 525 895 potentiam
549 838 588 878 δι
615 838 727 877 animi
749 836 1049 889 magnitudinem
1077 838 1238 883 attinet,
1267 837 1319 875 ita
1338 836 1377 876 in
1395 837 1502 876 omni
1533 837 1621 878 casu
1644 848 1727 878 eam
1745 850 1823 891 prae
1836 836 1877 877 se
1891 835 1991 877 ferre
2005 836 2058 877 fic

244 903 388 944 debent
401 933 411 949 ‚
443 912 487 939 ac
509 898 536 938 si
553 897 734 949 Princeps
760 897 838 948 ipse
860 896 989 936 coram
1009 897 1172 949 praesens
1189 894 1342 937 adeffet.
1403 895 1467 936 Ad
1486 895 1589 937 hunc
1607 897 1768 938 modum
1787 897 1864 951 egit
1889 895 1960 951 (h)
1977 898 2058 937 An-

242 964 372 1004 tonius
393 959 582 1006 Fonseca,
613 958 678 1009 qui
704 954 906 1008 postquam
932 957 1079 1008 Regem
1114 956 1296 997 Carolum
1323 953 1520 996 O&avum
1542 959 1698 997 nomine
1719 958 1837 1012 Regis
1866 956 2059 997 Catholici

243 1020 468 1067 monuisset,
497 1029 547 1057 ne
566 1029 668 1057 arma
683 1015 954 1069 Neapolitanis
981 1016 1121 1057 finibus
1148 1015 1327 1065 inferret,
1361 1015 1488 1056 donec
1517 1017 1580 1056 via
1607 1015 1782 1068 Justitiae,
1811 1019 1896 1069 quis
1927 1019 2060 1069 potior

239 1083 329 1136 Jure
346 1079 463 1129 esset,
495 1077 776 1125 declararetur,
805 1087 880 1117 nec
899 1078 1104 1129 quicquam
1128 1077 1165 1116 se
1189 1075 1383 1128 proficere
1409 1075 1582 1125 videret,
1612 1075 1744 1130 infigni
1773 1088 1861 1117 cum
1885 1078 1998 1116 animi
2018 1075 2062 1115 li-

239 1144 392 1183 bertate
418 1136 543 1192 palam
555 1137 676 1178 edixit
691 1167 704 1186 ,
724 1136 877 1190 Regem
891 1137 1001 1178 suum
1014 1136 1259 1176 conscientiae
1275 1136 1350 1187 jam
1362 1137 1434 1176 suae
1443 1137 1527 1176 satis
1535 1135 1686 1186 fecisse,
1696 1145 1739 1176 ut
1753 1135 1891 1176 deinde
1903 1136 2064 1176 liberata

238 1201 340 1251 fide,
370 1200 515 1240 viribus
538 1197 577 1238 δι
596 1198 720 1249 copiis
749 1197 788 1236 in
813 1208 897 1236 eam
921 1206 1070 1250 partem
1101 1196 1141 1236 se
1174 1195 1264 1236 dare
1292 1194 1443 1248 posset,
1475 1208 1587 1249 quam
1620 1197 1829 1248 aequiorem
1859 1196 2057 1247 judicaret.

238 1262 333 1303 Nec
355 1259 453 1300 ultra
471 1268 641 1299 moratus
662 1268 791 1297 coram
808 1255 937 1310 Rege,
967 1256 1006 1297 &
1024 1256 1274 1304 Proceribus,
1305 1257 1370 1308 qui
1385 1256 1424 1295 in
1446 1265 1646 1297 conventu
1669 1255 1847 1306 aderant,
1877 1257 1958 1296 initi
1995 1267 2058 1295 an·

239 1322 304 1363 tea
331 1320 484 1360 foederis
519 1318 666 1358 tabulas
689 1318 885 1357 laceravit.
947 1316 1068 1357 Sicuti
1095 1313 1314 1355 Ministrum
1341 1315 1527 1367 Principis
1549 1317 1603 1355 sui
1627 1317 1802 1359 maximis
1832 1314 2058 1358 instruGtum

241 1382 318 1424 esse
334 1381 467 1429 decet,
494 1380 548 1419 ita
561 1378 599 1419 δι
619 1376 823 1429 Majestate
844 1377 963 1427 illius,
991 1375 1238 1424 fortitudine,
1259 1374 1297 1414 δι
1311 1372 1525 1426 praestantia
1542 1376 1668 1415 animi.

556 1549 1371 1618 SYMBOLUM
1454 1547 1793 1629 XXX-IV.

388 1712 444 1753 Ui
465 1709 643 1751 fruticem
664 1708 861 1749 rosaceum
883 1706 995 1759 spinis
1013 1706 1051 1747 &
1067 1706 1234 1747 sentibus
1250 1707 1422 1760 asperum
1439 1708 1610 1748 intuetur
1623 1708 1765 1756 oculis,
1784 1707 1815 1746 is
1828 1704 2058 1759 persuadere

237 1710 388 1853 Q
418 1773 487 1813 fibi
507 1772 574 1811 vix
589 1771 734 1823 poterit
750 1799 762 1819 ‚
794 1766 816 1809 ὲ
833 1778 910 1807 tam
933 1766 1079 1819 spinosa
1095 1775 1230 1815 matre,
1246 1767 1346 1808 adeo
1364 1767 1504 1808 bellam
1515 1767 1793 1819 venustamque
1813 1766 1945 1817 filiam,
1963 1778 2056 1819 qua-

417 1834 461 1873 lis
477 1830 531 1871 est
547 1831 649 1870 Rosa
666 1860 679 1879 ,
709 1827 954 1881 progenerari
970 1825 1094 1878 poffe.
1174 1825 1323 1881 Magna
1350 1828 1485 1880 utique
1507 1826 1648 1868 fiducia
1674 1840 1775 1880 opus
1800 1826 1854 1868 est
1869 1858 1880 1876 ‚
1912 1827 1959 1867 ad
1979 1828 2060 1867 irri-

237 1894 405 1948 gandum
428 1893 466 1932 &
494 1888 780 1942 expectandum
795 1916 807 1937 ,
841 1885 932 1925 dum
953 1885 1187 1925 viriditatem
1205 1887 1358 1935 induat,
1388 1887 1426 1926 &
1447 1889 1650 1938 portrudat
1669 1887 1928 1929 admirabilem
1954 1888 2056 1928 illam

238 1955 487 1995 foliculorum
508 1961 694 2002 pompam
712 1978 724 1998 ,
755 1959 840 1999 quae
855 1944 978 1984 odore
994 1954 1071 1984 tam
1085 1943 1251 1984 delicato
1271 1956 1380 1984 nares
1399 1954 1558 1985 recreat.
1648 1945 1785 1999 Longa
1811 1957 1939 1987 tamen
1966 1945 2032 1999 spe
2045 1975 2059 1997 ‚

239 2015 278 2055 &
305 2013 505 2054 tolerantia
525 2009 690 2062 experiri
712 2006 867 2048 tandem
883 2006 973 2045 licet
989 2034 1000 2052 ‚
1030 2002 1203 2044 laborem
1220 2016 1301 2045 non
1321 2003 1430 2045 fuisse
1451 2005 1650 2055 inutilem,
1679 2018 1752 2045 nec
1770 2004 1869 2046 male
1891 2007 2058 2046 colloca.

238 2085 295 2115 tas
313 2074 433 2126 spinas
459 2102 471 2120 ,
503 2082 587 2122 quae
604 2068 740 2110 florem
767 2065 866 2107 adeo
892 2065 1037 2104 bellum
1060 2062 1335 2116 fragrantisque
1354 2063 1485 2103 odoris
1501 2063 1782 2116 produxerunt.
1846 2063 1997 2117 spinosi
2012 2066 2052 2106 δε

239 2135 358 2186 asperi
381 2134 464 2172 sunt
480 2141 624 2170 naturae
648 2126 786 2168 nostrae
811 2132 1003 2176 corruptae
1019 2124 1131 2174 primi
1150 2125 1299 2164 virtutis
1320 2126 1443 2173 rami,
1473 2122 1539 2163 sed
1562 2122 1651 2175 post
1678 2125 1957 2176 pulcherrimus
1981 2125 2052 2166 ilii·

236 2208 281 2235 us
305 2194 380 2234 flos
399 2190 555 2231 tandem
578 2188 820 2229 subnascitur.
883 2183 952 2225 Ne
972 2183 1187 2236 Principem
1200 2193 1339 2225 terreat
1354 2184 1498 2236 primus
1516 2195 1643 2224 rerum
1660 2183 1932 2238 aspe&us:per
1946 2186 2051 2227 enim

237 2266 361 2308 pauca
381 2252 518 2293 suntin
537 2249 721 2302 regimine
736 2278 748 2296 ,
781 2257 866 2298 quae
883 2246 1005 2298 prima
1031 2242 1161 2284 fronte
1177 2243 1345 2296 jucunda
1361 2253 1580 2297 appareant.
1642 2243 1785 2285 Omnia
1805 2244 1916 2297 spinis
1932 2244 2052 2285 reser-

237 2325 277 2355 ta
297 2313 478 2354 videntur
493 2341 504 2359 ‚
536 2309 574 2350 &
594 2307 891 2350 difficultatibus,
951 2302 1030 2344 Sed
1052 2304 1293 2357 experiundo
1312 2306 1430 2345 multa
1453 2302 1563 2345 fuere
1584 2301 1708 2344 facilia
1724 2335 1736 2353 ,
1766 2316 1851 2357 quae
1871 2303 2051 2358 segnibus

236 2373 353 2415 ardua
372 2372 614 2413 videbantur.
670 2367 741 2409 Ne
762 2368 892 2419 itaque
908 2366 1037 2406 animo
1053 2364 1164 2406 cadat
1180 2365 1388 2419 Princeps;
1417 2376 1506 2405 nam
1532 2364 1615 2406 fiiis
1629 2365 1768 2405 leviter
1783 2363 1919 2414 cedat,
1937 2365 2048 2405 asua-

238 2444 320 2476 met
338 2429 642 2486 apprehensione
663 2429 830 2469 vincitur
845 2425 998 2479 potins,
1029 2424 1144 2479 quam
1158 2427 1214 2467 rei
1232 2427 1406 2466 veritate.
1468 2424 1628 2466 Toleret
1643 2423 1816 2474 fortiter,
1846 2424 2048 2477 speretpa·

238 2496 378 2535 tienter
402 2493 440 2533 &
463 2489 678 2533 constanter
700 2519 712 2539 ,
742 2499 816 2535 nec
834 2495 963 2527 tamen
985 2487 1137 2528 interim
1153 2486 1279 2528 media
1296 2485 1460 2527 dimittat
1476 2484 1499 2527 ὲ
1514 2486 1700 2531 manibus.
1761 2485 1947 2539 Quisquis
1963 2485 2046 2537 spe-

239 2565 298 2596 rat
315 2585 327 2605 ‚
358 2553 462 2597 fideli
484 2552 522 2593 &
539 2552 691 2603 optimo
718 2550 837 2588 utitur
861 2548 1007 2588 comite
1022 2578 1035 2598 ‚
1065 2547 1264 2601 Tempore
1281 2548 1469 2588 nimirum.
1533 2545 1651 2588 Unde
1665 2546 1813 2600 Regem
1830 2545 2052 2598 Philippum

239 2613 460 2655 Secundum
486 2612 614 2653 dicere
634 2610 786 2650 solitum
803 2608 1051 2660 accepimus:
1080 2606 1151 2663 (c)
1181 2609 1256 2661 Ego
1272 2606 1324 2653 &⁹
1340 2614 1470 2660 tempus
1495 2615 1616 2648 contra
1638 2604 1732 2648 duos.
1790 2605 1962 2659 Impetus
1986 2604 2046 2646 fu-

238 2678 333 2716 roris
353 2673 515 2715 effectus
539 2670 615 2720 est,
647 2669 671 2710 e
691 2682 771 2722 quo
796 2668 950 2722 grandia
974 2669 1074 2709 nasci
1100 2668 1222 2709 solent
1240 2669 1418 2721 pericula.
1480 2666 1729 2708 Theobaldus
1743 2665 1962 2719 Campaniae
1978 2677 2048 2704 co-

237 2748 319 2776 mes
336 2735 604 2775 successionem
623 2731 724 2770 suam
746 2732 784 2770 in
800 2728 844 2769 N
848 2741 989 2769 avarrae
1009 2741 1169 2783 regnum
1192 2728 1306 2769 valde
1327 2727 1493 2769 reddidit
1508 2727 1661 2768 dubiam
1680 2758 1693 2777 ,
1724 2726 1775 2768 eb
1792 2726 1899 2779 quod
1921 2736 2042 2765 morae

239 2797 442 2847 impatiens
459 2796 497 2834 in
519 2790 768 2845 praestolanda
790 2799 917 2830 morte
943 2790 1060 2843 Regis
1085 2788 1225 2831 Sanffii
1245 2791 1370 2842 patrui
1386 2789 1439 2829 sui
1455 2821 1467 2838 ,
1494 2787 1620 2830 adhuc
1632 2788 1714 2842 ipso
1732 2789 1828 2828 vivo
1857 2786 1961 2838 regni
1976 2797 2045 2825 oc.

239 2855 406 2906 cupandi
426 2853 582 2894 occulte
621 2851 776 2892 consilia
802 2848 969 2903 agitasset
995 2862 1085 2891 cum
1109 2850 1336 2891 Proceribus
1359 2862 1372 2897 ;
1429 2850 1520 2890 hinc
1548 2850 1649 2890 enim
1677 2846 1821 2890 factum
1840 2876 1853 2896 ,
1881 2854 1926 2884 ut
1954 2845 2045 2886 Rex

239 2914 413 2955 Sanctius
431 2914 616 2965 jacobum
633 2911 800 2952 Primum
819 2912 1021 2962 Aragoniae
1042 2911 1192 2964 Regem
1217 2909 1430 2962 adoptaret.
1489 2909 1675 2951 Patientia
1693 2907 1820 2949 multis
1836 2903 2041 2957 Trophaeis

240 2976 384 3025 inclyta
402 2973 456 3014 est
472 3004 485 3022 ‚
517 2974 554 3013 &
571 2974 750 3012 excelluit
769 2974 807 3011 in
830 2983 875 3010 ea
891 2971 1023 3023 Scipio
1040 3002 1053 3021 ,
1085 2973 1150 3024 qui
1174 2970 1241 3012 etsi
1264 2971 1301 3010 in
1322 2969 1504 3024 Hispania
1523 2968 1660 3011 multas
1678 2968 1837 3008 haberet
1859 2964 2042 3006 offensio-

238 3048 333 3077 num
354 3033 574 3075 occasiones
592 3062 605 3082 ,
634 3032 732 3072 adeo
751 3042 880 3072 tamen
904 3031 979 3072 fuit
999 3032 1147 3085 patiens
1166 3061 1180 3082 ,
1208 3027 1336 3084 CdJut
1349 3032 1475 3075 nullum
1482 3027 1609 3083 ferox„
1617 3028 1761 3070 verbum
1787 3027 1840 3067 illi
1855 3023 2041 3084 excideret,

1948 3097 2043 3138 qua·
2070 3121 2073 3123 ,

338 3245 395 3286 (a)
412 3247 522 3282 Caput
536 3241 607 3287 ejus
622 3254 750 3277 amum
767 3243 944 3292 optimum.
996 3247 1131 3278 Manus
1146 3241 1236 3278 istius
1260 3242 1447 3280 tornatiles
1472 3254 1592 3279 aurea.
1626 3239 1734 3278 Cant.
1765 3251 1797 3285 5.
1817 3252 1874 3282 Π.
1901 3239 1939 3277 &
1976 3249 2036 3287 14.

241 3293 303 3337 (b)
324 3294 415 3329 Mar.
431 3293 508 3330 hist.
527 3293 625 3343 Hisp.
646 3293 668 3329 l.
694 3299 750 3329 16.
770 3306 801 3329 c.
822 3305 858 3340 7.
914 3295 971 3341 (c)
989 3296 1081 3332 Mar.
1102 3292 1181 3332 hist.
1200 3295 1299 3346 Hisp.
1318 3297 1342 3333 l.
1364 3307 1421 3333 12.
1452 3307 1484 3332 c.
1503 3299 1560 3333 16.
1588 3293 1650 3342 (d)
1672 3293 1748 3330 Tit.
1766 3292 1850 3332 Liv.
