2132 3730
483 219 932 266 s-TMBoLA
985 218 1457 265 POLITJC‘A.
1807 239 1871 283 93,

72 315 162 356 Rex
177 304 394 363 Alphonsus
407 309 623 361 Aragonius
649 307 778 348 dicere
802 306 949 347 solebat
967 320 977 346 z
1008 303 1171 363 Jzstitiae
1190 304 1341 359 beneficio
1362 307 1489 359 probos
1509 308 1591 347 mihi
1603 306 1775 356 demnciffi·
1796 309 1870 349 Cle-

69 376 195 416 mutia
213 367 388 423 inprobos.
446 367 538 408 Una
553 366 602 407 ad
622 368 800 408 timorem
819 367 980 420 impellit
1009 379 1023 415 3
1053 367 1169 406 altera
1185 365 1233 405 ad
1250 378 1422 408 amorem
1441 367 1596 420 obligat.
1656 365 1869 408 Confiden—

70 436 123 474 tia
136 431 258 474 veniae
276 429 440 470 audaces
461 427 554 469 facit
571 425 778 476 Subditos,
816 426 855 468 &
887 427 1100 468 Clementia
1111 426 1226 468 nimia
1241 429 1341 479 parit
1360 436 1628 482 contemptum
1644 457 1658 480 ,
1686 428 1804 483 gignit
1820 429 1869 468 ire

68 492 342 542 reverentiam,
366 489 406 532 ἃ.
420 486 635 545 peffumdat
649 485 910 541 Respublicas.

487 600 1141 674 SYMBOLUM
1201 598 1429 668 XXIII.

177 2120 256 2169 Ulli
272 2118 501 2166 Alchimistae
516 2120 697 2175 majores,
716 2128 830 2176 quam
846 2121 1062 2177 Principec,
1090 2125 1156 2177 qui
1170 2122 1288 2166 rebus
1305 2126 1473 2179 pretium
1494 2132 1668 2179 ponunt,
1685 2118 1792 2181 quod
1809 2124 1862 2172 de

9 2204 13 2207 ·
202 2189 241 2228 le
256 2198 338 2226 non
352 2186 514 2234 habent,
531 2184 609 2223 hoc
635 2184 719 2237 ipso
728 2214 745 2235 ,
775 2183 882 2236 quod
897 2195 960 2225 eas
986 2186 1026 2225 in
1046 2185 1198 2225 virtutis
1215 2188 1413 2239 praemium
1443 2185 1516 2242 (a)
1530 2199 1754 2242 proponant
1768 2191 1861 2232 aliis.

202 2244 438 2287 Invenerunt
456 2244 623 2284 Romani
639 2242 813 2285 Coronas
839 2246 980 2293 varias,
1009 2244 1206 2295 wimales,
1237 2245 1383 2287 Civiles
1399 2245 1437 2286 &
1454 2246 1650 2298 Navales,
1674 2259 1718 2288 ut
1731 2256 1862 2294 rerum

53 2304 204 2348 fortiter
224 2306 264 2346 &
286 2318 376 2346 cum
399 2303 512 2346 laude
536 2302 720 2357 gestarum
739 2305 899 2357 gloriosa
920 2303 1038 2346 effent
1060 2305 1234 2358 insignia:
1265 2306 1304 2346 δε
1325 2307 1432 2347 licuit
1461 2307 1545 2347 haec
1574 2311 1624 2348 ex
1649 2309 1766 2361 ipsius
1792 2322 1862 2351 na-

53 2375 149 2406 turae
168 2363 250 2407 smu
267 2365 306 2406 &
321 2366 497 2406 thesauro
514 2363 765 2416 depromere,
796 2376 882 2418 quae
906 2371 1082 2418 gramen,
1112 2367 1238 2419 palma
1258 2365 1297 2406 δι
1323 2368 1451 2406 lauros
1477 2366 1622 2409 affatim
1641 2367 1861 2422 suppedita-

9 2457 13 2461 .
54 2423 143 2476 bat,
163 2424 268 2466 unde
288 2425 368 2466 fine
382 2426 535 2477 sumptu
550 2432 710 2465 coronas
724 2420 804 2465 illas
823 2433 1090 2467 contexerent.
1151 2421 1497 2485 Non‘suffeciffent
1517 2429 1643 2468 aeraria
1664 2428 1713 2469 ad
1731 2441 1859 2472 remu-

9 2493 12 2497 ’
54 2485 223 2527 neranda
237 2485 435 2537 obsequia,
463 2483 532 2524 nifi
550 2486 808 2538 excogitatum
824 2483 951 2525 fuisset
959 2487 1161 2537 politicum
1175 2482 1268 2526 illud
1284 2498 1515 2527 coronarum
1530 2489 1754 2538 inventum,
1771 2498 1860 2541 quae

52 2546 198 2598 praemii
212 2546 302 2584 loco
326 2545 477 2586 donatae
496 2545 534 2584 in
553 2544 748 2596 publicum
763 2539 998 2586 fortitudinis
1019 2544 1297 2596 testimonium,
1317 2548 1435 2599 pluris
1454 2548 1591 2595 etiam,
1612 2554 1726 2599 quarn
1734 2550 1860 2602 ipsum

54 2614 188 2645 aurum
209 2615 481 2657 argentumque
497 2601 791 2650 aestimabantur;
819 2616 908 2645 nam
924 2606 1026 2645 ultro
1041 2606 1118 2646 sese
1142 2607 1282 2646 milites
1314 2606 1362 2646 ad
1384 2607 1533 2646 labores
1551 2605 1590 2646 &
1611 2609 1781 2660 pericula
1797 2608 1858 2650 of-

53 2661 249 2711 ferebant,
278 2671 323 2703 ut
339 2666 383 2704 iis
406 2662 586 2716 potiundi
613 2664 764 2706 daretur
789 2664 952 2705 occafi0.
1013 2664 1167 2706 Eodem
1181 2663 1295 2718 plane
1317 2665 1488 2706 Consilio
1509 2663 1702 2720 Hispanico
1725 2668 1858 2722 Reges

52 2720 261 2766 fundarunt
279 2723 501 2777 Religiones
528 2723 729 2777 militares,
759 2732 918 2778 quarum
935 2724 1089 2778 infignia
1103 2732 1184 2766 non
1209 2725 1323 2766 solius
1344 2720 1593 2776 Nobilitati8‚
1623 2727 1690 2768 sed
1706 2729 1861 2770 virtutis

52 2785 169 2825 etiam
196 2781 315 2824 effent
337 2782 530 2823 indicium.
588 2784 718 2837 Atque
740 2784 840 2827 adeo
855 2793 943 2825 ante
965 2787 1094 2826 omnia
1110 2782 1233 2826 danda
1252 2783 1307 2826 est
1325 2793 1463 2839 opera,
1491 2795 1535 2826 ut
1559 2780 1749 2838 ejusmodi
1763 2801 1861 2841 prae-

51 2843 128 2885 mia
144 2842 265 2896 porro
287 2841 498 2883 habeantur
519 2844 557 2883 in
571 2846 715 2895 pretio:
745 2845 860 2899 quod
873 2844 964 2895 fiet,
996 2845 1025 2886 fi
1041 2857 1175 2899 magna
1195 2845 1324 2886 habita
1337 2849 1485 2887 ratione
1513 2848 1740 2889 meritorum
1751 2857 1863 2889 *con-

53 2902 236 2944 ferantur.
297 2901 510 2945 Enimvero
531 2904 570 2942 in
589 2911 733 2946 tantum
756 2905 925 2946 aestimari
942 2905 1087 2956 solent,
1116 2907 1156 2946 in
1183 2915 1369 2958 quantum
1392 2915 1495 2946 notae
1518 2907 1602 2947 sunt
1628 2907 1858 2950 Nobilitatis

55 2963 93 3002 δι
108 2962 354 3004 fortitudinis.
417 2961 540 3016 Quod
556 2962 584 3002 fi
598 2964 740 3016 absque
765 2963 918 3007 delectu
942 2965 980 3006 δι
1000 2965 1211 3007 discrimine
1238 2978 1284 3007 ea
1303 2965 1518 3007 instituetur
1540 2966 1774 3016 distributio,
1799 2967 1859 3006 vi-

51 3022 192 3064 lescent
211 3025 394 3077 paulatim
411 3022 449 3063 &
468 3031 786 3076 contemnentur,
815 3026 855 3067 δε
869 3027 1016 3080 poterit
1032 3027 1246 3077 Arminius,
1270 3026 1356 3079 jure
1383 3028 1523 3068 merito
1544 3026 1670 3068 ridere
1694 3026 1855 3067 fratrem

909 3089 947 3127 A
965 3099 986 3126 a
1798 3084 1858 3124 su-

152 3201 210 3245 (a)
233 3204 425 3252 Imperator
437 3198 626 3251 aliquando
641 3193 833 3251 torquibus,
858 3201 1005 3248 morali,
1033 3201 1079 3245 dv·
1095 3203 1214 3239 civica
1228 3201 1338 3241 donat
1351 3219 1365 3242 .·
1388 3202 1477 3256 quid
1484 3199 1590 3239 hahet
1603 3211 1668 3255 per
1681 3190 1723 3248 ,Ιὲ
1734 3211 1858 3238 corona

49 3248 251 3306 putidam,
275 3251 365 3302 quid
376 3260 570 3303 pretextu,
597 3251 684 3305 quid
687 3250 820 3303 fafies,
843 3253 931 3306 quid
942 3253 1119 3298 tribunal,
1142 3253 1230 3307 quid
1243 3269 1387 3302 currus,-
1410 3253 1506 3294 nihil
1519 3250 1642 3293 horum
1665 3251 1772 3293 honor
1790 3251 1838 3307 ss
1846 3273 1858 3297 ι

44 3303 112 3352 st’d
128 3297 264 3340 honoris
277 3302 423 3356 infigne.
448 3307 530 3342 Sen.
548 3304 611 3343 lib.
633 3317 663 3342 1.
680 3306 724 3342 de
739 3307 825 3343 Ben.
