2132 3730
283 246 361 288 168
771 231 1123 276 -DIDACI
1176 229 1716 277 SAAVEDRAE

287 296 1570 316 ,.—-——-—-——————·—-—-—-—-—-—-.-——

277 326 401 365 &atus
423 320 651 365 instituendo
668 349 680 368 ,
711 327 755 358 ut
787 318 928 357 utilitas
961 315 1145 365 aliorum,
1174 315 1214 355 δε
1241 316 1422 370 Principis
1451 329 1526 358 una
1549 318 1763 370 eademque
1792 318 1868 359 effe
1898 307 2088 360 videaturss

274 386 337 426 Ex
369 384 448 425 solo
471 382 735 422 emolumento
756 379 916 431 proprio
940 374 1334 431 negotiapertrafftare
1349 368 1472 427 ve'lle,
1503 376 1559 418 est
1572 389 1710 430 aquam
1735 378 1910 420 derivare
1933 391 2004 431 per
2031 390 2095 418 ca-

273 449 378 487 nales
401 445 572 489 hiantes;
600 438 756 492 quando
778 437 881 480 illam
907 437 977 480 sibi
1001 436 1140 480 mutui>
1156 439 1459 489 communicant,
1488 451 1626 480 ornnes
1643 439 1805 491 prosunt
1832 441 1871 482 δι
1886 439 2084 492 adjuvant.

606 613 1419 684 SYMBOLUM
1502 613 1753 681 XLIII„

410 2167 586 2216 inquam,
616 2164 744 2203 eximii
774 2161 936 2201 Naturae
966 2162 1119 2213 operis,
1149 2161 1187 2200 in
1220 2171 1299 2212 quo
1331 2159 1512 2210 sapientia
1543 2159 1672 2199 divina
1717 2173 1852 2202 onnes
1889 2163 2084 2215 descripsit

409 2225 604 2272 scientias,
634 2233 678 2263 ut
712 2234 785 2262 nos
811 2220 1026 2268 erudirent,
1058 2220 1095 2260 δε
1123 2218 1229 2260 reete
1262 2219 1399 2272 agendi
1422 2220 1525 2258 viam
1554 2227 1598 2259 ac
1627 2219 1787 2261 modum
1822 2222 2083 2264 ostenderent.

263 2285 386 2326 Nulla
413 2286 536 2324 virtus
565 2285 718 2323 moralis
752 2280 824 2330 est,
855 2293 939 2333 quae
959 2282 997 2321 in
1017 2280 1271 2320 animantibus
1289 2280 1411 2319 brutis
1427 2291 1506 2318 non
1527 2278 1822 2331 quodammodo
1837 2285 2051 2336 reperiatur
2072 2298 2082 2323 τ
2110 2311 2112 2317 ·

259 2357 349 2385 cum
373 2346 417 2384 iis
442 2344 531 2396 ipsis
561 2343 724 2383 nascitur
752 2341 957 2394 prudentia
981 2339 1174 2393 practica;
1206 2341 1242 2379 in
1267 2340 1380 2378 nobis
1403 2338 1595 2391 disciplina
1611 2351 1783 2390 paratur,
1815 2342 1853 2382 ὅτ.
1881 2344 2087 2395 experien-

258 2408 323 2444 tia.
383 2405 420 2443 A
444 2404 563 2442 brutis
586 2404 730 2455 absque
755 2402 916 2449 rubore,
948 2401 985 2441 &
1007 2398 1144 2440 nostrae
1165 2400 1317 2439 inscitiae
1333 2400 1542 2451 ignominia
1566 2399 1709 2440 discere
1724 2399 1942 2453 possumus:
1975 2404 2014 2443 in
2037 2404 2083 2443 iis

258 2465 361 2504 enirn
390 2463 467 2516 ipse
495 2474 621 2503 rerum
655 2463 827 2502 omnium
856 2460 1020 2500 effeffitor
1047 2472 1092 2500 ac
1118 2461 1275 2500 molitor
1293 2458 1404 2499 Deus
1433 2471 1505 2498 nos
1531 2460 1667 2499 erudit.
1728 2461 1912 2501 Attamen
1944 2474 2082 2503 eorum

263 2523 425 2564 induere
443 2533 619 2573 naturas,
649 2532 714 2562 aut
736 2534 799 2561 eas
816 2522 951 2561 imitari
973 2521 1095 2565 velle,
1124 2529 1168 2559 ut
1189 2519 1284 2560 ficut
1307 2520 1367 2558 illa
1391 2530 1545 2572 agamus
1570 2520 1685 2560 bruto
1717 2532 1827 2560 more
1856 2522 2004 2573 abrepti
2026 2522 2081 2563 af-

259 2583 434 2624 fectuum
460 2585 656 2636 appetitu,
686 2581 869 2635 grandem
893 2579 985 2620 ess'et
1015 2583 1181 2631 irrogare
1202 2580 1372 2631 inJ'uriarn
1390 2579 1503 2618 reecae
1530 2581 1688 2629 rationi,
1718 2583 1884 2633 propriae
1913 2581 2083 2622 hominis

259 2643 364 2693 doti,
396 2641 472 2695 qua
490 2643 711 2683 discernitur
734 2642 780 2681 ab
809 2641 1062 2680 animantibus
1079 2642 1256 2693 reliquis,
1287 2640 1325 2679 δε
1348 2642 1387 2679 in
1416 2652 1551 2680 omnes
1568 2650 1736 2681 meretur
1768 2641 1989 2693 Imperium.
2034 2641 2079 2682 In

258 2705 328 2744 illis
349 2713 489 2755 utpote
513 2704 670 2743 rationis
691 2702 916 2755 expertibus
944 2699 1089 2753 Justitia
1109 2703 1239 2742 locum
1258 2712 1338 2739 non
1361 2699 1502 2749 habet,
1534 2701 1674 2753 singula
1692 2702 1792 2740 enim
1810 2700 1856 2740 ad
1870 2701 1970 2742 suam
1986 2713 2080 2740 con-

258 2764 515 2804 servationem
536 2763 743 2802 attendunt
775 2761 914 2806 solum,
949 2773 1023 2801 nec
1050 2761 1097 2800 ad
1119 2760 1297 2812 justitiam
1334 2761 1493 2800 alienam
1517 2760 1721 2800 reflectunt
1750 2762 1899 2801 oculos.
1962 2760 2076 2800 Solus

258 2824 382 2863 homo
398 2822 568 2862 aetiones
586 2823 665 2862 suas
683 2822 730 2862 ad
752 2821 900 2873 justitiae
920 2833 1095 2861 normam
1114 2821 1240 2874 dirigit
1258 2847 1271 2868 ,
1303 2818 1340 2859 &
1362 2822 1540 2871 aequitate
1558 2821 1734 2869 metitur,
1764 2833 1844 2860 non
1876 2820 2075 2871 cupiendo

263 2885 399 2932 alteri,
425 2882 531 2934 quod
552 2883 630 2934 ipse
651 2882 719 2922 fibi
736 2895 816 2921 non
836 2890 1010 2934 cuperet.
1071 2881 1105 2921 E
1126 2893 1206 2933 quo
1227 2878 1332 2920 reete
1350 2879 1533 2921 conficies
1547 2912 1558 2930 ‚
1591 2893 1706 2933 quarn
1730 2881 1890 2932 impium
1906 2879 1943 2918 &
1960 2879 2075 2921 ferox

260 2943 307 2983 sit
325 2942 577 2982 Machiavelli
599 2943 796 2982 confilium
818 2944 882 2994 qui
916 2943 1132 2995 Principem
1161 2941 1268 2980 suum
1294 2940 1474 2981 efformat
1499 2943 1624 2990 aliter,
1655 2953 1706 2981 ex
1734 2951 1866 2980 natura
1890 2939 2075 2980 videlicet

259 3005 402 3046 leonis.
446 3002 485 3055 St
503 3003 655 3054 vulpis:
687 3011 731 3041 ut
757 3001 864 3053 quod
884 3004 1033 3042 ratione
1058 3001 1241 3053 consequi
1261 3012 1339 3040 non
1359 2999 1506 3053 potest,
1536 3003 1576 3042 vi
1600 3001 1638 3042 δι
1660 3000 1753 3040 dolo
1770 3000 1955 3040 obtineat.
1982 2999 2074 3053 Qua

259 3065 299 3103 in
318 3076 360 3103 re
374 3061 612 3113 Lysandrum
634 3061 1018 3102 Lacedaemonioruin
1045 3062 1199 3101 Ducem
1220 3060 1443 3113 Magistrum
1468 3062 1630 3109 habuit,
1659 3071 1774 3111 quem
1806 3057 1937 3098 ferunt
1960 3059 2072 3099 dixis-

260 3123 298 3161 se
327 3122 531 3175 aliquando
540 3140 556 3170 ¹>
583 3121 611 3175 ζ
610 3121 658 3175 a)
688 3120 798 3180 Quod
816 3122 917 3162 leonis
936 3122 1036 3174 pellis
1048 3123 1219 3173 attingere
1235 3134 1300 3160 mm
1308 3120 1439 3176 potest,
1469 3116 1861 3173 Princzpicffimendam
1876 3120 2068 3172 vulpinam,
2113 3143 2116 3145 >

261 3182 301 3221 &
323 3182 420 3223 dolis
441 3181 651 3235 agendum,
681 3194 725 3221 ac
744 3180 955 3226 fraudibus.
1015 3181 1066 3221 Et
1090 3180 1177 3221 sane
1197 3183 1351 3233 antiqua
1378 3181 1452 3221 fuit
1476 3180 1649 3221 doctrina
1665 3178 1749 3229 ista,
1775 3178 1961 3229 Polybius
1980 3191 2068 3219 eam
2131 3186 2132 3233 J

2005 3239 2070 3278 sua

261 2098 443 2239 RES
470 2113 606 2144 omnes
633 2100 698 2143 seu
729 2104 932 2151 viventes,
960 2100 1025 2141 seu
1052 2099 1248 2150 inanimae,
1277 2096 1370 2140 folia
1399 2097 1484 2139 sunt
1508 2100 1634 2151 magni
1656 2100 1766 2150 hujus
1794 2102 1901 2153 libri,
1931 2102 2088 2154 mundi,

275 3304 427 3368 Ἶῑὶ)
451 3323 630 3359 Plutarch.
