2132 3730
255 233 342 274 288
693 224 1043 266 DIDACI
1097 226 1636 274 SAAJJEDRAE.

255 314 408 364 negotia
429 312 590 363 publica.
651 307 748 346 Haee
776 308 883 347 causa
912 308 1010 358 fuit,
1042 312 1202 361 opinor,
1232 325 1298 353 cur
1330 313 1503 366 quasdam
1528 316 1771 368 Respublicae
1801 315 2059 356 adolescentes
2114 308 2117 336 ’ἵ

252 374 292 411 in
310 371 489 412 Senatum
512 366 737 407 admiserint.
799 367 895 408 Illud
915 370 1125 421 optimum,
1157 372 1262 421 quod
1286 373 1458 426 agricolis
1482 375 1519 415 in
1547 388 1657 416 more
1684 375 1757 425 est,
1787 377 1852 429 qui
1881 375 2058 415 arbuscu-

252 433 331 480 las,
363 431 451 469 dum
470 436 609 466 tenerae
635 426 743 476 sunt,
774 430 967 470 translatas
994 431 1068 468 alio
1087 430 1124 468 in
1144 430 1226 470 solo
1253 434 1390 473 iterato
1419 436 1614 487 plantant,
1645 447 1688 477 ut
1714 435 1878 483 radices,
1911 446 1995 486 quae
2023 435 2060 474 se

252 491 410 531 nimium
437 486 685 536 diffuderant,
717 487 1038 541 constringantur,
1071 489 1107 529 &
1128 493 1250 530 trunci
1275 491 1420 533 diretta
1446 494 1588 536 sursum
1623 497 1661 535 in
1688 497 1960 548 proceritatem
1983 494 2085 541 sese1

250 552 405 601 erigant.
464 545 678 598 Nunquam
699 546 782 587 fere
795 547 978 599 juventus
1009 551 1046 589 in
1070 549 1154 589 solo
1172 552 1296 602 patrio
1315 551 1363 591 ad
1379 553 1560 604 insignem
1578 555 1726 608 frugem
1744 556 1970 596 maturescit.
2002 554 2059 593 lbi

251 607 518 659 consanguinei
544 606 581 646 δε
611 608 721 647 amici
745 609 984 649 licentiorem
1011 622 1094 650 earn
1114 610 1279 651 reddunt
1303 611 1635 665 audacioremque.
1695 615 1860 663 N0n2ita
1881 613 1981 666 apud
1995 625 2057 653 ex-

248 677 375 715 teros,
405 667 470 705 ubi
486 678 570 707 eam
592 670 790 720 compellit
809 670 1002 708 necessitas
1018 700 1030 718 ‚
1061 679 1103 709 ut
1125 669 1206 709 suas
1232 669 1381 710 studeat
1397 683 1636 724 componere
1655 673 1846 723 artiones,
1875 674 1912 714 &
1929 674 2058 714 h‘omi-

245 738 340 767 nurn
366 725 434 765 fibi
451 728 595 766 animos
614 727 820 768 devincire.
881 727 1004 769 Domi
1027 731 1064 769 in
1090 732 1209 782 patria
1227 728 1438 782 plusculum
1466 732 1581 773 licere
1603 734 1715 773 nobis
1734 732 2059 782 arbitramur,etsi

246 795 356 825 extra
380 787 516 827 limites
546 787 610 834 sit,
643 787 680 827 &
704 787 817 827 facile
834 791 986 829 veniam
1012 791 1124 830 nobis
1143 790 1383 841 pollicemur.
1444 790 1527 830 Ubi
1553 794 1635 833 noti
1665 805 1746 832 non
1769 793 1915 842 sumuS,
1931 794 2061 844 legum

244 846 410 897 rigorem
435 848 652 890 metuimus,
714 848 832 887 Extra
854 851 979 888 natale
995 851 1114 890 solum
1143 852 1342 903 corrigitur
1362 851 1556 902 paullatim
1575 852 1634 891 illa
1667 864 1820 892 morum
1861 854 2061 903 asperitas,

245 906 284 946 &
309 916 452 946 naturae
478 906 713 954 contraclim
745 910 860 947 elatio
879 909 937 948 illa
957 911 1071 950 animi
1089 910 1222 951 stolida
1255 912 1291 950 ἅ
1319 910 1553 960 inhumana,
1583 922 1666 962 quae
1688 924 1756 953 eos
1776 910 1859 952 fere
1886 912 2060 951 comitari

210 1016 218 1024 ῃ
244 966 367 1015 solet,
397 967 461 1017 qui
489 978 576 1005 cum
603 966 840 1007 Nationibus
865 968 1022 1009 diversis
1054 972 1191 1010 versati
1216 983 1296 1010 non
1327 971 1418 1010 sunt.
1478 969 1536 1010 lbi
1572 972 1703 1022 linguae
1733 971 1994 1020 addiscuntur,
2024 971 2063 1010 &

244 1026 529 1078 cognoscuntur
558 1025 775 1068 Nationum
796 1030 966 1081 ingenia,
998 1031 1248 1071 observantur
1265 1030 1561 1071 consuetudines
1589 1031 1812 1083 singularum
1840 1044 1884 1071 ac
1911 1042 2060 1079 mores,

244 1098 403 1139 quarum
422 1098 548 1126 rerum
567 1089 704 1127 notitia
724 1089 887 1141 insignes
910 1091 1027 1130 efficit
1050 1092 1180 1141 viros,
1210 1091 1257 1131 ad
1280 1103 1378 1131 artes
1396 1102 1474 1131 tam
1497 1093 1601 1143 pacis
1619 1122 1631 1140 ,
1663 1089 1772 1143 quain
1800 1091 1893 1131 belli
1924 1091 2060 1131 idone-

243 1159 302 1187 os.
365 1146 502 1195 Plato,
533 1146 766 1201 Lycurgus,
798 1150 946 1198 Solon,
980 1151 1017 1190 &
1049 1151 1285 1204 Pythagoras
1326 1154 1449 1191 varias
1489 1151 1675 1192 obeundo
1702 1151 1941 1200 Provincias,
1970 1161 2060 1202 pru-

241 1207 377 1247 dentes
396 1206 542 1259 Legum
561 1209 702 1248 latores
726 1210 763 1248 δί
793 1210 1013 1263 Philosip'ni
1037 1207 1212 1255 evasere.
1270 1211 1313 1252 In
1335 1211 1418 1252 solo
1436 1214 1562 1264 patrio
1581 1224 1656 1252 una
1676 1211 1885 1263 eademque
1908 1210 2063 1250 fortuna

241 1280 330 1308 cum
351 1269 508 1307 homine
534 1268 715 1318 nascitur,
746 1270 784 1310 ἃ.
803 1283 892 1310 cum
913 1272 1054 1310 eodem
1080 1272 1187 1311 simul
1220 1274 1427 1319 emoritur-5
1458 1272 1554 1313 foris
1580 1273 1743 1323 majores
1780 1273 1851 1313 sese
1879 1269 2060 1311 offerunt.

239 1326 385 1369 Nullus
406 1328 643 1369 planetarum
666 1332 701 1369 in
724 1329 845 1370 domo
868 1332 931 1370 sua
955 1334 1112 1384 propria
1135 1334 1323 1372 exaltatur
1339 1363 1352 1382 ,
1383 1333 1448 1372 sed
1477 1334 1516 1372 in
1536 1334 1688 1382 alienis,
1716 1332 1785 1372 etii
1811 1343 1890 1374 non
1917 1330 2062 1381 absque

243 1387 480 1428 detrimento
506 1388 598 1437 su0,
630 1399 747 1440 atque
763 1391 1032 1431 incommodo.

419 1447 455 1499 §.
489 1448 747 1501 Peregrinatio
778 1462 915 1502 magna
947 1449 1161 1502 prudentiae
1191 1449 1374 1503 Magistra
1399 1450 1472 1500 est,
1503 1451 1532 1491 fi
1557 1450 1604 1491 ad
1632 1452 1799 1490 animum
1827 1447 1961 1490 melius
1986 1446 2063 1488 for-

241 1506 447 1557 mandum,
479 1520 559 1548 non
584 1508 630 1547 ad
643 1509 917 1549 obleetandum
940 1511 1059 1550 solum
1082 1512 1316 1560 sulcipiatur.
1377 1510 1433 1550 Ea
1463 1512 1502 1550 in
1534 1522 1575 1548 re
1600 1510 1751 1549 laudem
1776 1518 1969 1548 merentur
1993 1520 2065 1560 po-

240 1569 322 1619 puli
341 1568 681 1619 septentrionales,
712 1570 776 1620 qui
804 1581 884 1608 non
905 1571 1044 1609 minori
1064 1582 1151 1608 cum
1177 1570 1419 1618 curiositate,
1451 1569 1566 1621 quam
1592 1570 1807 1608 attentione
1833 1568 1969 1616 animi,
2005 1579 2064 1607 re-

239 1626 338 1666 listis
362 1628 492 1678 patriis
529 1628 700 1676 laribus,
733 1627 871 1668 orbem
904 1627 1090 1677 lustrant,
1129 1629 1165 1668 &
1201 1630 1373 1681 linguas,
1406 1640 1505 1669 artes
1539 1642 1584 1669 ac
1617 1629 1789 1668 scientias
1823 1626 2061 1667 condiscunt.

241 1685 426 1738 Hispani,
458 1687 523 1739 qui
544 1687 713 1738 majora,
745 1685 860 1739 quam
887 1689 972 1727 ullae
1005 1690 1087 1728 aliae
1108 1688 1324 1739 Nationes,
1356 1690 1500 1729 habent
1526 1689 1687 1729 subsidia
1715 1698 1864 1728 exteras
1900 1687 2065 1727 adeundi

235 1745 462 1786 Provincias
485 1777 497 1796 ,
537 1748 683 1799 quippe
713 1759 878 1798 quorum
913 1747 1147 1788 Monarchia
1171 1761 1323 1801 quaqua
1353 1748 1502 1789 versum
1520 1750 1556 1790 se
1574 1750 1753 1802 porrigit,
1776 1761 1854 1801 prae
1886 1748 2064 1787 omnibus

241 1815 370 1848 tamen
404 1808 482 1846 aliis
511 1807 616 1846 domi
640 1809 678 1847 in
700 1809 821 1859 patria
847 1807 910 1847 sua
936 1808 1131 1858 desident,
1163 1810 1231 1849 nisi
1254 1809 1301 1849 ad
1328 1821 1429 1849 arma
1452 1809 1557 1851 forte
1576 1809 1683 1850 Mars
1706 1809 1779 1849 alio
1809 1819 1876 1847 eos
1895 1816 2062 1857 evocet,

240 1867 329 1924 cum
359 1868 609 1908 nihilominus
638 1867 845 1920 plurimutn
878 1867 1040 1917 referat,
1074 1881 1117 1909 ut
1133 1871 1197 1921 qui
1219 1871 1377 1910 diverfis
1395 1869 1437 1909 N
1442 1871 1631 1911 titionibus
1654 1866 1954 1922 imperant‚&in
1975 1867 2067 1906 Pro-

239 1929 376 1966 vinciis
393 1929 505 1966 variis
532 1928 630 1966 belia
649 1937 806 1980 gerunt,
835 1927 1049 1978 perfeftam
1075 1941 1234 1981 quoque
1265 1929 1473 1970 earundem
1501 1931 1668 1971 habeant
1688 1930 1876 1969 notitiam.
1963 1926 2061 1967 Duo

238 1985 473 2041 potissimum
493 1986 605 2034 sunt,
637 2000 722 2038 quae
756 1988 860 2026 viros
892 1988 1061 2027 Nobiles
1099 1989 1204 2028 domi
1230 1990 1266 2028 in
1294 1999 1392 2028 terra
1427 1992 1541 2029 natali
1569 1990 1761 2029 detinent:
1792 1986 1955 2039 primum
1978 1988 2060 2038 qui-

242 2047 332 2087 dem
351 2077 364 2096 ,
395 2047 483 2098 quia
506 2045 727 2097 Hispaniam
761 2046 932 2099 undique
967 2047 1050 2087 fere
1074 2060 1177 2088 mare
1195 2050 1328 2097 alluit,
1367 2061 1495 2101 neque
1531 2049 1680 2101 semper
1711 2046 1914 2098 navigandi
1948 2057 2061 2086 occa·
2087 2098 2093 2099 ἶ
2130 2053 2132 2092 2

240 2107 299 2149 fio
314 2118 390 2147 tam
409 2105 544 2159 praesto
563 2105 618 2146 est
633 2137 646 2156 ,
678 2119 722 2146 ac
747 2116 845 2146 tetra
868 2110 940 2147 iter
977 2107 1142 2148 faciendi
1168 2108 1425 2148 commoditas
1443 2140 1454 2158 ,
1487 2110 1648 2149 alterum
1680 2106 1820 2147 deinde
1841 2118 1938 2146 vana
1958 2118 2059 2157 quae-

243 2168 331 2208 darn
351 2177 622 2219 praeconcepta
646 2168 803 2218 opinio,
833 2179 908 2217 qua
927 2167 1139 2207 existimant
1159 2169 1304 2219 absque
1325 2180 1459 2220 magna
1483 2181 1629 2220 pompa
1651 2166 1877 2217 &impensis
1896 2167 2060 2218 peregri-

242 2230 418 2269 nationes
438 2226 522 2266 istas
542 2227 683 2267 institui
696 2239 776 2267 non
794 2226 922 2279 posse,
954 2240 1029 2279 qua
1046 2230 1084 2267 in
1104 2240 1144 2267 re
1165 2226 1416 2268 modestiores
1436 2230 1522 2268 sunt
1544 2227 1679 2268 Exteri
1697 2257 1709 2277 ,
1740 2225 1809 2266 etsi
1829 2237 2054 2279 magnorum

240 2288 463 2341 Principum
485 2286 561 2328 filii.
1033 2289 1038 2293 ”

398 2347 434 2398 §.
464 2347 610 2397 Neque
634 2345 781 2387 tantum
798 2348 958 2398 iuvenes
982 2349 1020 2387 in
1046 2345 1145 2386 aliud
1166 2347 1285 2386 solum
1306 2344 1498 2386 transferri
1520 2346 1687 2396 debent,
1719 2343 1815 2385 seda
1833 2346 1970 2385 teneris
1988 2346 2056 2384 eti-

245 2421 305 2450 am
325 2408 376 2448 sic
390 2408 546 2447 formari
573 2408 681 2446 velut
709 2410 888 2458 plantulae
907 2437 919 2454 ,
950 2417 992 2446 ut
1014 2409 1090 2446 aliis
1113 2407 1317 2457 aliquando
1341 2408 1377 2446 in
1396 2408 1616 2448 muneribus
1635 2407 1671 2447 &
1701 2406 1833 2445 officiis
1851 2401 2059 2445 succedere

243 2471 400 2510 valeant
428 2497 441 2516 ,
471 2479 599 2519 neque
622 2466 771 2506 necesse
794 2468 861 2515 sit,
891 2466 1043 2507 aliunde
1059 2468 1236 2507 homines
1261 2479 1390 2507 novos
1413 2469 1654 2521 negotiorum
1675 2466 1712 2505 &
1737 2466 1871 2505 artium
1900 2464 2055 2516 imperi-

247 2539 311 2569 tos
341 2528 531 2567 accersere
548 2557 559 2575 ,
590 2529 653 2577 qui
685 2527 824 2567 deinde
841 2539 930 2567 cum
953 2528 1190 2578 Reipublicae
1211 2527 1442 2567 detrimento
1463 2541 1533 2581 per
1553 2529 1694 2570 multos
1712 2526 1798 2565 suos
1823 2535 1970 2564 errores
1988 2535 2052 2565 ex-

245 2589 472 2642 perientiam
489 2587 556 2627 sibi
575 2598 822 2639 comparent3
853 2587 892 2627 id
916 2588 1022 2640 quod
1046 2589 1083 2627 in
1114 2587 1355 2628 Emblemate
1374 2589 1548 2640 praesenti
1574 2600 1641 2642 per
1659 2585 1805 2634 fasces,
1836 2584 2054 2634 symbolum

244 2647 491 2702 Magistratus
515 2678 528 2697 ,
558 2646 765 2688 indicatum
804 2649 942 2696 volui,
971 2649 1042 2687 illae
1070 2647 1255 2698 siquidem
1288 2650 1403 2701 virgae
1440 2650 1615 2700 plantatae
1648 2643 1736 2684 alias
1769 2647 1908 2685 iterum
1929 2646 2054 2697 progi-

245 2717 395 2762 gnunt,
425 2708 462 2747 &
490 2709 576 2760 quia
596 2709 635 2747 in
662 2720 901 2761 unoquoque
930 2720 1070 2760 genere
1099 2709 1252 2759 triplicis
1284 2709 1382 2747 illius
1420 2706 1555 2747 formae
1586 2706 1825 2758 Reipublicae
1842 2736 1854 2755 ,
1893 2703 2055 2744 Monar-

246 2769 332 2808 chia
351 2797 362 2816 ‚
393 2769 568 2808 nimirum
584 2798 598 2817 ,
626 2767 872 2808 Aristocratia
894 2798 906 2818 ‚
937 2769 973 2808 &
1001 2768 1249 2808 Democratia
1271 2796 1284 2816 ,
1316 2766 1472 2806 diversae
1489 2767 1574 2807 sunt
1590 2765 1825 2820 gubernandi
1850 2765 2018 2805 rationes
2040 2794 2054 2814 ,
2092 2811 2093 2815 Ἰ

246 2828 393 2869 diversa
417 2840 574 2879 quoque
587 2828 824 2879 juventutis,
853 2830 1033 2869 exercitia
1060 2829 1130 2868 sint
1155 2836 1362 2880 opportet,
1400 2840 1473 2879 pro
1499 2827 1700 2879 cujuslibet
1721 2826 1835 2878 Reip.
1850 2823 2054 2874 institutis,

246 2900 398 2942 proque
422 2900 546 2928 rerum
565 2888 813 2938 conditione,
846 2890 882 2928 in
909 2890 1046 2941 quibus
1083 2900 1320 2940 unaquaeque
1345 2889 1434 2927 viris
1463 2887 1799 2929 excellentioribus
1822 2885 1938 2937 magis
1956 2883 2053 2923 indi-

248 2958 323 3002 get.
382 2947 438 2988 Ea
454 2949 491 2988 in
509 2960 549 2987 re
560 2961 675 2989 omne
704 2950 809 2990 suum
835 2949 998 2990 studium
1017 2946 1178 3002 tosussre
1196 2947 1312 2988 Persae
1337 2979 1348 2996 ,
1377 2948 1573 3001 AEgyptii,
1607 2947 1775 2988 Chaldaei
1799 2944 1836 2985 &
1859 2944 2026 2984 Romani
2035 2958 2050 2992 ,·

250 3010 469 3061 cumprimis
489 3009 585 3050 vero
609 3011 852 3051 elaborarunt
874 3013 911 3051 in
932 3022 1002 3060 e0,
1034 3021 1075 3050 ut
1090 3007 1275 3061 quosdam
1293 3008 1367 3060 jam
1387 3009 1476 3049 inde
1508 3008 1528 3049 a
1555 3010 1676 3063 prima
1693 3006 1853 3061 pueritia
1873 3017 1946 3058 pro
1961 3003 2050 3046 Ma-

248 3069 399 3122 gistratu
416 3069 651 3111 instituerent
670 3100 682 3119 ,
713 3071 852 3124 utpote
873 3071 892 3110 a
912 3082 991 3122 quo
1021 3069 1159 3110 deinde
1185 3070 1292 3108 bono
1312 3099 1322 3117 ‚
1354 3079 1418 3109 aut
1435 3071 1537 3109 malo
1554 3101 1566 3121 ,
1597 3065 1835 3110 conservatio
1857 3075 1921 3105 aut
1943 3068 2050 3107 ruina

248 3131 501 3182 Rerumpubl.
534 3130 795 3184 dependeret,
827 3142 984 3184 quarum
1006 3132 1067 3171 ille
1084 3128 1137 3170 est
1148 3129 1289 3177 anima,
1321 3128 1358 3169 &
1377 3140 1493 3182 prout
1509 3131 1587 3182 ipse
1607 3126 1765 3169 affeaus
1783 3123 1924 3175 fuerit,
1955 3129 2050 3168 tales

248 3201 406 3243 quoque
432 3193 551 3233 totius
573 3192 747 3244 corporis
763 3201 875 3235 erunt
890 3190 1093 3234 Adtiones.
1153 3189 1196 3232 In
1216 3188 1397 3243 Hispania
1413 3203 1550 3245 magna
1563 3202 1650 3231 cum
1669 3185 1914 3243 providentia
1923 3187 2049 3229 eredita

295 3252 368 3325 ⁶
1961 3247 2043 3288 fue-
