2132 3730
475 195 920 259 SYMBOLA'
972 202 1450 283 P2L1T1cA.
1808 209 1867 255 7⁷

77 309 248 366 pendere
271 305 314 344 ut
337 311 445 343 tanto
468 309 742 341 accuratiorem
770 297 819 337 ab
835 297 880 337 iis
902 295 1088 335 rationem
1112 288 1246 344 poste&
1260 298 1432 342 repetat,
1463 285 1665 340 quomodo
1695 282 1771 342 (a)
1786 285 1864 326 Re·

78 373 114 424 gi
131 364 327 410 Baithasari
345 360 502 404 factum.
559 359 611 401 Et
634 359 664 401 si
682 357 794 399 Otho
807 354 878 410 (b)
897 352 1117 394 obstrictum
1134 350 1171 390 se
1190 349 1369 398 eredidit,
1400 357 1443 388 ut
1465 347 1695 400 Imperium,
1719 344 1817 385 ficut
1840 343 1864 384 ἃ

77 426 289 480 Maioribus
304 430 524 474 acceperat,
554 419 607 460 fic
632 416 795 472 posteris
821 413 1008 462 traderet,
1035 408 1218 464 profem
1249 421 1330 448 non
1354 408 1542 448 minorem
1575 407 1690 447 etiam
1720 401 1865 457 obliga-

78 491 221 529 tionem
238 483 261 524 ὲ
275 482 444 538 gloriofis
464 481 536 520 suis
553 474 864 519 Antecefforibus
885 474 932 515 ad
945 473 984 514 se
999 472 1208 513 derivatam
1224 467 1414 508 Serenitas
1430 465 1568 506 Vestra
1591 465 1769 520 agnoscat
1796 474 1866 504 ne-

79 544 174 589 cefl'e
193 542 259 585 est.
318 541 375 582 Ita
395 541 476 582 illas
505 537 659 580 tradidit
682 535 843 577 Carolus
863 534 919 579 V,
941 533 1173 585 Imperator,
1205 527 1296 568 dum
1325 538 1390 567 eas
1420 526 1545 566 adhuc
1567 523 1753 577 superstes
1778 523 1867 565 Phi-

78 605 184 660 lip'po
203 603 249 644 11.
269 600 365 643 Filio
382 601 450 642 suo
467 597 616 640 detulit.
671 595 725 638 Et
744 594 891 637 tametsi
914 591 1186 634 nonnullorum
1206 586 1386 627 acciderit
1411 586 1552 625 malitia
1564 614 1580 634 ,
1610 583 1717 636 quod
1745 582 1866 626 finem

79 663 250 707 curriculi
268 662 320 703 sui
334 658 552 713 exspthare
567 657 734 699 noluerit
746 685 760 705 ,
787 666 838 696 ne
854 650 958 695 forte
978 649 1085 690 venti
1101 648 1278 690 contrarii
1297 657 1395 699 quos
1408 644 1485 696 jam
1504 655 1587 683 tum
1599 644 1755 684 adversa
1770 642 1866 684 For-

79 735 169 766 tuna
190 719 421 770 concitarat,
452 730 514 759 eas
539 726 604 758 aut
632 717 792 757 omnino
819 714 1085 765 extinguerent
1107 717 1173 747 aut
1201 706 1330 748 saltem
1359 705 1627 753 obscurarent,
1655 704 1711 743 uti
1735 701 1869 745 fecifl'e

75 791 289 828 memorant
303 779 541 834 Alphonsum
558 776 605 818 11.
622 776 772 830 Regem
787 772 1091 825 Neapolitanum
1107 768 1171 819 qui
1194 778 1282 807 cum
1297 766 1396 819 Regi
1412 763 1579 804 Franciae
1601 762 1744 802 Carolo
1758 762 1866 810 Vin.

77 841 283 885 resistendo
305 853 387 882 non
400 838 517 889 effer,
546 836 615 892 (c)
645 835 838 876 Coronam
854 836 890 872 in
908 830 1040 871 Filium
1065 826 1171 868 suum
1192 824 1474 866 Ferdinandum
1501 823 1683 864 Calabriae
1708 820 1867 865 Ducem

11 903 14 908 ’
79 901 288 946 transtulit:
312 900 405 942 illud
428 908 556 940 tamen
575 906 747 945 certum,
774 889 936 934 voluisse
957 889 1079 941 ipsum
1107 888 1273 940 tempori
1301 898 1384 927 eam
1415 884 1508 926 Deo
1528 880 1746 930 restituere,
1773 881 1866 922 sese-

79 974 155 1016 que
175 961 223 1003 ad
247 962 355 1002 aliam
371 958 571 1012 disponere
586 966 794 1003 coronam,
822 964 903 993 non
919 948 1221 1001 temporariam,
1252 946 1318 988 sed
1347 956 1526 986 aeternam
1550 954 1625 999 qua
1651 940 1768 987 semel
1791 940 1865 990 011-

11 1010 13 1013 ⁵
78 1031 184 1065 tenta
202 1022 277 1065 frui
301 1023 391 1064 iicet
406 1019 540 1062 securo
555 1018 604 1059 ab
625 1016 731 1058 omni
750 1024 877 1064 metu,
903 1022 954 1054 ne
973 1008 1022 1051 ad
1037 1008 1107 1049 alia
1127 1010 1251 1062 capita
1267 1007 1439 1047 transeat.

527 1183 1197 1261 SYMBOLUM
1275 1183 1427 1253 XX.

149 2675 251 2718 Nter
270 2677 442 2721 solennes
459 2680 675 2735 nuptiarum
697 2680 791 2721 ritus
814 2677 920 2733 apud
934 2675 1186 2721 Athenienses
1203 2673 1385 2728 puerulus
1407 2669 1539 2723 aliquis
1553 2666 1742 2722 Sponsum
1756 2662 1876 2708 antei-a

179 2737 244 2777 bat
256 2767 270 2787 ⁵
299 2738 453 2791 spinosis
470 2740 667 2782 redimitus
686 2738 787 2781 foliis
803 2768 818 2790 ,
847 2739 885 2781 ἀ
901 2748 1041 2793 panem
1056 2739 1096 2778 in
1114 2734 1275 2778 canistro
1295 2743 1409 2774 manu
1436 2728 1645 2783 praeferens
1666 2737 1678 2768 ε
1705 2726 1874 2778 Symbo-

177 2798 257 2837 lum
275 2828 288 2846 ,
318 2809 397 2850 quo
418 2799 626 2841 innuebant
644 2826 659 2850 ,
686 2801 825 2853 opinor
844 2829 858 2850 ,
886 2797 1170 2841 matrimonium
1187 2804 1269 2836 non
1286 2792 1399 2834 solius
1418 2790 1628 2843 voluptatis
1646 2789 1787 2841 gratia,
1810 2784 1880 2827 sed

91 2855 140 2897 ad
163 2868 279 2924 curas·
295 2858 409 2898 etiam
429 2858 467 2898 δι
483 2858 531 2898 ad
555 2859 704 2901 labores
724 2857 747 2900 ὲ
766 2869 900 2901 natura
919 2855 1130 2900 institutum
1144 2852 1234 2900 effe.
1291 2851 1446 2894 Eodem
1486 2848 1558 2904 (si
1570 2850 1611 2890 in
1627 2846 1880 2889 Emblemati·

90 2915 162 2983 iJus
172 2915 299 2970 figuris
307 2918 478 2959 humanis
486 2915 727 2972 effetlocus)
744 2930 833 2960 eum
842 2930 999 2971 quoque
1007 2915 1200 2970 poss'emus
1217 2912 1463 2960 adumbrare,
1478 2910 1543 2962 qui
1554 2905 1879 2958 nascitur-,utaliis

97 2984 271 3029 mperet·
329 2975 435 3018 Nam
449 2978 586 3031 quibus
604 2989 777 3020 curarum
795 2979 907 3032 spinis
918 2990 998 3019 non
1011 2974 1286 3025 circumdatur,
1302 2972 1386 3026 „qui
1406 2968 1523 3013 status
1542 2969 1630 3011 suos
1652 2969 1692 3010 in
1705 2965 1843 3021 iustitia
1859 2991 1876 3012 .

945 3035 988 3078 V
1834 3024 1877 3065 in

189 3171 262 3231 fla).
273 3170 442 3225 Appenst'cs
458 3185 506 3235 esx
519 3172 558 3210 in
564 3169 722 3232 stated,
743 3169 969 3215 &limentur
984 3183 1021 3209 es
1038 3171 1154 3209 minus
1168 3166 1298 3207 habens
1317 3170 1411 3207 Dan.
1434 3181 1467 3216 3.
1490 3178 1552 3214 27.
1605 3166 1667 3212 (b)
1701 3159 1804 3201 Urbi!
1819 3173 1877 3200 ΠΟ·

83 3217 164 3309 {Z
175 3220 399 3310 Zet-utum,
419 3222 465 3267 ῤ’
483 3238 509 3260 a
523 3222 668 3283 Regtbus
685 3222 786 3277 usque
799 3222 852 3263 ad
867 3224 1040 3278 Principes
1053 3220 1275 3282 fontinatam,
1299 3220 1346 3265 ό·
1359 3216 1558 3282 iesimon-ale
1565 3213 1662 3276 βψ
1677 3213 1704 3253 ἃ
1726 3214 1879 3264 Major?-

244 3275 419 3327 pmmssic
427 3275 568 3328 posterts
588 3275 789 3315 tradamus.
812 3277 938 3315 Tac-1.
956 3290 995 3320 2.
1013 3275 1104 3313 Hist.
1157 3276 1216 3322 (c)
1240 3276 1332 3315 Mar.
1349 3273 1441 3312 Hrst.
1461 3270 1561 3321 Hlsp·
1592 3269 1657 3308 hb·
1685 3271 1751 3308 δίο
1783 3279 1817 3306 G·
1840 3272 1880 3313 8·-
