2132 3730
283 273 368 302 212
719 249 1658 296 DJDACISAAVEDRAE.·

280 344 376 384 solvi
398 354 475 382 non
492 339 619 390 cupiat
641 335 679 374 &
696 345 828 383 ruere,
857 342 902 374 ut
927 334 1067 386 privati
1086 334 1183 373 illius
1203 333 1360 376 statuam
1376 334 1535 384 Tdiruat,
1563 349 1644 376 non
1677 338 1802 377 minus
1830 335 2076 377 destructioni

276 403 504 446 obnoxiam,
534 393 647 447 quam
685 394 746 433 illa
779 391 1180 434 Nabuchodonosoris
1217 394 1270 433 ob
1307 394 1549 444 metallorum
1586 395 1859 436 diversitatem.
1935 393 2073 435 Nemo

276 464 473 513 quisquam
499 457 538 495 in
563 455 646 494 aula
668 454 821 494 securus
841 453 981 506 privati
1014 454 1156 494 amicus
1184 451 1267 502 est,
1298 453 1324 494 si
1347 455 1449 507 eligit
1483 455 1649 507 aliquos,
1676 453 1812 495 odium
1838 453 2076 495 &invidiam

275 519 375 572 apud
397 518 488 556 alios
505 515 662 558 excitat.
720 512 760 553 Si
783 525 852 553 eos
882 512 1045 565 Principi
1074 513 1212 552 charos
1234 513 1369 562 efficit,
1397 515 1554 563 gratiam
1582 514 1684 555 suam
1715 515 1892 566 periculo
1920 513 2075 564 objicit,

273 579 328 619 fin
355 578 494 624 minuS,
522 574 742 626 experietur
766 585 835 613 eos
867 571 1012 612 hostes:
1045 570 1223 623 adeoque
1258 573 1473 612 tutiffimurn
1506 574 1606 623 erit,
1634 573 1761 614 media
1793 573 1956 626 quadam
1984 574 2076 621 via,

273 637 310 678 ἃ
332 635 600 676 indifferenter·
619 632 797 673 incedere
820 643 909 672 cum
930 631 1130 681 omnibus,
1159 642 1232 670 nec
1252 631 1361 672 ullius
1379 632 1415 671 se
1434 632 1644 672 immiscere
1667 633 1818 682 offic-io,
1836 632 1964 672 dando
1976 643 2076 684 ope·

269 709 371 746 ram,
402 704 445 736 ut
468 693 596 747 quoad
618 691 699 742 fieri
717 690 867 745 potest,
896 689 1128 744 singulorum
1158 692 1349 731 voluntati
1372 690 1438 731 fiat
1459 692 1568 742 satis,
1599 703 1673 732 nec
1704 692 1979 743 impediantur,
2010 690 2076 730 sed

265 756 449 808 juventur
466 753 597 808 potius
613 754 651 793 in
668 750 917 805 procurandis
933 749 1170 799 commodis,
1201 761 1285 802 quae
1308 750 1469 802 sperant.
1532 750 1655 805 Quod
1677 750 1706 790 fi
1720 752 1806 802 quis
1825 752 1864 791 in
1886 751 2075 802 Principis

268 814 448 857 favorem
467 814 543 855 sese
563 813 829 861 insinuaverit,
860 810 1066 850 consultius
1092 811 1163 850 erit
1180 822 1268 850 eum
1285 809 1435 850 servare
1449 810 1687 851 benevolum
1706 811 1745 849 in
1771 821 1929 850 omnem
1952 821 2076 850 even-

266 884 350 916 tum
381 872 528 916 siforte
545 885 605 913 res
623 884 673 912 ex
690 880 790 913 voto
817 872 852 910 ei
875 869 1107 919 successerit,
1138 869 1252 922 quam
1277 870 1380 910 velle
1414 880 1502 909 eum
1532 869 1741 923 impedire,
1769 879 1834 909 aut
1865 869 2073 909 deturbare

267 935 318 976 de
338 936 471 989 gratia:
496 945 584 973 nam
604 929 724 983 saepe,
754 931 819 982 qui
848 928 1011 970 luctatus
1030 942 1118 970 cum
1140 931 1213 969 alio
1230 940 1317 969 eum
1344 927 1585 982 prosternere
1607 930 1757 980 voluit,
1785 927 1861 969 una
1890 940 1980 969 cum
2005 929 2075 968 illo
2110 923 2111 933 ³

266 995 426 1044 cecidit,
456 993 494 1033 δι
515 992 612 1032 solet
641 989 839 1043 oppositio
869 991 1125 1030 communiter
1157 988 1314 1029 favores
1341 990 1459 1041 magis
1489 988 1711 1030 incendere.
1771 988 1910 1029 Plures
1930 988 2074 1041 privati
2110 1019 2111 1029 ,

265 1052 436 1107 periere,
466 1051 573 1104 quod
593 1048 864 1091 nonnullorum
883 1050 1027 1089 ruinam
1051 1049 1296 1097 molirentur,
1326 1046 1441 1099 quam
1469 1048 1576 1101 quod
1598 1050 1678 1089 aliis
1696 1046 1746 1087 ad
1769 1047 1931 1089 eandem
1958 1049 2072 1102 grati-
2110 1075 2112 1078 -

263 1125 324 1153 am
346 1112 565 1162 adjumento
590 1108 725 1153 essent.
782 1109 946 1162 Spernat
969 1110 1050 1149 suas
1065 1111 1169 1162 apud
1187 1109 1402 1161 Principem
1423 1108 1700 1157 accusationes,
1729 1115 1795 1147 aut
1814 1107 1970 1158 laudes,
1989 1118 2072 1147 eas-

261 1184 340 1225 que
359 1173 457 1213 casui
474 1171 512 1212 δι
527 1170 694 1211 fortunae
711 1170 910 1220 relinquat.

432 1230 470 1284 §.
501 1229 627 1271 Porro
646 1229 835 1281 singularis
855 1229 918 1267 ille
935 1226 1118 1279 Principis
1139 1224 1253 1267 favor
1267 1227 1472 1279 plurimum
1487 1224 1509 1266 a
1530 1228 1667 1280 populi
1687 1224 1884 1280 dependet
1902 1224 2067 1276 judicio,
2108 1208 2110 1222 ⁵

258 1302 348 1331 nam
367 1290 394 1331 si
411 1290 479 1331 iste
496 1291 689 1343 privatum
708 1286 827 1329 odifl'e
841 1287 1018 1340 coeperit,
1048 1298 1127 1326 non
1149 1289 1294 1339 poterit
1311 1298 1400 1327 eum
1420 1288 1519 1327 tueri
1535 1287 1716 1339 Princeps
1739 1294 1873 1326 contra
1893 1296 2070 1324 commu·
2108 1297 2110 1318 ;

257 1362 349 1390 nem
383 1351 554 1391 omnium
590 1360 755 1395 vocem;
784 1347 824 1387 &
851 1346 880 1387 si
916 1347 1015 1386 hanc
1040 1345 1332 1398 contempserit,
1361 1346 1571 1386 multitudo
1599 1345 1676 1398 ipsa
1708 1345 1849 1397 privati
1871 1343 2066 1395 judicem,

258 1409 379 1450 imm‘o
398 1409 436 1449 &
457 1407 686 1449 Carnificem
703 1405 935 1447 constituere
963 1406 998 1445 se
1015 1405 1131 1454 solet,
1161 1404 1347 1456 siquidem
1371 1405 1473 1445 bene
1494 1407 1637 1445 multos
1661 1404 1835 1446 manibus
1864 1404 1963 1443 illius
1995 1415 2068 1443 oc·-
2111 1448 2113 1450 ,

257 1466 428 1509 cubuisse
444 1468 619 1508 vidimus.
686 1465 808 1520 Quod
828 1466 856 1505 si
877 1466 1044 1517 populus
1059 1465 1228 1505 eundem
1257 1465 1510 1504 vehementer
1549 1473 1673 1514 amet,
1700 1475 1783 1503 non
1810 1464 1935 1503 minus
1967 1465 2070 1514 peri·
2106 1483 2110 1493 >-

257 1526 336 1567 culi
353 1526 425 1568 est:
451 1539 539 1568 nam
563 1539 607 1566 ea
627 1538 688 1567 res
706 1526 986 1566 aemulationem
1020 1533 1136 1574 atque
1167 1524 1349 1563 invidiam
1377 1524 1416 1562 in
1445 1524 1524 1563 aliis
1552 1525 1716 1572 excitat,
1747 1520 1868 1561 immo
1906 1523 1946 1561 in
1977 1521 2062 1573 ipso
2106 1532 2107 1536 ¹

254 1585 455 1638 Principe:
484 1586 587 1626 unde
606 1586 729 1625 breves
747 1586 974 1636 plerumque
991 1582 1029 1622 δι
1053 1580 1199 1635 iufausti
1226 1582 1300 1622 effe
1316 1583 1439 1622 solent
1459 1583 1578 1634 populi
1592 1594 1734 1622 amores.
1797 1580 1930 1633 Quare
1948 1589 1992 1620 ut
2010 1581 2067 1620 in-

254 1654 314 1685 ter
329 1655 499 1684 extrema
516 1644 582 1684 ista
600 1646 771 1694 privatus
788 1642 975 1693 ejusmodi
998 1641 1147 1680 securus
1165 1641 1337 1681 incedat.
1368 1652 1414 1681 ea
1435 1642 1564 1683 omnia
1589 1644 1711 1682 vitare
1734 1639 1956 1692 oportebit,
1976 1651 2065 1691 quae

251 1703 423 1756 plausum
447 1702 485 1743 δι
507 1702 819 1742 acclamationem
850 1701 952 1751 vulgi
972 1703 1144 1752 pariunt;
1173 1701 1210 1740 in
1226 1712 1277 1740 eo
1299 1699 1418 1740 solum
1446 1697 1639 1750 elaboret,
1668 1708 1712 1740 ut
1727 1701 1897 1752 pietate,
1925 1699 2062 1740 libera-

251 1764 379 1812 litate,
408 1763 644 1802 humanitate
659 1761 697 1801 &
718 1761 993 1801 benevolentia
1015 1759 1157 1799 bonam
1177 1758 1225 1799 de
1243 1759 1281 1800 se
1295 1761 1520 1812 opinionem
1538 1760 1576 1802 δι
1595 1758 1915 1800 existimationem
1934 1760 2066 1799 conci-

250 1832 330 1871 tet,
361 1824 398 1862 in
417 1822 455 1862 id
476 1821 624 1874 semper
641 1822 768 1861 animo
787 1822 977 1869 intentus,
1006 1828 1049 1858 ut
1066 1817 1204 1870 justitia
1222 1818 1522 1870 administretur,
1548 1829 1593 1861 ut
1611 1830 1738 1860 rerum
1765 1819 1941 1859 ubertate
1964 1819 2065 1858 Res-

249 1883 405 1935 publica
427 1881 589 1930 floreat‚
618 1890 660 1919 ut
677 1891 727 1920 ne
744 1892 820 1931 pax
845 1879 883 1919 &
901 1879 1146 1930 tranquillitas
1168 1879 1322 1930 publica
1346 1880 1613 1931 perturbetur,
1645 1890 1720 1920 nec
1754 1879 1953 1932 privilegia
1975 1879 2064 1919 vio-

249 1943 397 1989 lentur,
422 1952 498 1980 nec
516 1943 554 1979 in
575 1941 724 1979 ratione
751 1937 987 1990 gubernandi
1017 1936 1308 1976 introducantur
1338 1940 1558 1986 novitates;
1589 1948 1678 1978 ante
1708 1940 1837 1978 omnia
1865 1936 1986 1986 vero,
2016 1948 2062 1978 ut

251 2009 460 2040 caveantur
495 1998 768 2039 controverfiae
791 2000 830 2037 in
857 1997 970 2037 rebus
1000 1995 1235 2049 Religionis,
1274 1996 1313 2036 &
1346 1999 1618 2037 contentiones
1643 2009 1731 2037 cum
1764 1995 2060 2045 Ecclesiasticis;

249 2072 338 2101 nam
352 2060 487 2112 populi
507 2057 678 2099 furorem
696 2058 935 2110 experietur,
962 2056 988 2095 si
1005 2067 1077 2107 pro
1099 2057 1219 2107 impio
1237 2067 1325 2095 eum
1345 2056 1489 2096 habere
1508 2057 1706 2108 coeperint.

424 2117 458 2169 §,
489 2117 622 2157 Exteri
638 2148 651 2167 ‚
679 2118 718 2157 in
739 2117 876 2168 quibus
899 2127 980 2155 non
997 2113 1052 2154 est
1073 2114 1250 2154 naturalis
1272 2115 1334 2154 ille
1350 2119 1389 2154 in
1410 2114 1625 2167 Principem
1646 2126 1753 2154 amor
1771 2112 1793 2153 ὲ
1813 2117 2055 2165 privatoma·
2101 2115 2103 2144 ἕ

251 2176 329 2231 gis',
360 2188 473 2229 quam
492 2177 539 2217 ab
560 2176 641 2229 ipso
664 2175 908 2229 dependent;
939 2185 1055 2226 quare
1070 2174 1174 2213 illum
1197 2173 1328 2225 potius
1345 2183 1597 2222 venerantur,
1626 2183 1670 2213 ut
1688 2185 1739 2214 eo
1761 2175 1975 2225 opitulante
1984 2186 2059 2215 vo-

251 2238 298 2276 tis
318 2236 389 2276 suis
413 2237 530 2290 potiri
546 2244 708 2289 queant,
737 2247 818 2275 non
833 2235 979 2286 absque
996 2232 1126 2285 insigni
1143 2233 1325 2285 Principis
1345 2232 1547 2285 despeftu,
1575 2232 1613 2273 &
1633 2232 1810 2273 Statuum
1836 2232 1916 2285 ejus
1941 2232 2059 2274 detri—
2101 2239 2102 2262 ³

251 2306 407 2337 mento:
438 2296 475 2336 &
493 2295 698 2349 aliquando
715 2295 837 2348 ipsum
859 2295 1052 2346 privatum
1077 2294 1115 2332 in
1135 2294 1281 2332 ruinam
1303 2293 1734 2345 trabuntwpraecipiteim
1763 2292 1790 2332 fi
1814 2295 1845 2333 is
1865 2292 2059 2334 desideriis

249 2367 408 2404 eorum,
438 2355 476 2396 δε
502 2358 605 2396 votis
627 2368 707 2396 non
727 2352 919 2394 cumulate
941 2351 1176 2396 satisfecerit.
1232 2350 1328 2391 Eam
1354 2352 1408 2391 ob
1433 2364 1513 2393 rem
1533 2354 1678 2392 cultum
1704 2354 1808 2392 illum
1830 2351 2056 2405 singularem
2100 2355 2101 2403 ζ

250 2424 472 2456 exterorum
505 2415 705 2456 admittere
733 2426 812 2454 non
849 2413 988 2458 debet,
1017 2410 1081 2451 sed
1109 2422 1260 2459 curare,
1291 2420 1335 2450 ut
1367 2411 1438 2463 ipsi
1472 2411 1667 2466 paullatim
1699 2412 1931 2464 intelligant,
1962 2424 2054 2453 eum
2100 2455 2101 2458 ,

249 2476 437 2515 cortinam
465 2475 585 2516 solnm
606 2484 694 2515 ante
713 2474 914 2527 imaginem
932 2471 1138 2521 reducere,
1166 2471 1288 2511 solum
1307 2471 1406 2511 vero
1451 2472 1668 2525 Principem
1699 2469 1801 2521 effe,
1829 2473 1897 2523 qui
1926 2481 2055 2524 patret
2099 2525 2101 2533 ‚

247 2536 439 2576 miracula:

400 2593 534 2646 Legati
563 2593 782 2645 Principum
811 2593 952 2644 privati
980 2591 1181 2631 amicitiam
1219 2590 1408 2639 ambiunt,
1441 2599 1619 2645 tanquam
1644 2590 1816 2632 medium
1843 2590 1978 2631 efficax
2004 2590 2055 2630 ad

247 2656 402 2706 negotia
419 2654 481 2693 sua
503 2652 574 2694 rite
590 2651 875 2706 pertractanda,
905 2650 1071 2702 cumque
1094 2649 1163 2703 ipsi
1178 2651 1383 2703 plurimum
1401 2650 1450 2691 ad
1466 2664 1511 2692 ea
1533 2650 1710 2704 prodesse
1729 2651 1800 2691 sibi
1818 2650 2048 2690 arbitrentur

249 2712 386 2754 damna
403 2715 463 2753 illa
480 2712 778 2754 &incommoda
792 2741 805 2761 ,
834 2723 919 2763 quae
937 2722 986 2751 ex
1006 2712 1156 2763 privata
1177 2711 1394 2762 Principum
1408 2709 1660 2752 familiaritate
1690 2711 1790 2752 nasci
1813 2709 1958 2759 solent,
1974 2710 2052 2749 'bo-

247 2775 306 2813 nis
333 2773 523 2825 obsequiis
550 2772 688 2813 fovere
722 2784 807 2813 eam
831 2772 1020 2823 satagunt,
1050 2769 1194 2810 inducti
1222 2769 1270 2809 ad
1300 2770 1377 2810 hoc
1405 2771 1595 2812 interdum
1624 2771 1671 2810 ab
1692 2771 1856 2823 ipsomet
1867 2771 2048 2822 privato;

248 2843 416 2883 cumque
440 2832 680 2872 occasionem
702 2833 868 2871 habeant
885 2828 1062 2871 laudandi
1091 2841 1180 2870 eum
1196 2832 1234 2869 in
1251 2828 1471 2880 audientiis,
1501 2830 1539 2872 &
1560 2830 1682 2884 prima
1702 2830 1832 2871 fronte
1849 2827 1871 2868 a
1891 2828 2053 2880 privatae
2096 2880 2097 2883 Ἴ

247 2892 304 2932 rei
331 2889 455 2931 studio
476 2891 513 2931 &
531 2893 771 2933 aeinulatione
801 2892 960 2932 omnino
992 2889 1196 2930 videantur
1226 2890 1355 2938 alieni,
1385 2892 1505 2932 multa
1530 2900 1739 2944 operantur
1758 2890 1880 2930 bona:
1909 2886 2049 2928 verbm

248 2951 451 3005 periculosi
473 2953 583 2991 amici
604 2952 697 2992 sunt.
755 2950 861 2991 Nam
890 2962 959 2990 eos
980 2951 1153 3002 privatus
1180 2950 1397 2990 benevolos
1419 2949 1646 2991 conservare
1680 2962 1760 2990 non
1782 2947 1946 3000 poterit,
1977 2947 2049 2987 nisi
2101 2954 2103 2979 ῑ
2130 2978 2132 2985 ,

250 3022 339 3052 cum
359 3010 490 3063 insigni
514 3011 696 3063 Principis
719 3009 773 3051 sui
791 3040 804 3060 ,
832 3011 1005 3062 bonique
1021 3009 1166 3062 publici
1191 3008 1444 3058 detrimento,·
1474 3010 1512 3050 δι
1531 3010 1561 3050 si
1575 3009 1741 3051 muneris
1756 3007 1809 3047 sui
1833 3017 1878 3045 ac
1899 3004 2044 3059 obliga·
2100 3005 2102 3033 ἓ

249 3071 366 3112 tionis
386 3082 535 3111 memor
550 3083 628 3111 non
646 3072 690 3110 iis
709 3068 863 3111 abunde
878 3068 1105 3118 satisfaciat,
1134 3066 1263 3108 hostes
1284 3068 1322 3108 se
1337 3069 1590 3121 profitentur,
1619 3080 1692 3109 nec
1713 3064 1891 3108 industria
1910 3064 2047 3115 deest,
2100 3094 2102 3102 ,

251 3141 316 3169 aut
337 3129 521 3180 facultas,
550 3143 624 3183 qua
648 3131 793 3169 ruinam
809 3131 906 3170 illius
936 3129 1163 3173 moliantur‚'
1214 3127 1346 3181 Quare
1377 3129 1593 3170 tutissimum
1622 3128 1723 3178 erit,
1750 3136 1831 3167 non
1860 3126 1946 3177 plus
1971 3125 2050 3166 sese
2100 3130 2101 3134 ’

250 3189 322 3228 illis
342 3190 584 3242 impendere,
615 3188 728 3242 quam
746 3188 928 3242 Principis
946 3188 1170 3240 obsequium
1193 3197 1309 3240 atque
1336 3189 1476 3230 utilitas
1496 3186 1733 3240 permiserit,
1761 3179 2050 3237 adeoque'illud

249 3246 370 3289 solum
391 3252 561 3303 privatus
586 3248 833 3307 procurabit,
863 3258 907 3290 ut
938 3250 998 3290 vir
1021 3247 1215 3297 smeeruS,
1243 3249 1366 3289 comis
1401 3248 1441 3290 δι
1461 3248 1647 3291 humanus
1676 3245 1756 3300 ipse
1778 3245 1964 3292 habeatur
1996 3244 2047 3285 ab

1976 3314 2045 3352 ext
2098 3327 2100 3332 ·

2120 426 2132 696 i

2122 698 2132 793 l
