2132 3730
282 254 367 301 306
696 245 1043 287 DJDACJ
1096 244 1633 288 SAAVEDRAE

1566 310 2060 319 ———-.-.--—-.—.-—...

277 333 328 374 eo
346 345 467 385 usque
487 334 523 370 se
552 327 814 381 demittebat(
828 328 1152 378 quemadmodum
1170 330 1255 368 alibi
1282 328 1470 383 dicimus)
1495 340 1537 369 ut
1564 342 1677 368 manu
1702 330 1763 369 sua
1784 330 1983 370 adnotaret
2018 343 2074 368 ac-
2129 356 2131 371 f

275 403 390 446 cepta
408 392 445 431 &
468 388 632 440 expensa
660 387 849 426 redituum
866 387 1028 439 Imperii.
1089 386 1128 426 Si
1149 389 1186 426 in
1204 388 1382 440 Hispania
1404 392 1527 429 minus
1547 389 1748 442 prodigum
1765 388 1889 429 fuisset
1911 390 2074 434 bellum,
2129 413 2130 429 ι

277 453 314 492 &
338 463 413 504 pax
434 449 551 500 magis
572 449 829 494 oeconomica,
856 447 931 498 jam
954 447 1102 499 pridem
1123 448 1297 487 universo
1327 450 1411 488 orbi
1428 450 1699 492 dominaretur.
1756 449 1908 489 Verhm
1934 461 2004 501 per
2023 449 2078 487 in⁴
2128 451 2130 501 J

273 513 439 557 curiam,
470 520 554 559 quae
580 509 808 560 plerumque
824 519 995 559 magnam
1021 508 1234 559 potentiam
1258 510 1430 552 comitari
1451 510 1546 548 solet
1561 539 1573 558 ,
1605 521 1701 560 opes
1717 509 1806 558 illae,
1835 522 1919 560 quze
1942 508 2077 560 Hispa-

271 573 370 611 niam
410 567 745 620 inexpugnabilem
781 566 943 606 reddere
977 565 1211 619 potuiffent,
1240 579 1343 606 nunc
1368 566 1415 605 ad
1441 569 1526 606 alias
1556 568 1749 608 Nationes
1784 566 1973 609 transiere.
2039 569 2076 609 A
2117 613 2122 618 ,

270 626 428 679 simplici
454 626 633 667 Indorum
660 636 775 679 gente
808 638 933 666 rerum
969 629 1098 666 vilium
1127 630 1410 678 permutatione
1434 638 1496 665 eas
1521 629 1752 676 coemimu83
1785 628 1821 667 &
1844 627 1975 681 postea
2002 640 2075 667 nos
2126 628 2132 682 ἐξ

266 687 364 739 ipsi,
396 685 505 738 aeque
530 687 718 739 simplices
742 698 787 726 ac
813 688 886 735 illi,
916 687 1093 732 linimus,
1124 696 1165 725 ut
1190 688 1311 726 exteri
1330 686 1473 726 rursum
1500 698 1565 725 eas
1588 685 1609 725 a
1634 688 1746 726 nobis
1763 690 1835 727 alio
1855 690 2071 740 asportent,
2130 696 2132 732 g

265 747 305 788 δι
329 757 491 799 cuprum
516 745 695 796 fortaffis‚
727 756 791 786 aut
811 748 1011 798 plumbum
1037 759 1110 798 pro
1127 748 1170 786 iis
1188 745 1395 786 restituant.
1456 745 1627 786 Castellae
1645 746 1822 798 Regnum
1845 749 1940 795 fuit,
1967 747 2073 799 quod
2124 739 2132 803 j

265 808 411 847 viribus
433 806 504 846 suis
522 807 559 846 δι
582 803 809 846 fortitudine
827 805 1095 847 Monarchiam
1116 808 1267 855 evexit,
1297 807 1448 846 interim
1465 806 1700 858 triumphant
1717 808 1806 854 alia,
1835 808 1956 858 ipsum
1974 807 2069 847 vero
2122 810 2132 846 zi

263 869 434 919 inopiam
452 865 565 919 poene
580 871 742 919 patitur,
767 878 895 917 neque
911 865 1016 906 redte
1038 868 1094 906 uti
1123 868 1237 906 novit
1258 875 1318 905 tot
1350 866 1566 918 ingentibus
1594 866 1794 915 thesauris,
1824 868 1888 918 qui
1913 878 2072 919 peregre
2122 869 2132 923 l}

261 927 520 969 advehuntur.
580 926 635 965 Ita
656 928 799 978 placuit
819 926 1076 967 Providentiae
1102 926 1240 965 divinae
1263 927 1457 978 potentias
1484 935 1737 978 attemperare
1758 927 1855 966 inter
1874 927 1932 976 se,
1962 926 2000 966 δι’,
2024 926 2071 965 ad
2121 926 2132 974 ἓξ

262 989 515 1038 aequalitatem
538 987 699 1037 aliquam
721 985 920 1026 reducere.
982 986 1261 1026 Grandioribus
1286 988 1386 1025 vires
1411 987 1540 1037 largita
1562 985 1634 1034 est,
1665 995 1703 1026 at
1726 998 1805 1026 non
1825 985 2038 1026 industriam
2058 1016 2071 1035 ,
2120 979 2132 1033 ῂξ

260 1045 455 1086 contritae
476 1046 655 1085 conceflit
681 1047 904 1086 minoribus.
963 1046 1113 1086 Verum
1134 1058 1183 1085 ne
1210 1046 1391 1098 detegere
1419 1045 1539 1085 solum
1559 1047 1718 1085 vulnera
1747 1046 1900 1094 videar,
1931 1046 1968 1085 &
1990 1059 2069 1086 non
2119 1028 2132 1087 li

259 1107 373 1146 etiarn
407 1104 541 1146 iisdem
562 1105 729 1156 mederi,
758 1105 937 1146 indicabo
962 1104 1026 1146 hic
1056 1107 1188 1157 paucis
1216 1107 1341 1145 causas
1373 1117 1507 1155 eorum
1539 1104 1578 1145 &
1600 1104 1779 1145 remedia.
1837 1105 1983 1157 Neque
2016 1117 2070 1144 ta-
2118 1085 2132 1154 ffi

255 1177 346 1206 men
368 1166 449 1205 haec
475 1177 525 1205 ex
553 1167 685 1217 quinta
702 1176 814 1206 erunt
842 1164 1017 1214 effenda,
1047 1175 1090 1205 ut
1113 1167 1350 1217 loquuntur,
1379 1177 1508 1217 neque
1525 1176 1575 1205 ex
1608 1165 1763 1204 arbitrio
1789 1165 1911 1205 solum
1937 1166 2068 1217 specu-
2118 1193 2119 1198 η

255 1227 405 1272 lativo‚
436 1237 520 1277 quae
545 1225 711 1277 primurn
738 1238 827 1266 cum
844 1225 1095 1265 admiratione
1112 1225 1265 1277 suspicit
1297 1227 1468 1273 novitas,
1499 1223 1633 1277 postea
1667 1237 1755 1272 cum
1785 1225 1925 1265 damno
1949 1225 2069 1276 rejicit
2116 1241 2118 1275 l

254 1286 512 1337 experientia‚·
545 1285 608 1325 sed
629 1298 696 1334 ea,
728 1298 813 1337 quae
839 1287 936 1325 ratio
963 1286 1124 1338 suggerit
1146 1287 1352 1334 naturalis,
1385 1285 1422 1324 δε
1449 1295 1629 1336 tanquam
1660 1286 1828 1337 vulgaria
1855 1287 2068 1325 contemnit
2116 1279 2118 1319 ἒ

254 1347 476 1397 ignorantia.
536 1344 735 1386 Potissimae
755 1345 898 1386 divitiae
917 1358 961 1384 ac
983 1357 1079 1396 opes
1100 1355 1209 1384 terrae
1230 1344 1375 1383 fruetus
1403 1345 1498 1384 sunt.
1562 1343 1654 1384 Nec
1674 1344 1830 1384 ditiores
1858 1347 1898 1385 in
1921 1345 2065 1398 Regnis
2115 1359 2117 1379 2

254 1404 420 1452 fodinae‚
452 1403 566 1455 quam
592 1407 843 1457 Agricultura.
906 1401 1063 1443 Norant
1082 1404 1174 1443 illud
1198 1404 1393 1455 AEgyptii,
1424 1405 1489 1454 qui
1511 1404 1700 1454 sceptrum
1716 1403 1769 1442 fic
1790 1404 2064 1452 efformabant,
2114 1392 2117 1462 f

256 1476 299 1504 ut
319 1463 467 1504 inferne
485 1465 521 1503 in
536 1476 739 1504 vomerem
758 1464 867 1503 aratri
886 1463 1097 1513 desineret,
1128 1465 1305 1502 volentes
1332 1464 1509 1511 innuere,
1540 1465 1576 1501 in
1606 1474 1656 1501 eo
1677 1463 1908 1514 potiffimuin
1925 1474 2063 1516 poten-
2114 1507 2115 1516 ἵ

251 1526 342 1564 tiam
360 1526 456 1563 illius
473 1524 510 1563 <Sc
535 1524 823 1575 amplitudinem
844 1522 1059 1563 consistere.
1121 1524 1207 1561 Plus
1227 1523 1478 1561 emolumenti
1500 1523 1656 1560 acclivia
1669 1523 1812 1562 montis
1835 1522 1997 1563 Vesuvii
2015 1527 2063 1563 la-
2112 1518 2115 1525 ’

250 1593 332 1622 tera
350 1583 551 1632 adferunt,
584 1584 697 1634 quam
723 1583 883 1622 Potosus
913 1595 1025 1621 mons
1051 1593 1139 1620 cum
1170 1582 1310 1620 intimis
1336 1581 1406 1619 suis
1434 1580 1667 1629 visceribus,
1698 1579 1788 1620 licet
1816 1582 2063 1635 argentiferis.

249 1642 349 1683 Non
368 1655 475 1682 mero
500 1643 584 1681 casu
604 1652 735 1682 natura
756 1652 831 1682 tam
856 1643 1058 1680 liberaliter
1080 1641 1259 1680 omnibus
1277 1640 1381 1679 orbis
1405 1641 1575 1691 partibus
1596 1638 1744 1680 fruetus
1760 1641 2063 1694 impertivit,au-
2111 1642 2114 1649 ”

247 1716 330 1742 rum
354 1702 450 1742 vero
472 1711 747 1754 argentumque
770 1703 807 1741 in
830 1702 914 1741 imis
937 1710 1045 1741 terrae
1063 1700 1322 1753 penetralibus
1340 1700 1499 1744 abdidit.
1561 1699 1665 1739 Data
1695 1712 1816 1752 opera
1835 1714 2061 1743 communes

244 1764 331 1803 illos
357 1761 469 1811 fecit,
502 1763 538 1801 &
563 1763 671 1814 supra
692 1771 828 1802 terram
856 1760 982 1814 palam
999 1761 1195 1813 exposuit:
1226 1760 1303 1816 (a)
1335 1760 1501 1800 Maxima
1528 1762 1628 1800 enim
1640 1768 1736 1813 pars
1758 1761 1924 1802 hominum
1948 1765 1966 1802 ὲ
1988 1771 2059 1803 ter·

243 1837 289 1864 ra
308 1826 430 1871 vivit,
458 1819 706 1872 &fi'ufflbus
724 1822 888 1869 urbanis;
918 1820 984 1861 ista
1017 1821 1112 1861 vero
1143 1822 1295 1861 metalla
1325 1821 1363 1860 in
1391 1820 1590 1872 profundo
1614 1820 1829 1871 conclusit,
1860 1832 1903 1862 ut
1926 1824 2058 1862 labore

247 1896 345 1936 opus
367 1882 458 1922 effer
476 1881 523 1921 ad
546 1894 589 1921 ea
609 1883 776 1921 eruenda
796 1881 1142 1935 expurgandaque‚
1173 1893 1223 1920 ne
1245 1882 1358 1932 copia
1387 1880 1598 1920 eorundem
1618 1891 1778 1921 noceret
1803 1884 2053 1931 mortalibus,

245 1944 272 1982 si
300 1945 386 1994 plus
418 1943 658 1992 suppeteret,
690 1941 803 1994 quam
831 1954 905 1993 pro
937 1941 1163 1993 quotidiano
1192 1942 1429 1980 commercio
1456 1941 1493 1980 ἃ
1528 1944 1819 1994 negotiatione,
1851 1955 1935 1994 quae
1963 1945 2053 1983 loco
2089 1983 2092 1987 ,

247 2003 538 2055 permutationis
567 2002 771 2049 mercium,
800 1999 956 2040 moneta
982 2013 1085 2040 nunc
1109 2000 1230 2039 solent
1255 1999 1421 2045 confici,
1453 1999 1556 2039 foret
1587 1999 1846 2041 necessarium.
1908 2002 1943 2041 E
1969 2004 2054 2044 solis

246 2061 358 2114 poene
382 2072 488 2101 terrae
511 2060 698 2100 frmitibus
715 2071 792 2100 tam
816 2062 999 2112 opulenta
1028 2061 1065 2099 δε
1090 2061 1263 2112 locuples
1291 2059 1364 2098 fuit
1386 2059 1565 2110 Hispania
1603 2060 1859 2112 superioribus
1885 2061 2050 2112 i‘aeculis,
2129 2077 2132 2104 ι

244 2133 287 2161 ut
317 2122 402 2160 Rex
424 2120 589 2160 Franciae
612 2121 837 2159 Ludovicus
867 2121 1107 2172 temporibus
1139 2119 1208 2172 (b)
1238 2120 1354 2170 Regis
1381 2119 1571 2170 Alphonfi
1593 2120 1835 2170 Imperatoris
1865 2120 2050 2164 Toletum
2086 2164 2089 2167 ,
2127 2143 2132 2175 ,2

244 2184 423 2229 veniens,
455 2182 548 2219 aulae
571 2179 669 2219 illius
698 2179 1019 2233 magnificentiam
1049 2180 1085 2218 &
1108 2178 1349 2230 splendorem
1376 2176 1492 2217 fuerit
1518 2177 1742 2227 admiratus,
1773 2183 2048 2234 negaveritque
2094 2219 2097 2223 ,
2129 2195 2132 2204 ‘

241 2242 279 2282 se
303 2243 444 2280 curiam
475 2240 631 2280 similem
651 2242 687 2279 in
705 2239 862 2292 Europa
881 2240 918 2279 &
948 2239 1055 2289 Asia,
1087 2251 1178 2290 quas
1209 2238 1429 2277 Provincias
1451 2237 1613 2289 praesens
1648 2238 1818 2290 obierat,
1848 2253 1927 2292 quo
1951 2251 2046 2283 tem.
2121 2259 2130 2284 c

239 2313 336 2355 pore
363 2301 499 2340 sacram
529 2300 818 2352 expeditionem
847 2300 1035 2351 suscepit,
1065 2310 1232 2349 unquam
1268 2295 1414 2337 vidiffe.
1474 2296 1562 2350 (c)
1608 2297 1776 2339 Tantum
1802 2299 2046 2351 splendorem
2123 2320 2132 2345 i

239 2374 337 2401 unus
364 2370 455 2400 tunc
478 2358 648 2400 Castellae
674 2361 761 2400 Rex
778 2360 952 2399 servabat
969 2389 982 2408 ,
1013 2368 1072 2398 tot
1088 2359 1195 2397 bellis
1220 2356 1400 2397 intestinis
1420 2354 1638 2408 distraetus,
1668 2357 1707 2398 δε
1729 2359 1873 2410 majore
1887 2361 2045 2416 Regno·
2123 2380 2132 2405 i

2128 2442 2132 2464 (

2127 2502 2132 2525 (

2104 1900 2114 2065 „<.-===.v
2113 1833 2115 1836 ,
2108 1725 2114 1799 ,Just

238 2434 323 2460 rum
352 2421 447 2459 illius
468 2419 612 2472 partea
641 2419 787 2458 Mauris
808 2431 1009 2471 occupata.
1071 2417 1121 2457 Et
1141 2418 1224 2457 sunt
1255 2419 1353 2457 inter
1382 2416 1597 2467 Austores,
1626 2418 1691 2469 qui
1719 2417 1870 2470 dicant,
1898 2422 1937 2462 in
1965 2423 2042 2463 sola

241 2479 403 2520 Castella
419 2492 491 2532 pro
510 2480 613 2519 bello
629 2479 731 2518 sacro
750 2478 933 2518 adversus
956 2477 1153 2518 Christiani
1172 2479 1334 2517 nominis
1353 2476 1679 2526 hostemvcentum
1702 2478 1877 2530 peditum
1907 2483 2041 2532 millia,

238 2540 374 2580 decem
395 2540 510 2579 millia
532 2541 702 2591 equitum
718 2551 766 2578 ex
781 2540 999 2578 nationibus
1019 2540 1158 2578 exteris
1176 2536 1424 2586 confluxisse,
1454 2550 1630 2578 curruum
1651 2538 1935 2590 impedimentis
1948 2554 2037 2594 por·
2085 2588 2093 2594 „
2122 2560 2132 2597 5·

236 2600 382 2647 tandis,
413 2597 521 2639 fuiffe
547 2599 736 2651 sexaginta
752 2600 886 2648 millia,
918 2599 954 2638 δε
976 2597 1161 2651 praeterea
1181 2597 1199 2637 a
1224 2598 1331 2649 Rege
1353 2598 1552 2650 Alphonso
1566 2596 1701 2638 Tertio
1719 2599 1899 2640 militibus
1917 2604 2039 2642 omni-
2082 2599 2092 2645 5³
2118 2606 2132 2645 ll

234 2661 328 2709 bus,
359 2659 537 2698 Tribunis
561 2660 598 2699 &
620 2660 856 2713 Principibus
873 2672 945 2710 pro
969 2659 1152 2711 cujusque
1168 2670 1325 2698 munere
1350 2670 1393 2697 ac
1408 2657 1588 2710 dignitate
1607 2657 1791 2710 stipendia
1811 2661 1850 2700 in
1870 2660 1951 2701 dies
1970 2663 2037 2702 fin·

235 2722 345 2772 gulos
364 2730 619 2759 annumerata.
679 2720 863 2770 Sumptus
881 2718 970 2758 istos
989 2721 1161 2773 ingentes
1183 2718 1220 2758 &
1241 2718 1502 2770 provisiones,
1534 2730 1693 2770 quarum
1718 2721 1858 2760 veritas
1876 2722 1943 2761 vix
1959 2723 2035 2762 hoc
2078 2716 2089 2746 3'

236 2788 414 2829 tempore
433 2778 548 2818 fidem
567 2781 736 2827 invenit,
767 2779 842 2818 sola
864 2778 1036 2830 praestare
1071 2778 1249 2826 castella,
1279 2777 1486 2831 &insuper
1509 2780 1699 2819 exercitus
1732 2778 1896 2820 hostium
1913 2783 2034 2821 multo

237 2840 354 2878 etiam
383 2839 619 2889 copiosiores
651 2841 750 2878 alere
780 2841 931 2890 potuit,
963 2852 1036 2878 nec
1064 2848 1190 2879 tamen
1219 2838 1413 2878 thesauros
1440 2848 1532 2878 tunc
1557 2839 1787 2891 exped'iabat
1809 2851 2033 2887 extraneOS,

232 2907 452 2949 temporum
477 2898 615 2948 injuriis
648 2898 685 2938 <Sc
715 2898 886 2938 hostibus
921 2900 1140 2951 expositos,
1169 2899 1286 2949 usque
1316 2899 1407 2939 dum
1435 2899 1628 2938 Cantabro
1660 2899 1811 2939 cuidam
1836 2912 1905 2950 per
1929 2913 2031 2941 marr:

232 2958 380 2998 vastum
416 2958 627 3006 oberranti,
658 2958 914 3009 applaudente
934 2959 1109 3008 fortuna,
1138 2958 1271 2998 videre
1286 2960 1413 3007 licuit,
1437 2959 1474 2998 δι
1496 2958 1687 3011 designare
1704 2971 1848 2999 novum
1868 2961 2029 3012 aliquem

232 3019 387 3066 orbem,
420 3016 529 3056 antea
554 3019 812 3069 incognitum,
844 3027 908 3057 aut
935 3018 1040 3058 certe
1059 3020 1104 3058 ab
1122 3019 1281 3069 antiquis
1309 3020 1495 3058 oblivioni
1526 3020 1726 3069 traditum,
1758 3019 1793 3058 δε
1811 3021 1938 3069 gloriae
1952 3019 2028 3059 Co-

231 3080 351 3118 lumbi
371 3077 620 3123 reservatum,
653 3080 715 3127 qui
734 3078 982 3130 postHispani
1005 3081 1124 3127 illius,
1153 3080 1262 3130 primi
1280 3078 1485 3118 dete&oris
1503 3109 1515 3127 ‚
1546 3079 1693 3118 obitum
1711 3079 1839 3130 potius
1864 3079 2026 3119 delinea—

232 3140 429 3187 tionibuS,
461 3150 552 3190 quas
574 3139 636 3176 ille
653 3136 816 3187 fecerat,
845 3142 1071 3190 promittere
1095 3138 1204 3177 ausus
1223 3138 1316 3188 fuit,
1337 3138 1570 3179 ostensurum
1601 3138 1639 3178 se
1671 3137 1810 3190 reipsa,
1839 3150 1919 3179 non
1943 3140 2027 3179 abs-

1952 3211 2028 3250 que

329 3290 390 3325 (a)
418 3278 521 3315 Arist.
541 3278 564 3314 1.
577 3276 685 3314 Polit.
705 3289 734 3313 c.
755 3290 788 3323 5.
821 3261 999 3325 (1,)Μῖ
1001 3276 1091 3314 Hrst.
1114 3277 1211 3327 Hrsp.
1236 3279 1259 3315 1.
1294 3291 1458 3322 11.c.3.
1512 3279 1570 3324 (c)
1588 3276 1792 3314 1demffist.
1811 3278 2020 3330 Hisp.l.11.
2082 3291 2132 3335 *re

234 3342 266 3368 c.
295 3342 357 3380 23.
2081 3339 2132 3389 J'ffl
