2132 3730
531 184 1512 232 SYMBOLAPOLJTJCA
1817 191 1872 239 σς

597 254 848 264 -ς--η--ᾳ

79 260 337 276 -ω-ι-

382 299 1221 423 Ι88ί”ΜΒΟῘ,ΠΜ
1304 350 1533 417 XVII.

214 1819 325 1863 Rbor
357 1818 538 1873 trophaeis
556 1813 689 1860 onusta
706 1828 785 1858 non
801 1814 892 1858 ideb
917 1825 1074 1857 truncus
1103 1815 1178 1857 effe
1204 1814 1363 1864 definit,
1382 1815 1448 1867 qui
1473 1812 1560 1855 fuit.
1620 1812 1721 1867 Quae
1743 1811 1891 1857 honori

106 1819 189 1958 A
242 1881 399 1921 fuerunt
420 1881 498 1918 aliis
521 1908 534 1926 ‚
564 1878 634 1928 ipfi
657 1888 737 1916 non
758 1876 827 1914 nili
843 1877 951 1914 oneri
972 1876 1066 1914 sunt.
1126 1875 1183 1913 Ita
1207 1875 1359 1925 prorsus
1389 1875 1558 1926 egregria
1594 1873 1894 1915 Antecefforum

245 1940 415 1979 facinora
444 1937 659 1989 ignominiae
679 1934 716 1974 δε
738 1933 922 1974 dedecori
947 1934 1030 1973 sunt
1054 1933 1268 1973 Successori
1284 1964 1297 1983 ,
1326 1933 1397 1973 nisi
1422 1932 1558 1972 eadem
1575 1934 1758 1977 imitetur.
1797 1932 1893 1974 Nec.

83 2000 209 2038 inillis
231 1999 351 2037 haeres
370 1995 416 2036 fit
434 1997 562 2049 gloriae
577 2025 590 2045 ‚
621 1994 686 2035 sed
707 1993 864 2034 aelionis
883 1992 1003 2034 solum
1017 2023 1029 2043 ‚
1049 2005 1125 2045 qua
1145 1993 1306 2033 eandem
1331 1994 1506 2032 obtineat
1523 1992 1723 2033 aemulandi
1747 1991 1892 2038 studio.

82 2056 247 2097 Perinde
262 2069 306 2096 ac
327 2059 392 2096 lux
416 2057 454 2096 in
471 2055 709 2095 adamantem
733 2053 904 2094 incidens
926 2052 1158 2104 refieffitur,
1174 2055 1261 2105 quia
1277 2052 1442 2094 fundum
1460 2054 1622 2105 reperit,
1635 2054 1780 2093 vitrum
1794 2064 1896 2092 vero

86 2117 194 2168 quod
227 2115 463 2169 pellucidum
492 2114 573 2165 est,
601 2112 798 2154 celerrime
823 2113 1050 2166 pertransit:
1079 2115 1131 2153 ita
1160 2114 1188 2154 fi
1219 2110 1421 2153 Succeffor
1443 2114 1502 2153 vir
1525 2112 1636 2152 fortis
1668 2112 1715 2152 fit
1738 2124 1783 2151 ac
1798 2111 1892 2153 stre-

84 2188 208 2226 nuus,
237 2178 364 2216 lucem
383 2177 433 2216 illi
455 2175 622 2223 adferet,
652 2186 697 2214 ac
714 2173 955 2226 splendorem
971 2171 1264 2214 Antecefforum
1285 2175 1403 2226 gloria
1433 2186 1446 2220 ς
1475 2173 1504 2212 fi
1525 2171 1660 2212 contra
1675 2173 1755 2212 vile
1772 2183 1817 2211 ac
1838 2181 1896 2212 te-

85 2247 163 2276 nue
182 2236 229 2276 slt
247 2237 410 2283 vitrum3
439 2234 630 2288 fulgorem
652 2233 763 2274 istum
779 2232 957 2274 sustinere
979 2246 1059 2274 non
1077 2235 1244 2286 poterit3
1265 2235 1356 2285 quin
1376 2233 1439 2273 hic
1451 2233 1530 2284 ipse
1549 2234 1668 2272 vilem
1683 2231 1894 2284 abJeetum-

86 2306 164 2346 que
187 2294 267 2346 ejus
298 2297 464 2336 animum
484 2294 626 2347 prodet
646 2295 763 2347 magis
782 2307 827 2335 ac
844 2294 1012 2347 deteget.
1075 2294 1175 2346 Quae
1192 2295 1270 2333 aliis
1292 2295 1475 2346 exemplo
1498 2292 1582 2331 sunt
1602 2321 1615 2339 ‚
1645 2293 1750 2332 hunc
1776 2294 1895 2335 etiam

89 2355 180 2406 legis
198 2354 307 2395 instar
324 2355 505 2395 videntur
533 2353 776 2406 obstringere.
835 2353 909 2394 His
935 2353 1054 2407 porro
1074 2353 1333 2394 fundamentis
1356 2362 1418 2392 tot
1449 2351 1676 2392 Nobilitatis
1698 2350 1896 2391 aestimatio

88 2415 220 2453 nititur
243 2427 286 2454 ac
302 2416 542 2468 privilegium
560 2428 571 2454 :
600 2426 733 2454 omnes
755 2415 900 2466 quippe
926 2410 1194 2463 existimamus,
1204 2414 1388 2466 Nepotes
1405 2413 1586 2453 Avorum
1601 2412 1756 2452 suorum
1775 2410 1895 2451 aetio-

89 2482 159 2512 nes
176 2475 428 2514 aemulaturos.
489 2475 568 2527 Qui
582 2474 648 2513 has
664 2472 825 2525 superbe
839 2473 955 2526 jastat
969 2505 981 2523 ,
1010 2485 1084 2513 nec
1101 2476 1267 2514 imitatur
1282 2483 1411 2514 tamen
1425 2503 1437 2522 ,
1468 2472 1553 2512 satis
1577 2470 1755 2519 ostendit,
1773 2483 1894 2522 quan-

91 2541 174 2572 tum
189 2533 285 2572 inter
303 2534 422 2585 ipsum
451 2534 589 2574 &illos
607 2533 823 2574 discriminis
849 2533 907 2573 fit.
967 2532 1103 2573 Nemo
1126 2536 1225 2575 vitio
1253 2535 1373 2574 vertit
1391 2534 1517 2580 alteri,
1550 2530 1657 2582 quod
1677 2532 1844 2571 vitutem
1855 2531 1899 2570 il-

92 2593 163 2636 lius
183 2621 195 2641 ‚
226 2593 287 2631 cui
304 2593 480 2644 sanguine
492 2592 644 2644 junffitus
665 2605 744 2633 non
760 2592 815 2633 est
824 2593 1022 2646 adaequare
1031 2606 1112 2634 non
1128 2593 1287 2634 studeat.
1348 2592 1496 2632 Idcirco
1513 2590 1615 2643 apud
1634 2589 1804 2630 Nobiles
1813 2590 1898 2630 Ro-

91 2663 226 2691 manos
248 2652 340 2691 olim
365 2652 516 2693 famosae
538 2652 729 2693 illustrium
748 2655 919 2694 virorum
935 2654 1115 2706 imagines
1135 2654 1173 2694 δε
1189 2653 1318 2694 statuae
1337 2654 1502 2703 antiquae
1523 2651 1749 2690 locabantur
1763 2651 1801 2691 in
1825 2661 1896 2690 ve-

92 2709 235 2750 stibulis
261 2711 422 2761 aedium,
448 2723 493 2752 ut
522 2713 602 2752 suas
624 2712 907 2753 Successoribus
927 2714 1179 2766 obligationes
1208 2711 1395 2753 continuo
1415 2714 1455 2751 in
1479 2712 1706 2751 memoriam
1736 2709 1898 2750 reduce·-

93 2780 191 2810 rent.
250 2770 446 2811 Boleslaiis
463 2773 633 2824 Quartus
653 2772 820 2813 Poloniae
837 2774 926 2813 Rex
941 2803 953 2822 ,
983 2773 1102 2814 Patris
1125 2774 1179 2813 sui
1205 2774 1367 2826 effigiem
1387 2802 1399 2822 ‚
1428 2773 1468 2811 in
1497 2772 1722 2812 numismate
1749 2782 1867 2810 aureo
1884 2797 1899 2818 ‚

95 2829 118 2869 ὲ
136 2831 240 2870 collo
268 2831 476 2881 suspensam
496 2830 786 2873 circumferebat
801 2864 813 2882 ‚
843 2834 881 2874 &
905 2835 1056 2884 quoties
1073 2834 1224 2885 majoris
1239 2833 1427 2873 momenti
1446 2833 1646 2885 negotium
1665 2830 1821 2882 aliquod
1833 2829 1898 2869 de-

95 2889 328 2930 cernendum
355 2902 576 2930 occurreret
596 2923 607 2939 ‚
637 2893 694 2932 ori
718 2892 816 2932 illam
842 2893 1108 2943 admovebat,
1139 2893 1177 2933 &
1201 2891 1478 2933 venerabunde
1504 2891 1728 2931 deosculans
1752 2890 1900 2930 solebat

96 2948 222 2989 dicere
251 2965 260 2989 ε
287 2951 454 2990 Avertat
479 2949 718 3004 henignffmus
735 2952 836 2993 Deus
864 2985 876 3003 ,
904 2967 945 2999 ue
959 2953 1045 3007 quid
1055 2966 1112 3006 ego
1139 2952 1310 3005 indignum
1330 2954 1419 3004 regio
1434 2954 1630 2992 tuonomine
1644 2949 1815 3005 statuam.
1861 2946 1902 2987 O

96 3019 193 3059 quot
214 3009 402 3061 ejusmodi
429 3011 651 3049 numismata
677 3011 922 3054 heroicorum
940 3014 1092 3054 Patrum
1110 3014 1148 3054 &
1163 3016 1343 3053 Avorum
1362 3012 1570 3064 suppetunt
1595 3010 1795 3050 Serenitati
1818 3006 1900 3047 Ve-

98 3066 176 3107 strae
192 3099 205 3118 ,
233 3081 317 3121 quae
336 3082 531 3122 nunquam
550 3069 672 3110 sment
687 3100 699 3119 ‚
728 3080 770 3111 ut
796 3073 991 3126 indignum
1007 3076 1113 3127 regio
1136 3085 1272 3113 eorum
1296 3073 1473 3125 sanguine
1491 3070 1708 3111 committat
1732 3066 1896 3119 aliquid;

100 3127 327 3194 qum-imm&
345 3131 491 3169 animos
511 3132 545 3169 ei
573 3130 714 3170 addent
730 3132 859 3184 potius
871 3164 882 3183 ,
903 3133 941 3174 &
955 3131 1127 3176 stimulos
1139 3163 1152 3184 ,
1175 3143 1218 3174 ut
1231 3132 1280 3173 ad
1293 3145 1358 3182 ea,
1388 3145 1473 3185 quae
1492 3132 1608 3184 magis
1625 3128 1786 3182 gloriosa
1799 3127 1898 3177 sunt,

99 3197 204 3226 omni
228 3191 480 3231 contentione
500 3191 676 3237 enitatur,

1024 3251 1062 3292 R
1376 3280 1379 3284 .
1725 3245 1762 3300 ς.
1774 3244 1900 3302 Quod
