2132 3730
268 246 355 291 238
764 235 1112 277 DIDACI
1166 235 1702 282 SAAVEDRAE

265 335 346 363 non
362 335 457 363 vero
475 324 555 360 luto
578 318 759 358 illinendo
786 318 813 369 ζ
823 330 865 357 ut
884 317 1064 360 Ezechiel
1088 320 1289 374 loquitur)
1320 321 1488 361 hiantem
1506 324 1691 373 parietem
1714 324 1750 364 &
1769 326 1892 363 ruinas
1916 322 1990 377 (a)
2007 326 2074 363 mi.
2120 347 2122 355 ι

265 385 461 424 nitantem.
521 377 711 418 Nonnulli
734 378 928 430 Principes
953 377 1275 419 confessariorum
1301 391 1461 421 utuntur
1498 380 1617 433 opera
1646 383 1693 422 ad
1710 385 1826 424 solam
1852 383 2074 423 conscienti-
2122 392 2123 395 ’

264 455 324 482 am
349 438 593 491 expiandam:
623 438 683 477 alii
710 440 822 477 etiam
854 440 890 478 in
907 439 1249 478 consultationibus
1285 440 1332 478 ad
1357 441 1506 481 Statum
1536 444 1827 493 pertinentibus.
1889 444 2076 483 Rationes
2121 460 2132 482 Υτ

261 503 436 555 politicas
459 500 496 537 in
515 508 715 549 utramque
744 510 892 550 partem
912 512 1016 538 nunc
1033 511 1112 538 non
1136 500 1330 547 examino,
1362 501 1454 540 illud
1469 501 1589 542 solum
1616 502 1730 552 dico,
1760 505 1998 543 conveniens
2016 503 2074 554 ju·
2130 532 2132 550 ς

266 562 432 600 dicatum
449 559 485 597 in
514 557 716 609 Hispania,
747 569 789 597 ut
819 559 934 608 Regis
963 558 1218 598 Conseffarius
1249 558 1441 599 interesset
1465 561 1649 610 consiliis,
1681 572 1762 603 tuin
1788 572 1830 603 ut
1863 563 2074 603 decisiones
2129 582 2132 603 a

261 632 309 659 ex
338 618 578 657 conscientiae
602 618 822 671 praescripto
851 619 1052 671 dirigeret,
1084 620 1207 669 iisque
1227 618 1381 670 pondus
1404 620 1583 668 adderet,
1613 631 1694 661 tuni
1718 632 1760 662 ut
1788 623 2074 675 gubernationis
2120 618 2132 663 ἐ

260 678 364 730 quasi
390 677 514 717 faetus
533 678 714 727 consors,
744 680 952 731 corrigeret
976 679 1214 730 Principem,
1244 678 1272 717 si
1295 681 1426 729 quain
1447 692 1489 720 re
1514 681 1580 720 suo
1603 684 1752 721 muneri
1774 683 1804 721 is
1829 682 1991 722 deesset:
2011 685 2074 722 ali-
2118 710 2132 726 ,-

262 740 327 790 qui
356 739 456 777 enim
490 737 639 789 optime
665 736 807 778 norunt
835 748 1019 791 peccata,
1051 751 1134 790 quae
1156 738 1381 786 admittunt,
1413 748 1455 778 ut
1480 740 1680 788 homines;
1712 751 1750 780 at
1784 754 1864 782 non
1887 755 1955 793 ea,
1987 755 2072 794 quae
2118 751 2132 784 ἐ

256 808 443 851 peccant,
472 808 515 837 ut
533 798 746 850 Principes,
776 799 866 838 licet
893 801 1068 851 graviora
1092 801 1152 838 illa
1175 799 1270 848 sint,
1301 810 1385 850 quae
1415 799 1463 838 ad
1488 801 1657 841 officium
1685 813 1821 842 eorum
1848 805 2070 853 pertinent,
2117 792 2132 837 ³⁴

259 857 374 910 quam
401 870 446 898 ea
465 870 549 909 quae
566 858 612 897 ad
633 861 748 910 ipsam
765 860 978 910 personam.

410 918 444 969 §.
475 917 567 957 Nec
584 919 767 971 expedite
789 917 912 958 solum
931 917 1104 967 videtur,
1136 928 1178 957 ut
1198 916 1456 957 Confessarius
1474 918 1632 959 consilio
1654 917 1783 960 Status
1812 921 1978 971 interfit,
2003 921 2069 961 sed
2118 917 2119 946 Ὺ

256 979 317 1018 alii
333 979 445 1017 etiam
470 978 615 1017 Praelati
630 987 694 1017 aut
712 978 882 1030 personae
901 977 1170 1018 Ecclesiasticae
1187 979 1224 1017 in
1242 977 1504 1031 Dignitatibus
1523 978 1758 1030 constitutae,
1790 980 1827 1020 δι
1845 991 1887 1020 ut
1905 980 2071 1020 aunon.
2116 978 2120 1023 ‚¹

255 1047 335 1077 tate
362 1038 442 1087 sua,
473 1048 588 1089 atque
606 1038 845 1087 eruditione,
877 1035 952 1090 qua
970 1040 1100 1077 valent
1119 1039 1322 1089 plurimum
1338 1069 1351 1087 ,
1384 1037 1508 1089 Regni
1533 1039 1872 1080 consultationibus
1893 1040 2068 1081 assistant:
2116 1043 2118 1073 l

255 1098 308 1137 fic
320 1098 419 1137 enim
430 1100 546 1150 magis
556 1100 860 1138 unirenturinter
871 1099 906 1138 se
916 1098 962 1138 ad
974 1099 1303 1138 conservationem
1321 1097 1357 1137 &
1375 1096 1639 1138 defensionem
1657 1100 1776 1138 totius
1792 1103 1966 1151 corporis
1985 1101 2066 1140 duo
2116 1106 2118 1112 ’

252 1157 314 1196 illa
332 1158 504 1207 brachia,
536 1158 725 1210 spirituale
749 1159 911 1207 scilicet,
942 1159 980 1198 &
1002 1159 1228 1209 temporale.
1288 1159 1415 1209 Reges
1433 1156 1558 1197 Gothi
1582 1159 1631 1198 de
1651 1160 1766 1198 rebus
1787 1161 1961 1200 maximis
1974 1172 2067 1200 con-

251 1216 427 1257 ferebant
447 1230 534 1257 cum
559 1218 721 1258 Praelatis
735 1249 746 1267 ,
780 1220 843 1270 qui
864 1221 900 1258 in
922 1220 1092 1257 conciliis
1117 1217 1315 1257 Toletanis
1330 1220 1367 1257 in
1395 1229 1512 1257 unum
1532 1230 1810 1259 convenerant.

426 1277 461 1329 §.
496 1278 616 1330 Quod
635 1278 777 1318 dicium
805 1278 854 1318 de
875 1278 1139 1324 Confeffariis‚
1169 1278 1218 1317 de
1243 1276 1592 1317 Concionatoribus
1617 1292 1774 1330 quoque
1807 1279 1925 1319 debet
1955 1280 2065 1318 intel-

249 1337 337 1389 ligi,
368 1339 432 1388 qui
453 1339 556 1377 tubae
588 1338 671 1377 sunt
702 1337 778 1391 (b)
808 1340 1000 1388 veritatis,
1033 1339 1070 1377 &
1096 1340 1323 1388 interpretes
1340 1337 1470 1377 Deum
1503 1339 1603 1377 inter
1629 1338 1667 1378 &
1698 1337 1764 1394 (c)
1796 1339 1994 1388 homines,
2025 1341 2063 1379 in

251 1408 416 1447 quorum
435 1409 502 1436 ore
525 1397 598 1451 (d)
614 1399 734 1438 verba
755 1399 815 1437 sua
841 1399 979 1450 posuit.
1042 1398 1139 1437 Cum
1163 1399 1233 1436 illis
1254 1395 1368 1435 valde
1390 1395 1503 1436 caute
1519 1408 1678 1448 oportet
1699 1411 1810 1450 agere
1827 1399 2064 1450 Principem,

248 1465 427 1508 tanquam
455 1469 543 1497 cuin
572 1459 763 1497 canalibus
792 1458 1045 1509 quibusdam,
1075 1469 1145 1508 per
1175 1469 1274 1508 quos
1304 1456 1448 1495 fluenta
1475 1455 1660 1496 doifitrinae
1687 1470 1751 1497 aut
1770 1459 1962 1506 salutaris,
1994 1469 2061 1497 aut

245 1528 374 1556 noxiae
396 1516 617 1556 derivantur
635 1518 683 1557 ad
701 1520 903 1569 populum,
966 1519 1024 1556 Ab
1042 1519 1083 1556 iis
1097 1517 1204 1568 plebs
1221 1516 1438 1567 dependet,
1469 1512 1630 1567 suntque
1644 1516 1889 1557 instrumenta
1905 1517 2061 1568 perido-

245 1588 320 1616 nea
342 1575 389 1614 ad
406 1577 506 1616 illam
523 1587 587 1616 aut
617 1578 906 1625 concitandam,
940 1587 1004 1615 aut
1033 1576 1368 1627 componendam;
1399 1575 1454 1614 uti
1491 1575 1529 1613 in
1565 1576 1813 1615 seditionibus
1841 1577 2064 1627 Catalaniae,

246 1635 285 1675 &
312 1634 513 1674 Lusitaniae
541 1647 784 1687 compertum
819 1636 902 1676 fuit.
966 1635 997 1674 F
1000 1648 1115 1674 erwor
1143 1648 1277 1674 eorum
1313 1634 1351 1673 &
1378 1636 1484 1675 zelus
1514 1635 1553 1674 in
1582 1636 1911 1687 reprehendendis
1935 1639 2061 1686 vitiis,

244 1706 404 1734 exerere
428 1694 501 1734 sese
525 1696 754 1747 potiffimiim
774 1696 868 1734 solet
897 1706 1030 1734 contra
1048 1707 1137 1742 eos,
1170 1696 1233 1746 qui
1261 1695 1338 1734 aliis
1358 1694 1539 1744 praesunt,
1569 1694 1607 1735 &
1645 1707 1694 1735 ex
1722 1697 1873 1736 levibus
1913 1697 2062 1736 indiciis

242 1753 357 1795 facile
381 1753 478 1793 istud
499 1765 674 1807 penetrat
698 1757 868 1808 populus
883 1785 892 1802 ,
925 1757 1011 1807 quia
1036 1752 1168 1793 natura
1192 1752 1255 1794 sua
1283 1765 1369 1805 erga
1387 1753 1434 1793 M
1450 1752 1585 1794 nistros
1609 1755 1735 1796 minus
1755 1755 1858 1796 bene
1886 1758 2057 1798 afficitur.

244 1814 364 1854 Unde
387 1814 468 1854 fieri
493 1815 642 1866 potest,
673 1826 716 1856 ut
740 1817 1025 1869 gubernationis
1056 1825 1190 1867 pereat
1224 1813 1456 1862 austoritas,
1488 1814 1525 1853 &
1562 1815 1699 1855 subditi
1732 1816 1858 1856 minus
1883 1819 2059 1857 contenti

241 1875 342 1925 fint3
372 1874 461 1914 inde
479 1876 574 1914 vero
593 1879 760 1915 oriantur
773 1878 982 1923 tumultus,
1013 1875 1050 1914 ἃ
1069 1876 1293 1922 seditiones,
1324 1875 1693 1927 praesertimquando
1713 1879 1937 1929 culpantur,
1964 1890 2054 1929 pro-

243 1934 464 1984 dunturque
484 1935 575 1973 vitia
613 1936 853 1986 Principum,
886 1945 1019 1974 contra
1046 1936 1158 1973 officii
1183 1935 1233 1973 sui
1255 1935 1529 1986 obligationem
1554 1935 1762 1976 commissa.
1821 1937 1976 1978 Praestat
1995 1939 2062 1989 igi-

242 2003 306 2034 tur
327 1993 643 2044 reprehensiones
670 1994 748 2034 illas
772 1994 847 2034 esse
866 1997 1061 2047 generales
1079 2024 1091 2041 ‚
1122 1995 1267 2045 absque
1293 2005 1342 2031 eo
1359 2023 1370 2040 ‚
1401 1992 1508 2044 quod
1538 1994 1625 2044 ipsae
1649 1994 1894 2047 designentur
1931 1997 2059 2048 perso-

243 2066 323 2102 nae,
356 2052 511 2104 quando
541 2054 754 2094 scandalum
786 2067 865 2094 non
890 2053 944 2094 est
968 2055 1165 2105 publicum
1183 2085 1196 2102 ,
1228 2062 1292 2092 aut
1314 2051 1505 2104 praemiffae
1530 2065 1610 2092 non
1638 2053 1795 2094 fuerunt
1825 2056 2055 2097 admonitio-

241 2126 311 2154 nes
338 2112 611 2165 Evangelicae,
644 2117 803 2166 aliaeque
840 2113 1126 2153 circumstantiae
1160 2126 1248 2152 cum
1279 2114 1387 2151 bono
1415 2112 1574 2163 publico
1607 2115 1645 2151 in
1693 2116 1832 2154 trutina
1865 2120 2053 2168 appensae.

243 2173 342 2213 Cum
365 2174 428 2212 tali
444 2171 629 2212 modestia
651 2174 897 2226 reprehendit
913 2174 1022 2213 Deus
1045 2175 1083 2212 in
1111 2171 1347 2224 Apocalypsi
1370 2169 1576 2210 nonnullos
1599 2171 1838 2226 Episcopos‚
1871 2186 1913 2214 ut
1935 2174 2057 2228 prima

240 2233 372 2273 fronte
392 2234 434 2271 iis
459 2233 693 2283 abblandiri,
722 2234 842 2273 immo
876 2235 988 2273 etiam
1016 2231 1156 2271 adulari
1176 2234 1341 2284 cuipiam
1360 2231 1483 2270 videri
1516 2229 1583 2285 (e)
1615 2230 1751 2283 posset.
1841 2234 2055 2278 Neminem

241 2291 411 2333 Christus
435 2291 599 2332 offendit
615 2306 664 2335 ex
688 2293 892 2334 cathedra.-
920 2292 1235 2345 reprehensiones
1266 2291 1380 2343 ipsius
1411 2290 1568 2331 fuerunt
1589 2293 1806 2344 generales,
1835 2294 1873 2334 &
1899 2296 2055 2347 quando
2127 2309 2132 2337 t

241 2353 290 2392 ad
305 2353 549 2405 particulares
579 2353 794 2403 descendit,
825 2367 905 2393 non
925 2364 967 2393 ut
992 2354 1264 2400 concionator,
1294 2350 1358 2390 sed
1384 2360 1426 2390 ut
1455 2351 1540 2390 Rex
1566 2352 1719 2392 locutus
1744 2353 1912 2394 videtur.
1973 2356 2049 2396 Pro
2092 2351 2095 2355 ’

242 2414 433 2452 concione
449 2412 523 2451 dici
547 2425 624 2452 non
644 2414 783 2462 debet,
815 2414 920 2465 quod
949 2416 984 2452 in
1009 2413 1150 2464 angulis
1183 2411 1391 2464 platearum
1420 2410 1676 2461 interdicitur,
1709 2411 1745 2451 &
1775 2415 1951 2464 punitur3
1981 2414 2055 2467 qua

240 2474 278 2512 in
303 2484 344 2512 re
366 2471 445 2511 falli
475 2471 569 2511 solet
584 2475 712 2522 zelus,
743 2483 808 2512 aut
825 2476 910 2524 quia
932 2475 1067 2512 nimius
1091 2470 1167 2520 est,
1198 2480 1263 2511 aut
1286 2473 1372 2523 quia
1395 2483 1482 2511 eum
1506 2482 1677 2511 excoecat
1705 2474 1904 2523 applausus
1933 2476 2054 2527 impe-

243 2534 325 2572 ritae
340 2531 615 2583 multitudinis,
646 2546 731 2586 quae
752 2532 934 2585 frequens
952 2544 1182 2573 concurrere
1206 2533 1321 2581 solet,
1350 2531 1399 2570 ad
1420 2531 1631 2574 audiendos
1663 2531 1840 2573 defeetus
1864 2534 2051 2587 Principis

240 2602 306 2632 aut
332 2591 590 2645 Magistratus.

239 2696 2041 2709 ——wffl—*m

344 2773 401 2818 (a)
428 2771 483 2808 Ide
504 2782 625 2810 autem
639 2772 788 2811 liniebat
803 2788 880 2812 eum
898 2773 971 2811 luto
988 2773 1115 2829 absque
1129 2775 1241 2830 paleis
1265 2778 1393 2815 Ezech.
1431 2791 1487 2826 13.
1514 2792 1572 2817 10.
1624 2783 1686 2829 (b)
1714 2780 1855 2822 clama.
1879 2795 1923 2818 ne
1946 2778 2050 2827 ceffm,
2100 2781 2101 2785 ’

237 2822 338 2879 quast
356 2822 444 2860 tuba
468 2825 595 2862 exalta
611 2840 729 2864 vocem
744 2837 858 2865 tuam.
885 2827 948 2864 lsai
969 2835 1025 2873 58.
1050 2843 1083 2870 ι.
1135 2831 1194 2875 (c)
1219 2835 1284 2866 Pro
1295 2829 1489 2868 hominibus
1501 2831 1723 2886 constituitur
1739 2836 1778 2870 in
1792 2835 1856 2875 iis,
1884 2846 1952 2884 quae
1961 2831 2049 2877 simt
2098 2850 2100 2871 i

235 2877 289 2916 ad
313 2882 425 2913 Deum
451 2877 546 2914 Heb.
571 2891 602 2923 5.
627 2892 657 2916 1.
709 2881 775 2928 (d)
803 2886 883 2917 Ecce
905 2880 987 2917 dedi
1010 2880 1124 2919 verba
1142 2895 1222 2919 mea
1245 2884 1283 2919 in
1302 2897 1359 2920 ore
1381 2894 1452 2920 tuo.
1479 2886 1538 2934 Jer
1575 2898 1607 2924 ι.
1632 2900 1670 2932 9.
1747 2888 1805 2934 (e)
1831 2886 1928 2922 Novi
1948 2896 2049 2936 opera
2097 2904 2100 2934 5
2127 2899 2132 2917 t

237 2940 322 2971 tua,
350 2928 394 2972 ά
405 2927 534 2978 fidem,
555 2929 599 2972 e&
618 2930 838 2970 charitatem
857 2943 960 2971 tuam
975 2961 984 2974 ,
1010 2932 1055 2976 ὠ
1077 2933 1327 2986 ministerium,
1353 2935 1399 2979 ἄν
1407 2939 1628 2989 patientiam
1647 2949 1767 2979 tuam,
1793 2935 1838 2980 ό·
1854 2947 1955 2990 opera
1981 2948 2048 2974 tua
2097 2948 2099 2974 l
2126 2928 2130 2937 Ἣ

233 2979 421 3035 novtffi'ma
429 2980 740 3036 pluraprioribus5
765 2985 833 3024 Sed
845 2984 952 3025 habeo
963 2986 1133 3037 adverstu
1147 2997 1184 3025 te
1195 2997 1326 3040 pauca.
1352 2993 1470 3040 Apoc.
1489 3004 1526 3029 2.
1550 3003 1608 3039 19.
1636 2993 1672 3029 ὃς
1688 3003 1749 3029 20.
2126 3005 2129 3009 ·
