2132 3730
240 247 329 278 202
673 225 1018 272 DIDACI
1070 227 1600 274 SAAVEDRAE

240 330 308 357 cos
323 316 448 357 subito
478 311 650 354 cecidiise
674 312 852 356 vidimus.
913 311 955 351 In
973 311 1152 363 Hispania
1170 312 1324 354 Ducem
1344 312 1542 362 Lermam3
1573 316 1610 355 in
1632 314 1789 356 Francia
1804 313 2034 355 Mareschal·

237 378 316 417 lum
349 376 397 415 de
430 377 556 414 Ancre
579 384 592 419 ;
629 373 666 410 in
689 372 824 422 Anglia
856 372 1009 413 Ducem
1038 371 1365 425 Buckingamum;
1396 373 1499 426 apud
1518 373 1686 414 Batavos
1708 374 1891 427 joannem
1915 373 2036 414 Olde-

236 449 328 477 num
347 432 617 475 Barnefeltium
644 440 658 483 3
689 433 727 472 in
751 432 955 473 Germania
979 431 1217 473 Cardinalem
1237 432 1472 480 Cleselium3
1502 433 1639 474 Romae
1654 433 1891 475 Cardinalem
1908 432 2038 476 Naza-

227 490 368 536 'retum
435 491 477 531 ld
502 500 629 531 tamen
640 493 752 532 variis
777 493 895 533 caufis
924 492 1053 532 ascribi
1068 490 1197 545 potest
1217 523 1231 541 ‚
1260 502 1325 533 aut
1343 493 1622 547 quiaPrinceps
1640 494 1770 535 tribuit
1787 496 2036 545 omnia,quae

233 554 390 607 potuit,
422 560 488 591 aut
503 552 591 603 quia
603 550 778 593 Privatus
797 584 808 602 ,
839 562 882 593 ut
899 561 1044 593 vocant
1059 583 1072 601 ‚
1102 552 1269 594 obtinuit
1284 553 1411 594 omnia
1429 583 1442 603 ‚
1473 566 1558 605 quae
1574 553 1649 609 (a)
1665 554 1856 605 cupiebat.
1914 553 2036 594 Unde

233 614 324 655 dum
338 612 386 653 ad
411 612 632 666 supremum
658 624 781 666 usque
796 613 1063 656 conscenderit
1081 611 1297 667 fastigium,
1324 611 1517 656 necessum
1530 613 1608 665 est,
1638 624 1681 655 ut
1700 616 1738 654 in
1759 626 1929 667 praeceps
1938 622 2036 663 ruat,

221 2057 260 2100 δι
288 2054 444 2105 esto‚in
462 2053 587 2106 gratiis
611 2053 746 2101 unius,
777 2051 815 2092 δι
835 2052 1046 2092 ambitione
1065 2051 1216 2090 alterius
1230 2081 1241 2099 ‚
1258 2049 1431 2102 quaedam
1453 2050 1498 2090 fit
1519 2050 1759 2101 moderatio,
1792 2064 1876 2105 quae
1898 2062 2031 2094 tamen

221 2116 429 2159 constantia
456 2112 530 2153 effe
550 2111 678 2164 potest
701 2114 738 2151 in
758 2112 1023 2151 voluntatibus
1044 2110 1286 2161 Principum,
1317 2109 1404 2163 (h)
1430 2121 1513 2160 quae
1537 2118 1577 2148 ut
1595 2112 1873 2162 vehementiores,
1892 2113 1944 2166 fic
1961 2127 2028 2153 mo—

220 2173 399 2228 hilesstepa
411 2173 478 2227 fibi
496 2169 570 2225 zpfie
595 2169 750 2222 adversae
761 2168 848 2222 fimt
863 2172 883 2210 ‚9
914 2170 1013 2223 Quis
1040 2168 1222 2208 affectum
1247 2168 1397 2208 firmare
1425 2169 1593 2221 poterit,
1615 2170 1679 2221 qui
1699 2181 1779 2209 non
1806 2182 1885 2211 uno
1904 2183 2033 2212 rerum

220 2248 361 2291 genere
388 2235 537 2287 capitur
554 2261 568 2282 ‚
598 2232 636 2272 &
659 2233 825 2271 materiae
841 2231 974 2283 primae
994 2259 1008 2279 ,
1036 2238 1080 2268 ut
1104 2227 1324 2281 Philosophi
1351 2230 1560 2281 loquuntur
1578 2257 1590 2276 ,
1610 2241 1723 2280 quam
1740 2230 1949 2271 simillimus
1964 2230 2034 2281 est,

219 2298 327 2349 cujus
350 2295 543 2348 appetitus
562 2304 638 2333 una
659 2292 747 2332 non'
766 2291 944 2343 expletur
963 2288 1089 2329 forma
1104 2319 1116 2339 ‚
1146 2288 1210 2329 sed
1227 2291 1412 2329 varietate
1428 2286 1560 2341 potius
1575 2288 1790 2330 oblectatur
1809 2290 1829 2329 *ἓ
1857 2291 1956 2345 Quis
1974 2290 2032 2332 fa—

220 2368 316 2398 vere
340 2354 379 2396 &
398 2355 624 2394 conservare
638 2352 782 2404 poterit
806 2348 1120 2391 benevolentiam
1144 2349 1243 2388 illam
1262 2379 1276 2399 ,
1306 2357 1367 2389 tot
1390 2349 1535 2389 casibus
1558 2377 1572 2398 ‚
1601 2347 1639 2388 &
1658 2348 1927 2390 affectionibus
1948 2353 2028 2392 ani-

221 2419 275 2458 mi
292 2415 502 2455 obnoxiam
517 2413 537 2452 ?
568 2413 667 2466 Quis
683 2413 754 2451 erit
769 2420 847 2451 tam
871 2412 1019 2463 integer
1039 2438 1054 2459 ‚
1081 2417 1126 2449 ut
1143 2407 1459 2449 existimationem
1482 2439 1495 2459 ‚
1526 2420 1639 2460 quam
1665 2407 1714 2448 de
1740 2409 1823 2461 ipso
1846 2413 2031 2464 concepit

218 2477 402 2528 Princeps
418 2505 431 2524 ,
460 2471 564 2526 apud
590 2467 808 2512 universum
832 2468 970 2510 statum
992 2470 1091 2509 tueri
1111 2470 1237 2509 valeat
1256 2469 1275 2508 2
1304 2468 1505 2522 Singularis
1530 2469 1590 2508 illa
1604 2469 1722 2521 gratia
1738 2471 1910 2511 omnium
1927 2471 1966 2513 in
1990 2470 2031 2512 se

220 2538 356 2576 oculos
375 2534 582 2574 convertit.
643 2531 723 2585 Qui
750 2531 861 2570 amici
879 2529 963 2570 sunt
995 2529 1213 2582 Principum
1236 2559 1249 2578 ‚
1280 2541 1349 2580 per
1379 2528 1574 2570 Privatum
1598 2528 1671 2568 suae
1706 2528 1868 2570 credunt
1899 2532 2031 2584 gratiae
2080 2557 2101 2562 η
2130 2552 2132 2563 ‹

222 2596 396 2642 detrahi;
425 2595 490 2646 qui
508 2591 636 2633 hostes
649 2622 661 2641 ‚
681 2592 808 2644 augeri
827 2590 927 2631 odia.
983 2588 1039 2630 Hi
1056 2589 1084 2630 fi
1103 2591 1140 2630 in
1152 2589 1352 2630 amicitiam
1367 2589 1538 2638 redeant,
1552 2599 1632 2629 non
1650 2588 1718 2629 nifi
1734 2600 1780 2629 ea
1804 2590 2031 2632 conditione

217 2656 404 2704 redeunt,
432 2664 476 2694 ut
505 2652 680 2693 Privatus
703 2652 821 2704 gratia
836 2649 1019 2699 excidat3
1050 2651 1101 2691 illi
1123 2649 1150 2691 sl
1169 2650 1370 2689 amicitiam
1400 2648 1598 2698 deserant,
1613 2660 1769 2689 omnem
1787 2649 1921 2691 itidem
1943 2652 2030 2691 cul-
2082 2670 2099 2705 ῃ
2124 2653 2126 2657 ’

216 2729 306 2771 pam
324 2719 363 2756 in
383 2726 471 2754 eum
492 2712 614 2765 ipsum
634 2710 853 2752 conferunt.
911 2709 1074 2763 Semper
1104 2719 1237 2750 contra
1257 2708 1444 2760 ejusmodi
1468 2709 1662 2751 Privatum
1691 2711 1881 2750 aemulatio
1907 2710 1945 2751 &
1972 2713 2028 2751 in·
2078 2718 2099 2755 j
2121 2725 2126 2738 f

218 2775 322 2815 vidia
342 2776 380 2814 in
399 2775 509 2814 armis
527 2773 720 2813 excubant
735 2803 747 2821 ‚
777 2773 932 2811 intentae
955 2772 993 2811 in
1007 2783 1163 2812 omnem
1182 2768 1424 2810 occasionem
1443 2801 1456 2819 ‚
1487 2779 1530 2809 ut
1542 2771 1580 2810 in
1604 2770 1749 2809 ruinam
1771 2771 2024 2822 praecipitent.

218 2835 347 2875 Tanto
372 2836 411 2875 in
428 2845 518 2874 eum
549 2832 641 2871 odio
661 2832 782 2872 fertur
799 2833 990 2884 populus,
1019 2841 1062 2871 ut
1082 2832 1180 2871 mala
1199 2830 1313 2869 etiam
1330 2839 1475 2870 naturae
1487 2859 1500 2878 ‚
1531 2829 1569 2869 &
1585 2830 1679 2869 vitia
1696 2828 1879 2880 Principis
1896 2829 2024 2871 eidem
2094 2876 2096 2882 Ἠ

221 2896 377 2936 tribuat.
437 2892 653 2932 Bernardus
680 2892 847 2932 Cabrera
871 2893 996 2944 capite
1015 2890 1168 2932 tandem
1190 2890 1260 2929 luit
1278 2890 1498 2939 tyrannides
1516 2889 1618 2929 Petri
1637 2889 1774 2942 Quarti
1796 2889 1911 2940 Regis
1930 2890 2025 2930 Ara·
2073 2890 2096 2946 J

219 2956 323 3009 gonii
341 2984 354 3003 ‚
384 2952 453 3007 (c)
487 2953 548 2992 cui
565 2952 791 2992 chariffimus
810 2952 956 3004 semper
977 2950 1115 2996 fuerat.
1188 2947 1341 2989 Eodem
1377 2948 1507 2991 medio
1525 2979 1538 2998 ,
1567 2960 1645 3000 quo
1669 2949 1839 2987 Privatus
1862 2952 2020 3001 gratiam
2093 2957 2095 2969 ¹

219 3015 405 3067 Principis
423 3021 633 3064 aucupatur
652 3042 665 3060 ‚
696 3014 854 3052 aliorum
879 3013 1033 3052 incurrit
1058 3012 1191 3051 odium
1220 3018 1235 3061 3
1279 3018 1322 3049 ut
1341 3008 1527 3052 verisfime
1555 3008 1690 3048 dixerit
1717 3006 1932 3049 fortiffimus
1959 3012 2023 3052 ille

220 3074 351 3116 Heros
372 3071 591 3126 Alphonsus
615 3072 918 3124 Albuquercius‚
947 3071 1137 3112 Indiarum
1165 3070 1418 3112 Orientalium
1437 3069 1683 3111 Gubernator
1698 3096 1712 3117 ,
1743 3066 1976 3121 Minimum,
1993 3072 2022 3113 si
2131 3125 2132 3129 Ἰ

756 3202 1758 3215 ——n———d———u———nn—-n

317 3245 373 3287 (a)
398 3246 458 3277 An
469 3237 589 3286 stitius
606 3239 700 3292 capit
718 3265 727 3279 ‚
753 3247 819 3274 aut
833 3237 903 3274 iffos
916 3264 925 3278 ,
950 3237 1025 3275 cam
1043 3238 1160 3274 omnia
1177 3235 1381 3277 tribueram
1399 3255 1410 3276 :
1434 3249 1500 3277 aut
1527 3237 1585 3276 hos
1598 3266 1607 3280 ‚
1633 3237 1709 3275 clim
1723 3240 1808 3287 jam
1830 3237 1927 3277 nihil
1939 3238 2021 3277 reli·
2087 3268 2088 3275 ,

220 3306 326 3349 quum
341 3290 386 3345 est
403 3320 411 3333 ‚
436 3292 525 3343 quod
543 3293 686 3345 cupiant
703 3318 712 3330 ‚
738 3290 854 3334 Tacit,
872 3290 895 3327 l.
914 3303 945 3337 3.
960 3290 1089 3328 Annal.
1140 3289 1201 3336 (b)
1225 3293 1347 3330 Salust.
1399 3292 1456 3341 (c)
1479 3290 1570 3329 Mar.
1597 3291 1731 3329 Histor.
1747 3290 1846 3343 Hisp.
1865 3292 1889 3330 l.
1905 3302 2016 3344 7.c.7.

1921 3131 2023 3186 Regi
2088 3152 2089 3194 3
2125 3193 2132 3209 A
