2132 3730
484 204 1456 261 SYMBOLAPOLITICA
1817 235 1874 282 91

73 295 118 342 N
122 302 161 342 isi
179 300 393 351 conspirent
413 297 610 351 Principes
623 310 756 339 contra
775 308 1045 353 contemptum
1066 300 1104 340 &
1123 298 1388 343 infidelitatem
1400 333 1413 353 ,
1442 302 1482 343 δι
1499 301 1703 344 αιιέὶοῐίῑειε
1730 310 1880 358 pericli·

73 362 212 402 tabitur
227 388 241 409 ,
269 357 307 398 &
323 356 497 398 fidelitas.

221 417 257 469 ς.
289 417 460 471 Quando
485 419 523 458 in
544 418 691 458 casibus
713 416 842 458 defleti
865 432 934 472 par
946 417 1009 467 ,est
1031 419 1211 459 -omniurn
1249 418 1425 458 conditio
1445 450 1459 470 ,
1490 423 1725 464 conniveant
1745 424 1875 478 Reges

74 490 160 520 cum
181 479 260 517 aliis
281 506 295 526 ,
324 479 418 517 alios
438 477 515 533 (a)
531 480 714 530 puniant:
743 480 836 519 nihil
863 481 967 520 enim
985 490 1054 519 eos
1076 480 1192 531 magis
1212 478 1350 518 reddet
1360 480 1645 534 invisos,quam
1662 483 1729 524 ista
1751 496 1878 537 aequa-

69 541 162 580 litas.
224 536 344 576 Unde
367 537 543 590 AEgyptii
562 540 762 590 paritatem
777 569 790 588 ‚
819 539 1095 591 quaeservanda
1117 536 1172 579 est
1187 537 1400 589 injustitia,
1431 551 1501 591 per
1517 554 1664 594 pennas
1681 544 1875 585 Struthio.

73 599 130 640 nis
149 596 411 649 significabant
427 610 477 637 ex
493 608 655 650 utraque
681 608 790 650 parte
815 601 989 651 aequales.

187 655 222 708 §.
253 656 400 710 Magna
421 657 605 711 Principis
622 658 825 710 prudentia
844 658 899 700 est
913 688 926 708 ,
955 654 1006 698 εό
1021 658 1078 697 uti
1093 656 1347 709 castigationis
1370 668 1511 709 genere
1530 688 1543 708 ,
1573 670 1616 699 ut
1633 673 1720 702 cum
1735 665 1877 706 minori

0 710 1 713 ¹
67 715 324 768 delinquentis
348 717 489 757 damno
511 719 689 770 expietur
704 720 817 771 culpa
838 748 851 768 ,
882 718 920 758 &
942 717 1086 757 offensa
1110 716 1210 756 facta
1233 717 1486 769 Reipublicae.
1544 717 1768 762 Turbabant
1797 724 1877 764 Ga-

64 778 207 817 laeciam
225 776 310 816 Viri
332 777 488 828 quidam
510 777 679 819 Nobiles
700 808 713 828 ,
743 778 782 818 &
798 777 946 818 tametsi
968 779 1102 828 capitis
1123 779 1177 817 rei
1204 775 1342 825 essent,
1360 778 1559 818 accersivit
1578 791 1647 818 eos
1668 780 1716 819 ad
1733 782 1773 821 se
1785 784 1875 825 Rex

0 829 4 883 ζ
63 835 94 876 F
96 835 325 876 erdinandus
350 837 421 877 IV.
454 836 527 891 (b)
558 837 647 878 &in
672 838 892 878 muneribus
910 837 1132 877 militaribus
1150 838 1384 888 occupavit3
1417 850 1495 890 quo
1511 837 1656 880 saecum
1676 869 1687 889 ,
1716 849 1761 880 ut
1776 855 1875 882 non-

0 913 4 937 :
63 897 189 936 nullos
211 895 407 948 castigaret
430 896 548 936 hostis
571 928 584 947 ,
614 899 708 938 alios
726 897 815 937 belli
839 896 1045 950 asperitas,
1076 896 1113 937 &
1142 898 1294 937 labores
1310 927 1323 947 ,
1354 906 1470 949 atque
1500 900 1553 938 ita
1580 901 1783 952 provincia
1812 904 1875 943 illa

65 956 184 1008 quieti
202 955 365 1008 pristina-z·
383 955 654 997 restitueretur.
1439 992 1445 998 .

0 1053 1 1056 ,
213 1015 244 1067 §.
283 1015 628 1068 Quemadmodum
648 1015 756 1056 Pacis
779 1023 959 1067 tempore
987 1015 1147 1068 prosunt
1171 1013 1285 1067 quam
1310 1017 1517 1068 plurimum
1541 1015 1686 1069 Justitia
1710 1018 1749 1059 &
1788 1018 1877 1060 Cle.

0 1069 2 1095 ῗ
61 1076 203 1116 mentia
226 1105 238 1124 ,
267 1076 319 1114 ita
337 1077 376 1114 in
401 1076 505 1115 bello
532 1076 731 1127 proemium
747 1079 784 1117 δε
809 1087 955 1127 poena:
986 1076 1074 1128 quia
1105 1075 1260 1127 grandia
1281 1073 1528 1128 ibi«pericula
1545 1106 1557 1125 ,
1588 1090 1673 1129 quae
1703 1078 1783 1119 sine
1807 1080 1876 1133 spe

62 1147 196 1187 magna
216 1135 381 1187 superari
403 1148 483 1175 non
508 1134 653 1184 solent,
666 1145 740 1174 nec
761 1135 844 1174 solo
860 1144 969 1175 metu
988 1137 1140 1175 licentia
1156 1148 1310 1175 morum
1332 1135 1370 1175 ὃς
1389 1134 1581 1175 dissolutio
1599 1137 1769 1178 coerceri
1789 1140 1877 1191 pos-

61 1195 156 1234 sunt.
215 1193 240 1248 (
253 1197 303 1247 c)
334 1195 376 1234 E
384 1194 442 1247 fin
459 1194 533 1234 todo
555 1193 619 1249 esto
644 1193 672 1247 <
673 1194 798 1245 ajebat
817 1195 908 1234 Rex
929 1195 1149 1247 Alphonsus
1174 1195 1333 1246 Sapiens
1348 1192 1442 1250 >stin
1466 1207 1541 1235 mas
1570 1193 1706 1247 dmioffis
1726 1199 1773 1238 los
1791 1212 1877 1251 yer⁴

6 1284 7 1287 η
57 1266 115 1293 ros
140 1283 153 1302 ,
183 1267 250 1306 que
271 1253 321 1293 los
341 1250 570 1303 Omesfazen
585 1267 626 1293 en
643 1254 678 1293 Ia
697 1266 831 1305 guerra
845 1285 857 1303 ,
886 1266 927 1292 ca
939 1251 1035 1308 affizz
1053 1253 1186 1295 abonda
1204 1256 1227 1293 ὰ
1251 1255 1299 1294 los
1312 1286 1326 1304 ,
1355 1268 1422 1308 que
1443 1266 1485 1294 en
1499 1255 1563 1295 ella
1580 1255 1697 1295 andan
1715 1257 1875 1298 deaver-

47 1310 89 1363 fi?
104 1311 145 1352 de
164 1311 328 1364 guardar
343 1311 400 1350 del
416 1310 506 1351 darno
527 1311 569 1351 de
588 1312 636 1352 Ios
655 1314 839 1364 enemigos,
850 1321 979 1366 quanto
994 1327 1071 1353 mas
1086 1314 1163 1363 del,
1193 1328 1258 1367 que
1273 1315 1319 1354 les
1343 1316 1443 1354 viene
1448 1322 1518 1365 por
1533 1314 1631 1366 cuffia
1647 1315 1688 1355 de
1710 1317 1758 1356 Ios
1769 1313 1873 1370 fityos

5 1410 7 1414 Α
55 1367 199 1423 mefffnos.
259 1371 505 1423 Acpraeterea
525 1372 632 1422 magis
644 1370 824 1424 pernicicfi
843 1369 931 1423 fimt
946 1404 959 1421 ,
989 1376 1050 1426 qui
1068 1375 1105 1413 in
1121 1372 1202 1412 bello
1217 1376 1495 1421 committuntur,
1527 1385 1675 1413 errores.
1735 1375 1875 1418 sienim

54 1433 79 1472 ἁ
99 1430 301 1471 bellantibus
324 1443 450 1484 magna
461 1432 588 1470 omnino
600 1426 811 1481 fivlicitudine
818 1431 1059 1483 praecavenda
1071 1429 1157 1483 fient
1173 1430 1317 1481 damna,
1348 1445 1427 1485 quae
1445 1431 1491 1471 ab
1509 1431 1657 1486 htstibus
1671 1436 1876 1488 inpendent,

55 1498 183 1547 quanto
201 1492 309 1543 magis
328 1489 387 1530 illa
405 1520 417 1541 ,
445 1503 524 1544 quae
535 1486 676 1542 filorum
702 1489 800 1542 culpa*
813 1489 998 1532 acciderint
1018 1492 1040 1530 ,9
1095 1490 1315 1543 Eapropter
1353 1492 1521 1531 Romani
1557 1491 1716 1533 diversis
1746 1508 1876 1547 poena·

56 1564 140 1591 rum
155 1550 193 1590 &
212 1550 377 1590 infamiae
396 1551 601 1604 generibus
622 1550 837 1589 afficiebant
858 1552 997 1590 milites
1018 1581 1030 1600 ‚
1061 1553 1127 1602 qui
1149 1552 1278 1591 officio
1298 1549 1469 1591 deessent
1485 1580 1497 1600 ‚
1520 1561 1586 1591 aut
1607 1553 1646 1592 in
1662 1557 1843 1606 periculis
1859 1586 1875 1608 ,

7 1644 9 1646 .
55 1621 120 1650 aut
143 1612 182 1651 in
201 1611 395 1663 disciplina
416 1611 566 1651 militari
592 1622 606 1657 3
635 1621 714 1661 quo
737 1608 882 1658 fiebat,
910 1619 953 1649 ut
984 1613 1228 1662 punitionem
1256 1612 1394 1664 magis,
1411 1609 1526 1662 quam
1548 1611 1698 1653 hostem
1718 1625 1875 1655 metue-

7 1686 9 1690 *
59 1681 145 1710 rent
166 1700 178 1720 ,
197 1672 447 1721 (manentque
463 1671 501 1709 in
518 1670 654 1722 proelio
685 1667 886 1720 gloriosam
907 1679 1075 1709 mortem
1096 1680 1308 1721 oppetere,
1344 1669 1460 1720 quam
1479 1671 1638 1710 honoris
1656 1673 1791 1723 postea
1808 1685 1876 1716 aut

54 1731 146 1769 vitae
161 1728 291 1769 facere
304 1728 488 1781 jacturam
507 1740 598 1767 cum
620 1729 827 1780 ignominia
860 1738 1063 1779 perpetua.
1133 1727 1271 1768 Nemo
1302 1727 1379 1768 istis
1412 1730 1652 1782 temporibus
1680 1732 1784 1786 signa
1808 1734 1873 1776 sua

55 1791 159 1842 turpi
180 1788 272 1842 fuga
292 1788 459 1828 audebat
482 1787 655 1827 deserere
676 1816 689 1835 ,
718 1787 807 1838 quia
840 1798 1030 1838 nusquam
1061 1789 1100 1826 in
1136 1788 1304 1839 Imperio
1337 1789 1490 1828 securus
1529 1790 1669 1842 degere
1697 1802 1869 1843 poterat.

54 1848 149 1890 Hoc
163 1848 297 1889 nostro
321 1858 501 1900 tempore
514 1848 653 1887 milites
675 1845 828 1896 fugitivi
848 1857 927 1884 non
942 1845 1064 1885 solum
1082 1858 1161 1884 non
1187 1849 1397 1897 puniuntur
1419 1849 1466 1886 ad
1482 1852 1627 1899 patrios
1638 1851 1780 1893 reversi
1796 1854 1874 1894 Las

54 1920 143 1957 res,
172 1906 239 1948 sed
256 1919 395 1959 pugnae
412 1907 528 1944 etiam
552 1904 590 1943 se
612 1902 895 1952 subducentes,
925 1902 1078 1942 Milano
1099 1902 1313 1956 Neapolim
1331 1907 1501 1956 abeunt,
1532 1908 1570 1947 &
1599 1917 1779 1961 tanquam
1800 1914 1870 1955 sub

54 1970 128 2008 alio
149 1968 326 2017 Principe
346 1963 537 2006 haetenus
561 1960 780 2002 meruissent
805 1959 1014 2013 stipendia,
1042 1975 1131 2002 cum
1152 1964 1283 2018 insigni
1315 1967 1457 2006 damno
1478 1975 1557 2007 tam
1589 1968 1866 2021 obsequiorum

51 2028 124 2067 suae
141 2023 352 2078 MaJestatis
369 2053 383 2073 ‚
412 2021 527 2075 quam
547 2020 738 2062 fastorum
760 2021 976 2074 sumptuum
991 2052 1003 2073 ,
1032 2024 1069 2063 in
1094 2024 1213 2077 Regis
1236 2026 1407 2066 militiam
1430 2025 1561 2067 denuo
1587 2028 1866 2076 adscribuntur.

52 2087 142 2140 Qua
168 2087 207 2125 in
229 2097 271 2125 re
296 2083 611 2137 Vice—Regibus,
647 2080 812 2131 vellem,
837 2092 925 2123 ante
944 2085 1082 2123 oculos
1099 2084 1343 2136 propositum
1365 2085 1457 2127 esset
1481 2090 1702 2140 exemplum
1721 2091 1867 2133 Roma-

51 2148 92 2186 ni
117 2146 278 2185 Senatus
299 2175 311 2194 ,
343 2145 407 2197 qui
429 2143 579 2184 tametsi
601 2141 689 2195 post
707 2143 882 2194 proelium
921 2142 1119 2184 Cannense
1143 2146 1207 2183 vel
1223 2146 1389 2186 maxime
1418 2157 1548 2198 egeret
1564 2150 1686 2200 copiis
1701 2180 1712 2199 ,
1732 2152 1866 2195 induci

53 2215 183 2246 tamen
202 2217 397 2258 nunquam
419 2205 577 2257 potuit,
606 2212 650 2242 ut
666 2202 732 2243 sex
751 2201 813 2242 illa
829 2203 1096 2244 Romanorum
1114 2206 1227 2244 millia
1246 2235 1258 2254 ,
1281 2218 1366 2257 quae
1392 2205 1584 2247 Hannibal
1616 2209 1825 2252 offerrebat
1847 2243 1862 2264 ,

53 2267 280 2314 redimeret,
311 2276 445 2318 parurn
466 2265 508 2304 iis
526 2262 770 2303 tribuendum
783 2273 907 2313 ratus,
939 2265 1003 2316 qui
1025 2264 1053 2305 fi
1069 2263 1268 2319 gloriosam
1291 2276 1458 2307 mortem
1479 2267 1684 2310 voluiffent
1703 2282 1862 2314 occum-

53 2325 264 2376 bere,non
283 2338 370 2365 cum
391 2324 544 2364 infamia
572 2324 655 2375 capi
686 2322 723 2363 se
744 2322 1004 2375 permisissent.

206 2385 240 2437 ς,
270 2385 403 2425 Errata
423 2384 581 2424 Ducum
600 2395 668 2435 per
684 2385 934 2437 ignorantiam
958 2382 1151 2425 commissa
1170 2384 1425 2426 dislimulanda
1445 2385 1531 2426 sunt
1556 2389 1708 2440 potius,
1741 2388 1858 2441 quam

54 2445 326 2496 punienda,ne
344 2457 466 2497 poenae
481 2453 544 2483 aut
564 2443 867 2495 reprehensionis
884 2454 1010 2484 metus
1033 2457 1102 2485 eos
1120 2445 1255 2485 reddat
1273 2445 1496 2487 timidiores.
1555 2448 1732 2497 Accedit,
1751 2450 1861 2501 quod

55 2502 206 2555 insignis
229 2506 342 2544 etiam
360 2503 562 2556 prudentia
580 2505 618 2542 in
635 2503 780 2544 casibus
802 2503 946 2545 bellicis
965 2504 1047 2545 falli.
1063 2505 1296 2558 quandoque
1309 2506 1425 2546 soleat
1447 2519 1459 2553 ;
1489 2507 1590 2546 unde
1602 2507 1860 2551 misericordia

56 2563 160 2616 digni
174 2563 258 2603 sunt
273 2566 388 2617 magis
405 2595 416 2613 ,
449 2563 562 2616 quarn
582 2563 837 2616 castigatione.
899 2565 1027 2605 Varro
1045 2565 1093 2606 ad
1116 2565 1266 2606 Cannas
1283 2565 1407 2606 vidtus
1422 2565 1546 2607 fuerat
1561 2568 1857 2620 proelio,&Ro-

53 2635 155 2663 mam
170 2622 346 2663 redeunti
369 2623 530 2664 Senatus
550 2624 703 2665 obviam
736 2625 934 2677 proceffit,
963 2627 1099 2680 gratias
1125 2626 1276 2666 atsturus
1291 2654 1304 2675 ,
1335 2625 1441 2679 quod
1462 2627 1500 2667 in
1526 2636 1629 2668 tanta
1647 2627 1756 2669 clade
1773 2642 1857 2672 non

52 2685 206 2736 penitus
231 2695 312 2722 rem
330 2695 484 2724 omnem
502 2683 736 2736 desperasset.

208 2742 245 2794 §.
277 2742 315 2782 Si
335 2745 489 2794 quando
510 2743 730 2786 dissimulare
753 2758 833 2786 non
853 2743 944 2785 licet
960 2775 972 2794 ‚
1002 2744 1067 2786 sed
1092 2748 1253 2786 omnino
1279 2743 1494 2786 exercenda
1516 2744 1682 2798 justitia,
1724 2747 1857 2792 animo

51 2813 239 2855 prompto
257 2802 296 2842 id
314 2801 379 2842 fiat
393 2803 430 2843 &
449 2803 552 2844 forti.
613 2804 692 2858 Qui
708 2807 746 2846 in
763 2807 920 2847 occulto
938 2817 1022 2846 eam
1048 2808 1269 2858 exequitur,
1288 2803 1432 2846 Sicario
1457 2805 1610 2846 similior
1628 2806 1684 2847 est
1696 2838 1707 2856 ,
1739 2808 1857 2860 quam

51 2861 232 2916 Principi.
294 2862 375 2916 Qui
400 2863 501 2904 suam
521 2864 601 2916 ipse
624 2864 887 2907 austoritatem
906 2896 918 2915 ,
942 2878 1056 2919 quam
1081 2867 1199 2907 habet
1225 2865 1246 2906 a
1264 2864 1444 2916 Corona,
1476 2865 1593 2908 aretat
1614 2867 1652 2909 &
1672 2867 1854 2910 constrin-

54 2923 128 2974 git,
161 2934 227 2963 aut
243 2922 293 2963 de
322 2922 512 2975 potestate
525 2924 607 2974 sua,
636 2937 699 2967 aut
714 2926 785 2967 suis
809 2928 953 2967 meritis
975 2927 1136 2968 dubitat.
1194 2926 1230 2966 E
1255 2925 1486 2976 diffidentia,
1515 2938 1590 2979 qua
1606 2927 1787 2981 Princeps
1807 2929 1853 2968 fi-

53 2981 93 3020 bi
105 2983 184 3034 ipse
211 2985 249 3024 in
268 2983 417 3036 agendo
438 2983 592 3034 diffidit,
622 2989 862 3039 contemptio
888 2987 1048 3028 nascitur
1077 2986 1181 3039 apud
1204 2983 1417 3040 populum,
1445 2987 1550 3039 cujus
1571 2990 1655 3029 talis
1687 2987 1770 3029 fere
1794 2985 1851 3028 est

56 3043 189 3093 opinio
216 3044 244 3097 s
257 3054 300 3084 ut
320 3042 408 3083 alibi
431 3041 625 3102 diximus)
646 3048 793 3098 qualem
815 3049 996 3099 Princeps
1020 3047 1069 3088 de
1083 3047 1215 3100 seipse
1237 3048 1423 3100 concipit.
1482 3045 1652 3089 Perdidit
1668 3045 1854 3089 existima·

927 3106 961 3147 Z
979 3121 1006 3149 2
1703 3106 1850 3149 tionem

17 3151 21 3232 l

20 3234 21 3245 s
57 3211 138 3267 (a),
148 3213 349 3251 Cavendum
361 3214 408 3267 est
422 3243 431 3256 ‚
456 3229 498 3252 ne
520 3216 643 3252 iisdem
660 3215 702 3251 de
717 3215 824 3265 causis
842 3215 1140 3269 aliipleli‘antum
1165 3216 1283 3254 aliine
1295 3221 1505 3273 appeamtur
1519 3215 1669 3269 quidem.
1719 3217 1851 3257 Cic.de

18 3293 23 3356 ι
61 3263 172 3301 Offic.
193 3265 258 3311 (b)
276 3268 457 3305 Mar-,hist
476 3268 576 3318 Hisp.
590 3269 613 3304 l.
643 3280 701 3313 15.
720 3280 752 3303 c.
770 3281 807 3313 9.
844 3271 904 3316 (c)
920 3271 1080 3308 InProh.
1097 3280 1140 3307 tt-⁸
1160 3277 1222 3312 28.
1243 3284 1278 3320 p.
1294 3286 1329 3309 2.
