2132 3730
259 255 345 293 114
692 232 1039 275 DJDACJ
1092 233 1623 277 SAAVEDRAE

267 297 1544 314 .—.———————--———-·—‘—-———-—‘-——·-——-—-———————-—

255 326 356 365 enirn
378 323 432 362 est
448 352 460 369 ‚
492 333 575 370 quae
598 317 830 367 representat
847 347 857 364 ‚
886 328 965 355 non
993 326 1149 354 exercet
1166 316 1420 368 Majestatem.
1482 317 1540 357 Os
1561 319 1700 366 habet,
1725 320 1761 360 &
1779 332 1858 358 non
1876 319 2056 370 loquitur:

254 384 391 424 oculos
412 381 539 424 habet,
559 376 595 415 δε
615 387 736 424 aures,
754 375 790 414 &
804 387 930 427 neque
954 375 1060 414 videt
1072 386 1199 425 neque
1213 375 1281 431 (a)
1295 377 1573 429 auditcumque
1590 379 1715 429 paffim
1729 392 1800 431 pro
1814 380 1920 418 idolo
1935 376 2061 418 cultus

253 445 374 484 solum
405 439 607 485 habeatur,
639 448 717 474 non
739 436 843 486 quod
865 436 1014 475 efficere
1039 435 1241 485 quicquam
1264 438 1393 487 poilit,
1427 446 1607 488 tanquam
1638 441 1778 478 telluris
1806 440 1938 478 inutile
1962 449 2062 489 pon-

252 503 324 542 dus
343 531 354 548 ,
387 499 432 537 ab
460 496 637 534 omnibus
661 494 733 548 (b)
755 496 956 547 despicitur
975 525 986 542 ,
1015 505 1142 545 neque
1165 495 1241 534 hoc
1259 495 1439 536 damnum
1461 496 1574 536 facile
1596 497 1747 538 sarciet:
1775 500 1928 550 negotia
1945 499 2063 544 enim,

253 562 278 601 e
293 561 428 611 quibus
448 555 514 594 usu
537 566 651 606 atque
667 557 943 595 exercitatione
966 555 1240 606 experientiam
1254 557 1415 607 aliquam
1435 557 1584 596 haurire
1603 567 1779 609 poterat,
1793 556 2064 610 praeterlabun-

252 629 313 660 tur
332 619 425 657 sicut
442 627 548 667 aquae
572 645 584 663 ‚
609 627 692 667 quae
713 627 908 666 nunquam
928 624 1202 661 revertuntur3
1234 626 1349 665 quare
1379 615 1468 656 cum
1494 617 1572 668 ipse
1602 619 1752 669 ignoret
1773 630 1786 666 ,¹
1816 618 1918 657 unde
1945 627 2064 668 nego-

251 681 392 719 tiorum
413 677 488 715 tela
511 676 690 714 inchoata
710 674 754 714 fit
770 706 781 723 ‚
803 674 907 714 recte
929 687 1012 714 eam
1030 684 1234 726 pertexere
1257 686 1448 726 nunquam
1459 678 1615 727 poterit.

405 735 440 787 §.
477 734 537 775 Ad
558 736 639 774 haec
661 736 791 786 itaque
809 735 846 774 δι
867 736 938 773 alia
961 734 1097 773 damna
1119 733 1299 773 evitanda
1321 765 1332 782 ‚
1363 738 1520 787 expedit
1546 738 1705 776 omnino
1725 765 1738 785 ‚
1767 746 1809 775 ut
1827 736 2009 788 Princeps
2020 734 2065 774 fl-

247 797 332 838 mul
353 806 468 847 atque
492 795 788 846 Rempublicam
806 795 982 846 capessit,
1015 796 1180 833 animum
1210 794 1317 833 suum
1334 794 1381 833 ad
1395 798 1546 847 nagotia
1568 797 1722 849 publica
1741 798 1908 848 applicet
1926 825 1939 844 ,
1969 804 2011 834 ut
2021 807 2065 833 u-

250 857 292 898 su
320 856 501 907 paulatim
518 863 638 893 artem
661 853 760 893 bene
770 854 1006 904 gubernandi
1023 854 1217 893 condiscat
1243 868 1251 892 ε
1282 854 1350 894 etsi
1368 856 1470 894 enim
1489 858 1549 895 illa
1573 859 1682 896 initio
1711 855 1815 896 mole
1837 854 1899 896 sua
1925 853 2065 894 abster-
2126 886 2129 889 .

250 928 358 957 reant
379 916 622 966 Principem3
656 915 815 952 ambitio
836 925 963 952 tamen
988 943 999 962 ‚
1032 914 1068 953 &
1090 913 1209 966 gloria
1227 944 1238 962 ‚
1271 925 1355 965 quae
1373 913 1462 953 inde
1481 915 1616 967 sperari
1636 915 1764 968 potest
1785 946 1798 964 ‚
1830 916 1975 955 faciunt
1991 925 2066 965 po-

250 976 329 1016 stea
349 1006 361 1023 ,
396 984 438 1013 ut
458 982 687 1025 appetantur
714 974 852 1021 etiam,
876 973 913 1012 &
932 983 1115 1013 amentur.
1193 973 1290 1013 Non
1322 975 1426 1014 illum
1452 985 1578 1013 arceat
1605 976 1753 1014 errandi
1784 986 1909 1015 metus
1928 1006 1939 1024 ‚
1979 975 2068 1025 quia
2128 1003 2132 1009 .

253 1037 355 1077 nulla
378 1044 481 1072 tanta
499 1032 553 1072 est
573 1031 795 1084 prudentia,
818 1045 901 1085 quae
923 1046 1001 1072 non
1018 1032 1250 1085 quandoque
1264 1033 1479 1086 fallipoffit.
1561 1033 1623 1073 Ex
1653 1036 1843 1074 erroribus
1867 1035 2069 1086 experien-

251 1097 305 1135 tia
321 1093 482 1134 nascitur
501 1106 513 1140 ς
546 1104 594 1131 ex
613 1093 684 1131 hac
703 1093 799 1132 verb
826 1095 981 1145 optimae
999 1094 1209 1144 imperandi
1225 1096 1374 1143 regulae.
1436 1093 1488 1133 Et
1505 1093 1531 1133 fi
1561 1092 1665 1133 forte
1693 1106 1780 1133 eum
1798 1106 1921 1133 errare
1945 1094 2068 1132 conti-

231 1186 233 1193 s
253 1155 374 1208 gerit,
403 1151 495 1192 illud
516 1151 650 1191 solatio
674 1152 719 1192 sit
744 1183 756 1201 ‚
786 1154 910 1191 minus
930 1153 1120 1191 interdurn
1146 1153 1221 1193 effe
1244 1155 1424 1204 periculi,
1455 1154 1574 1205 ipsum
1586 1153 1662 1193 falli
1688 1155 1920 1205 Principem,
1951 1151 2068 1203 quam

254 1214 283 1254 sl
300 1226 380 1253 rem
401 1214 548 1264 optime
578 1222 682 1263 gerat
701 1225 771 1265 per
790 1214 913 1252 alium.
976 1212 1068 1251 Hoc
1081 1224 1247 1264 namque
1271 1215 1465 1252 calumniis
1490 1214 1726 1261 obnoxium3
1757 1214 1849 1252 illud
1871 1211 2070 1252 verofaci-

254 1276 326 1314 lius
354 1274 491 1312 tolerat
522 1272 701 1323 Populus.
764 1271 960 1324 Obligatio
988 1272 1170 1323 Principis
1193 1275 1228 1312 in
1247 1285 1295 1312 eo
1319 1275 1438 1313 solum
1459 1272 1644 1321 consistit,
1675 1283 1719 1312 ut
1739 1273 1851 1323 quam
1870 1269 2069 1312 rettiffime

253 1335 349 1373 velit
369 1344 480 1384 agere
500 1333 628 1371 omnia
643 1361 655 1380 ‚
673 1342 788 1383 atque
807 1335 844 1370 in
869 1332 908 1371 id
930 1344 1083 1371 omnem
1102 1335 1203 1371 suam
1220 1332 1396 1371 conferat
1414 1345 1592 1384 operam,
1623 1332 1909 1372 instructionem
1935 1332 2071 1371 admit-

254 1392 445 1440 tendm&
466 1391 662 1431 consilium
678 1422 689 1439 ‚
720 1393 799 1430 sine
818 1394 1027 1442 arrogantia
1044 1390 1235 1430 &fiducia
1253 1393 1304 1430 sui
1326 1393 1461 1438 nimia:
1482 1392 1563 1431 haec
1591 1394 1692 1431 enim
1711 1393 1931 1443 ignorantiae
1956 1391 1991 1430 &
2012 1403 2070 1430 er-

253 1465 385 1493 rorum
404 1461 523 1491 mater
538 1450 604 1494 est.
664 1452 839 1490 Potentia
858 1451 932 1489 una
949 1463 1035 1490 cum
1058 1451 1293 1503 Principibus
1313 1453 1474 1490 nascitur
1488 1481 1500 1500 ,
1531 1464 1608 1490 non
1626 1452 1818 1502 sapientia,
1878 1451 1916 1490 Si
1937 1450 2070 1490 audire

254 1513 450 1553 voluerint
472 1541 484 1561 ‚
516 1509 621 1550 recte
643 1512 853 1562 gubernare
875 1511 1006 1552 scient.
1066 1510 1172 1551 Cum
1201 1510 1384 1550 Salomon
1409 1510 1508 1550 suam
1531 1510 1752 1563 agnosceret
1776 1509 1972 1550 infantiam
1995 1521 2069 1561 pro

255 1570 506 1626 gudernando
531 1570 607 1608 Dei
628 1573 776 1621 populo
795 1599 806 1615 .,
838 1572 948 1621 petiit
967 1569 985 1607 a
1002 1569 1093 1607 Deo
1109 1583 1177 1610 cor
1194 1570 1261 1624 (c)
1278 1570 1425 1610 docile:
1454 1571 1532 1610 hoc
1545 1572 1644 1610 enim
1665 1571 1788 1610 solum
1815 1570 1981 1609 sufficere
1998 1564 2070 1620 pu'-

256 1633 362 1671 tabat
386 1661 397 1678 ‚
429 1639 472 1669 ut
496 1628 600 1668 redte
619 1629 684 1667 suo
711 1628 932 1680 fungeretur
960 1629 1101 1667 officio.
1162 1631 1376 1681 Principem
1397 1631 1586 1679 zelosum,
1617 1630 1656 1670 &
1672 1631 1735 1681 qui
1752 1629 1953 1669 honestum
1976 1629 2070 1667 scm-
2128 1667 2132 1678 ,¹

255 1703 327 1744 per
349 1703 425 1741 prae
452 1690 572 1726 oculis
591 1688 707 1727 habet
720 1718 732 1737 ,
762 1688 873 1727 Deus
891 1687 993 1740 quasi
1012 1700 1127 1727 manu
1141 1688 1267 1738 ducit,
1297 1701 1346 1729 ne
1363 1689 1507 1741 uspiam
1527 1691 1566 1729 in
1577 1689 1740 1730 statuum
1765 1689 1916 1730 suorum
1932 1688 2071 1742 guber-

255 1753 414 1792 natione
437 1747 623 1788 offendat.

602 1913 1394 2022 SYMBOLUM
1475 1915 1708 1981 XXIX.

358 2078 537 2117 lseatores
555 2075 591 2114 in
609 2073 724 2112 insula
740 2072 859 2119 Chio,
892 2069 977 2110 curn
1001 2071 1105 2122 jad-“tis
1127 2069 1331 2123 aliquando
1365 2074 1400 2112 in
1426 2084 1532 2111 mare
1553 2075 1697 2112 retibus
1723 2072 1842 2124 pisces
1869 2072 1904 2110 se
1938 2077 2072 2120 captu-²

261 2073 353 2213 Ρ
382 2149 446 2176 ros
468 2134 685 2178 crederent,
718 2131 909 2183 tripodem
927 2129 1145 2180 extraxere,
1177 2133 1282 2183 quod
1306 2145 1372 2170 vas
1389 2132 1583 2182 quoddam
1618 2143 1696 2171 erat
1736 2131 1921 2172 sacrificiis
1960 2129 2071 2168 desti·
2127 2170 2132 2178 „

382 2206 515 2236 natum
529 2225 540 2242 ‚
571 2202 634 2232 aut
656 2192 682 2245 ζ
695 2202 736 2231 ut
759 2194 895 2230 volunt
916 2192 1011 2245 alii)
1027 2193 1151 2232 mensa
1169 2194 1283 2243 tripes
1305 2191 1492 2237 rotunda;
1524 2204 1621 2243 opus
1646 2191 1906 2231 admirandum
1928 2189 2071 2241 magni·
2123 2180 2132 2210 ’-

263 2270 339 2309 que
357 2257 494 2308 pretii,
525 2266 605 2294 non
627 2262 702 2292 tam
729 2253 781 2291 ob
813 2252 1033 2301 materiam,
1063 2253 1236 2303 quamvis
1256 2263 1303 2290 ex
1318 2264 1412 2290 auro
1432 2250 1542 2299 esset,
1574 2251 1635 2290 sed
1666 2253 1718 2290 ob
1745 2252 1960 2290 Vulcanum
1981 2250 2071 2288 arti·

261 2318 389 2359 ficem.
449 2315 584 2353 Crevit
609 2315 645 2352 in
664 2312 819 2358 iisdem,
852 2312 887 2351 &
905 2313 981 2350 aliis
1004 2312 1168 2363 eJusdesn
1189 2312 1312 2350 insulae
1335 2312 1582 2350 Piscator-ibus
1613 2311 1800 2363 cupiditas
1815 2339 1828 2359 ,
1860 2310 1896 2349 &
1921 2308 1985 2360 spe
2003 2319 2073 2347 va·

262 2390 310 2418 na
331 2376 490 2415 inaniter
508 2373 625 2412 delusi
644 2372 784 2411 iteratis
802 2370 900 2423 saepe
919 2373 1066 2411 vicibus
1088 2375 1180 2412 retia
1201 2373 1259 2410 sua
1277 2373 1314 2410 in
1341 2370 1578 2422 prpfundum
1598 2367 1797 2411 demisere.
1855 2368 1896 2408 O
1916 2369 2071 2419 quoties

264 2435 435 2489 prosperi
465 2434 646 2484 Principis
667 2433 777 2471 unius
805 2431 991 2471 successus
1017 2433 1142 2472 eidem
1162 2431 1230 2484 ipsi
1254 2432 1291 2470 &
1306 2432 1383 2470 aliis
1400 2429 1522 2470 fraudi
1546 2430 1722 2480 fuerunt,
1737 2429 1827 2469 dum
1855 2428 1990 2469 mediis
2007 2429 2071 2466 iis-

266 2497 354 2536 dem
383 2494 541 2533 similem
567 2495 728 2543 aliquam
761 2491 923 2530 nancisci
948 2491 1152 2533 Fortunam
1185 2493 1310 2530 conati
1336 2488 1442 2533 sunt!
1473 2491 1571 2531 Non
1597 2490 1649 2530 est
1674 2492 1725 2530 ita
1757 2489 1894 2539 facile,
1924 2489 2073 2527 alienos

265 2556 368 2607 sequi
400 2552 522 2606 paffus
541 2583 552 2600 ,
584 2563 648 2591 aut
667 2553 835 2603 relegere
851 2554 1052 2603 proprios,
1082 2564 1124 2592 ut
1153 2552 1286 2591 eadem
1313 2553 1460 2602 semper
1481 2551 1696 2591 examuffim
1717 2562 1866 2603 premas
1900 2546 2070 2599 vestigia.

264 2616 457 2668 Exiguum
480 2614 665 2665 temporis
685 2613 850 2663 spacium
870 2621 930 2651 tot
951 2622 1160 2652 eventuum
1176 2614 1360 2651 varietate
1375 2613 1503 2661 priora
1525 2611 1705 2660 obducit,
1736 2611 1774 2651 &
1797 2622 1880 2661 quae
1899 2607 1945 2648 de
1960 2617 2073 2646 novo

266 2676 552 2726 imprimuntur,
582 2673 727 2712 diversa
748 2672 854 2719 sunt,
885 2671 1061 2723 adeoque
1085 2684 1163 2712 non
1193 2672 1355 2711 eundem
1381 2671 1529 2714 'habent
1556 2673 1716 2714 exitum.
1775 2668 1928 2710 Multos
1955 2677 2071 2704 aemu·
2117 2692 2118 2695 =

265 2737 324 2775 los
354 2745 468 2785 atque
490 2734 699 2772 imitatores
731 2732 897 2771 habebat
924 2730 1142 2773 Alexander
1179 2731 1370 2783 Magnus,
1401 2736 1464 2783 qui
1494 2731 1584 2772 licet
1605 2731 1760 2771 Virtute
1790 2740 1870 2769 tum
1892 2727 2070 2776 corporis

269 2804 350 2833 tum
375 2795 487 2833 animi
501 2793 594 2833 nihil
626 2795 675 2833 illi
705 2792 907 2840 cederent,
936 2804 1130 2843 nunquam
1153 2803 1279 2832 tamen
1307 2803 1382 2831 tam
1410 2795 1637 2832 cumulatam
1661 2792 1817 2844 gloriam
1848 2788 1884 2826 &
1910 2784 2070 2824 felicita-

268 2862 348 2892 tem
366 2862 578 2904 potuerunt
608 2852 778 2904 adipisci,
811 2861 874 2891 aut
892 2852 997 2892 certe
1021 2864 1168 2893 tantum
1189 2851 1357 2903 plausum
1384 2864 1462 2891 non
1487 2855 1654 2892 tulerunt
1728 2850 1768 2889 In
1789 2846 1912 2887 nostra
1930 2843 1982 2884 est
1999 2856 2070 2896 po-

269 2912 424 2962 testate,
455 2914 580 2953 bonos
604 2912 702 2960 effe3
732 2924 812 2952 non
842 2914 958 2963 item,
985 2914 1080 2953 tales
1108 2912 1229 2953 videri
1244 2912 1333 2951 aliis.
1392 2912 1517 2953 Etiam
1546 2914 1585 2953 in
1616 2911 1730 2952 rebus
1750 2908 1871 2948 Famae
1899 2903 2068 3003 &pruina

1974 2977 1997 3003 u
2028 2973 2068 3013 it,

530 3049 1807 3061 &ww—Qus„

375 3086 432 3130 (a)
454 3087 500 3119 Os
521 3085 612 3119 enim
626 3082 754 3120 hahent
766 3114 775 3129 ,
791 3083 836 3126 όν
854 3099 920 3121 non
932 3085 1116 3137 loquentur
1137 3098 1149 3120 .·
1174 3083 1279 3118 oculos
1298 3081 1427 3120 habam
1444 3111 1452 3124 ,
1480 3082 1526 3126 dv
1549 3096 1614 3118 non
1642 3077 1814 3116 videbam
1835 3095 1846 3116 .·
1872 3091 1974 3115 aures
2007 3075 2074 3113 ha—

270 3132 352 3172 bem
368 3162 376 3176 ,
403 3133 448 3177 (ῤ’
466 3149 532 3171 non
548 3134 707 3172 audient.
735 3138 957 3184 Psalm.113.
991 3149 1023 3181 ς.
1079 3137 1139 3181 (b)
1165 3133 1270 3171 Nihil
1280 3134 1325 3183 es}
1344 3135 1472 3172 idolum
1489 3137 1527 3171 in
1554 3131 1689 3171 mando.
1725 3144 1754 3167 r.
1776 3133 1862 3168 Cor.
1880 3138 1958 3178 8.4.
2011 3131 2069 3176 (c)
2124 3126 2126 3160 ἶ

271 3184 383 3282 Ξαῗς
399 3201 477 3239 ergo
490 3186 596 3233 firvo
617 3197 675 3222 mo
690 3202 744 3223 cor
759 3189 863 3226 docile
877 3217 887 3231 ‚
911 3200 955 3226 ut
976 3187 1421 3242 populumstuumjudimre
1428 3186 1543 3239 possit,
1561 3184 1607 3227 el*
1626 3182 1813 3230 dficmere
1828 3185 1923 3219 inter
1937 3182 2071 3218 malum

294 3257 298 3265 ·
358 3253 469 3277 onam.
499 3254 530 3286 3.
552 3242 643 3288 Reg.
668 3253 698 3284 3.
711 3253 746 3283 9.
