<?xml version="1.0" encoding="UTF-8"?>
<!DOCTYPE html PUBLIC "-//W3C//DTD XHTML 1.0 Transitional//EN"
    "http://www.w3.org/TR/xhtml1/DTD/xhtml1-transitional.dtd">
<html xmlns="http://www.w3.org/1999/xhtml" xml:lang="en" lang="en">
 <head>
  <title>
</title>
<meta http-equiv="Content-Type" content="text/html;charset=utf-8" />
  <meta name='ocr-system' content='tesseract 3.04.00' />
  <meta name='ocr-capabilities' content='ocr_page ocr_carea ocr_par ocr_line ocrx_word'/>
</head>
<body>
  <div class='ocr_page' id='page_1' title='image "./didacisaavedraef00saav_0041.png"; bbox 0 0 2132 3730; ppageno 0'>
   <div class='ocr_carea' id='block_1_1' title="bbox 438 197 1835 263">
    <p class='ocr_par' dir='ltr' id='par_1_1' title="bbox 438 197 1835 263">
     <span class='ocr_line' id='line_1_1' title="bbox 438 197 1835 263; baseline -0.004 -21"><span class='ocrx_word' id='word_1_1' title='bbox 438 197 1422 263; x_wconf 58' lang='lat' dir='ltr'><em>SYMBOLAPOLITICA.</em></span> <span class='ocrx_word' id='word_1_2' title='bbox 1787 210 1835 237; x_wconf 81' lang='lat'>21</span> 
     </span>
    </p>
   </div>
   <div class='ocr_carea' id='block_1_2' title="bbox 38 264 1846 458">
    <p class='ocr_par' dir='ltr' id='par_1_2' title="bbox 38 264 1846 458">
     <span class='ocr_line' id='line_1_2' title="bbox 43 264 1846 339; baseline -0.004 -11"><span class='ocrx_word' id='word_1_3' title='bbox 43 288 225 329; x_wconf 87' lang='lat' dir='ltr'>diocriter</span> <span class='ocrx_word' id='word_1_4' title='bbox 241 285 377 325; x_wconf 90' lang='lat' dir='ltr'>versati</span> <span class='ocrx_word' id='word_1_5' title='bbox 391 285 477 324; x_wconf 89' lang='lat' dir='ltr'>sunt</span> <span class='ocrx_word' id='word_1_6' title='bbox 497 285 534 324; x_wconf 70' lang='grc' dir='ltr'>δε</span> <span class='ocrx_word' id='word_1_7' title='bbox 549 285 765 325; x_wconf 83' lang='lat' dir='ltr'>exercitati:</span> <span class='ocrx_word' id='word_1_8' title='bbox 789 282 938 323; x_wconf 86' lang='lat' dir='ltr'>istarum</span> <span class='ocrx_word' id='word_1_9' title='bbox 961 280 1031 339; x_wconf 76' lang='lat' dir='ltr'>(a)</span> <span class='ocrx_word' id='word_1_10' title='bbox 1047 284 1147 322; x_wconf 88' lang='lat' dir='ltr'>enim</span> <span class='ocrx_word' id='word_1_11' title='bbox 1164 293 1290 321; x_wconf 87' lang='lat' dir='ltr'>rerum</span> <span class='ocrx_word' id='word_1_12' title='bbox 1311 281 1449 320; x_wconf 86' lang='lat' dir='ltr'>notitia</span> <span class='ocrx_word' id='word_1_13' title='bbox 1467 281 1544 320; x_wconf 91' lang='lat' dir='ltr'>hoc</span> <span class='ocrx_word' id='word_1_14' title='bbox 1559 278 1732 332; x_wconf 81' lang='lat' dir='ltr'>praesenti</span> <span class='ocrx_word' id='word_1_15' title='bbox 1751 264 1846 320; x_wconf 65' lang='lat' dir='ltr'>tenir</span> 
     </span>
     <span class='ocr_line' id='line_1_3' title="bbox 38 340 1433 401; baseline -0.005 -14"><span class='ocrx_word' id='word_1_16' title='bbox 38 361 141 401; x_wconf 51' lang='lat' dir='ltr'>¹pore</span> <span class='ocrx_word' id='word_1_17' title='bbox 156 346 271 398; x_wconf 85' lang='lat' dir='ltr'>magis</span> <span class='ocrx_word' id='word_1_18' title='bbox 286 346 386 385; x_wconf 90' lang='lat' dir='ltr'>utilis</span> <span class='ocrx_word' id='word_1_19' title='bbox 403 343 476 393; x_wconf 87' lang='lat' dir='ltr'>est,</span> <span class='ocrx_word' id='word_1_20' title='bbox 493 344 694 385; x_wconf 82' lang='lat' dir='ltr'>addiscitur</span> <span class='ocrx_word' id='word_1_21' title='bbox 712 341 879 393; x_wconf 79' lang='lat' dir='ltr'>facilius,</span> <span class='ocrx_word' id='word_1_22' title='bbox 906 343 943 383; x_wconf 87' lang='lat'>&amp;</span> <span class='ocrx_word' id='word_1_23' title='bbox 967 342 1091 383; x_wconf 81' lang='lat' dir='ltr'>minus</span> <span class='ocrx_word' id='word_1_24' title='bbox 1107 342 1273 381; x_wconf 85' lang='lat' dir='ltr'>animum</span> <span class='ocrx_word' id='word_1_25' title='bbox 1289 340 1433 394; x_wconf 85' lang='lat' dir='ltr'>fatigat.</span> 
     </span>
     <span class='ocr_line' id='line_1_4' title="bbox 155 396 1846 458; baseline -0.005 -13"><span class='ocrx_word' id='word_1_26' title='bbox 155 406 189 458; x_wconf 82' lang='lat'>§.</span> <span class='ocrx_word' id='word_1_27' title='bbox 205 404 296 445; x_wconf 89' lang='lat' dir='ltr'>Nec</span> <span class='ocrx_word' id='word_1_28' title='bbox 316 406 466 445; x_wconf 88' lang='lat' dir='ltr'>inutiles</span> <span class='ocrx_word' id='word_1_29' title='bbox 490 407 655 458; x_wconf 90' lang='lat' dir='ltr'>cuipiam</span> <span class='ocrx_word' id='word_1_30' title='bbox 681 403 803 444; x_wconf 85' lang='lat' dir='ltr'>videri</span> <span class='ocrx_word' id='word_1_31' title='bbox 836 404 979 444; x_wconf 84' lang='lat' dir='ltr'>debent</span> <span class='ocrx_word' id='word_1_32' title='bbox 1014 402 1225 442; x_wconf 87' lang='lat' dir='ltr'>istiusmodi</span> <span class='ocrx_word' id='word_1_33' title='bbox 1248 400 1542 440; x_wconf 76' lang='lat' dir='ltr'>exercitationes</span> <span class='ocrx_word' id='word_1_34' title='bbox 1561 398 1608 439; x_wconf 91' lang='lat' dir='ltr'>ad</span> <span class='ocrx_word' id='word_1_35' title='bbox 1628 396 1734 439; x_wconf 63' lang='lat' dir='ltr'>reste</span> <span class='ocrx_word' id='word_1_36' title='bbox 1755 398 1846 438; x_wconf 85' lang='lat' dir='ltr'>edu-</span> 
     </span>
    </p>
   </div>
   <div class='ocr_carea' id='block_1_3' title="bbox 48 266 301 276">
    <p class='ocr_par' dir='ltr' id='par_1_3' title="bbox 48 266 301 276">
     <span class='ocr_line' id='line_1_5' title="bbox 48 266 301 276; baseline 0 3454"><span class='ocrx_word' id='word_1_37' title='bbox 48 266 301 276; x_wconf 95' lang='lat' dir='ltr'> </span> 
     </span>
    </p>
   </div>
   <div class='ocr_carea' id='block_1_4' title="bbox 302 265 554 273">
    <p class='ocr_par' dir='ltr' id='par_1_4' title="bbox 302 265 554 273">
     <span class='ocr_line' id='line_1_6' title="bbox 302 265 554 273; baseline 0 3457"><span class='ocrx_word' id='word_1_38' title='bbox 302 265 554 273; x_wconf 95' lang='lat' dir='ltr'> </span> 
     </span>
    </p>
   </div>
   <div class='ocr_carea' id='block_1_5' title="bbox 557 265 811 272">
    <p class='ocr_par' dir='ltr' id='par_1_5' title="bbox 557 265 811 272">
     <span class='ocr_line' id='line_1_7' title="bbox 557 265 811 272; baseline 0 3458"><span class='ocrx_word' id='word_1_39' title='bbox 557 265 811 272; x_wconf 95' lang='lat' dir='ltr'> </span> 
     </span>
    </p>
   </div>
   <div class='ocr_carea' id='block_1_6' title="bbox 813 264 1068 270">
    <p class='ocr_par' dir='ltr' id='par_1_6' title="bbox 813 264 1068 270">
     <span class='ocr_line' id='line_1_8' title="bbox 813 264 1068 270; baseline 0 0"><span class='ocrx_word' id='word_1_40' title='bbox 813 264 1068 270; x_wconf 95' lang='lat' dir='ltr'> </span> 
     </span>
    </p>
   </div>
   <div class='ocr_carea' id='block_1_7' title="bbox 1333 259 1571 268">
    <p class='ocr_par' dir='ltr' id='par_1_7' title="bbox 1333 259 1571 268">
     <span class='ocr_line' id='line_1_9' title="bbox 1333 259 1571 268; baseline 0 3462"><span class='ocrx_word' id='word_1_41' title='bbox 1333 259 1571 268; x_wconf 95' lang='lat' dir='ltr'> </span> 
     </span>
    </p>
   </div>
   <div class='ocr_carea' id='block_1_8' title="bbox 1135 264 1326 271">
    <p class='ocr_par' dir='ltr' id='par_1_8' title="bbox 1135 264 1326 271">
     <span class='ocr_line' id='line_1_10' title="bbox 1135 264 1326 271; baseline 0 3459"><span class='ocrx_word' id='word_1_42' title='bbox 1135 264 1326 271; x_wconf 95' lang='lat' dir='ltr'> </span> 
     </span>
    </p>
   </div>
   <div class='ocr_carea' id='block_1_9' title="bbox 1574 258 1815 267">
    <p class='ocr_par' dir='ltr' id='par_1_9' title="bbox 1574 258 1815 267">
     <span class='ocr_line' id='line_1_11' title="bbox 1574 258 1815 267; baseline 0 3463"><span class='ocrx_word' id='word_1_43' title='bbox 1574 258 1815 267; x_wconf 95' lang='lat' dir='ltr'> </span> 
     </span>
    </p>
   </div>
   <div class='ocr_carea' id='block_1_10' title="bbox 43 460 1863 1474">
    <p class='ocr_par' dir='ltr' id='par_1_10' title="bbox 43 460 1855 1054">
     <span class='ocr_line' id='line_1_12' title="bbox 43 460 1849 517; baseline -0.005 -11"><span class='ocrx_word' id='word_1_44' title='bbox 43 466 184 508; x_wconf 86' lang='lat' dir='ltr'>candos</span> <span class='ocrx_word' id='word_1_45' title='bbox 209 465 360 517; x_wconf 86' lang='lat' dir='ltr'>Regum</span> <span class='ocrx_word' id='word_1_46' title='bbox 379 478 422 504; x_wconf 88' lang='lat' dir='ltr'>ac</span> <span class='ocrx_word' id='word_1_47' title='bbox 444 463 660 517; x_wconf 85' lang='lat' dir='ltr'>Principum</span> <span class='ocrx_word' id='word_1_48' title='bbox 681 464 779 504; x_wconf 88' lang='lat' dir='ltr'>filios</span> <span class='ocrx_word' id='word_1_49' title='bbox 800 477 808 504; x_wconf 70' lang='grc' dir='ltr'><strong>ι</strong></span> <span class='ocrx_word' id='word_1_50' title='bbox 837 472 923 504; x_wconf 87' lang='lat' dir='ltr'>nam</span> <span class='ocrx_word' id='word_1_51' title='bbox 952 463 1186 515; x_wconf 77' lang='lat' dir='ltr'>experientia</span> <span class='ocrx_word' id='word_1_52' title='bbox 1208 462 1354 512; x_wconf 85' lang='lat' dir='ltr'>optima</span> <span class='ocrx_word' id='word_1_53' title='bbox 1382 473 1507 507; x_wconf 90' lang='lat' dir='ltr'>rerum</span> <span class='ocrx_word' id='word_1_54' title='bbox 1539 461 1710 499; x_wconf 90' lang='lat' dir='ltr'>omnium</span> <span class='ocrx_word' id='word_1_55' title='bbox 1732 460 1849 512; x_wconf 85' lang='lat' dir='ltr'>magi-</span> 
     </span>
     <span class='ocr_line' id='line_1_13' title="bbox 43 519 1851 577; baseline -0.004 -12"><span class='ocrx_word' id='word_1_56' title='bbox 43 527 113 567; x_wconf 86' lang='lat' dir='ltr'>stra</span> <span class='ocrx_word' id='word_1_57' title='bbox 136 525 218 564; x_wconf 84' lang='lat' dir='ltr'>satis·</span> <span class='ocrx_word' id='word_1_58' title='bbox 236 525 373 574; x_wconf 79' lang='lat' dir='ltr'>docet,</span> <span class='ocrx_word' id='word_1_59' title='bbox 391 527 508 564; x_wconf 86' lang='lat' dir='ltr'>multa</span> <span class='ocrx_word' id='word_1_60' title='bbox 525 526 654 577; x_wconf 87' lang='lat' dir='ltr'>suapte</span> <span class='ocrx_word' id='word_1_61' title='bbox 676 524 812 576; x_wconf 91' lang='lat' dir='ltr'>sponte</span> <span class='ocrx_word' id='word_1_62' title='bbox 837 524 1056 564; x_wconf 83' lang='lat' dir='ltr'>condiscere</span> <span class='ocrx_word' id='word_1_63' title='bbox 1081 529 1238 573; x_wconf 85' lang='lat' dir='ltr'>pueros,</span> <span class='ocrx_word' id='word_1_64' title='bbox 1270 533 1354 571; x_wconf 86' lang='lat' dir='ltr'>quae</span> <span class='ocrx_word' id='word_1_65' title='bbox 1373 519 1534 572; x_wconf 82' lang='lat' dir='ltr'>magistri</span> <span class='ocrx_word' id='word_1_66' title='bbox 1553 519 1851 559; x_wconf 88' lang='lat' dir='ltr'>istitutionenon</span> 
     </span>
     <span class='ocr_line' id='line_1_14' title="bbox 43 576 1851 630; baseline -0.005 -4"><span class='ocrx_word' id='word_1_67' title='bbox 43 586 110 626; x_wconf 84' lang='lat' dir='ltr'>nisi</span> <span class='ocrx_word' id='word_1_68' title='bbox 130 582 330 624; x_wconf 87' lang='lat' dir='ltr'>difficulter</span> <span class='ocrx_word' id='word_1_69' title='bbox 348 584 500 624; x_wconf 76' lang='lat' dir='ltr'>fuissent</span> <span class='ocrx_word' id='word_1_70' title='bbox 519 583 686 624; x_wconf 81' lang='lat' dir='ltr'>affecuti.</span> <span class='ocrx_word' id='word_1_71' title='bbox 769 583 904 624; x_wconf 76' lang='lat' dir='ltr'>Multo</span> <span class='ocrx_word' id='word_1_72' title='bbox 928 591 1024 623; x_wconf 82' lang='lat' dir='ltr'>vero</span> <span class='ocrx_word' id='word_1_73' title='bbox 1043 582 1166 622; x_wconf 79' lang='lat' dir='ltr'>minus</span> <span class='ocrx_word' id='word_1_74' title='bbox 1201 579 1391 620; x_wconf 74' lang='lat' dir='ltr'>exi-stimet</span> <span class='ocrx_word' id='word_1_75' title='bbox 1412 576 1546 630; x_wconf 84' lang='lat' dir='ltr'>aliquis</span> <span class='ocrx_word' id='word_1_76' title='bbox 1576 578 1701 618; x_wconf 85' lang='lat' dir='ltr'>media</span> <span class='ocrx_word' id='word_1_77' title='bbox 1724 578 1851 618; x_wconf 86' lang='lat' dir='ltr'>isthaec</span> 
     </span>
     <span class='ocr_line' id='line_1_15' title="bbox 44 638 1851 696; baseline -0.004 -12"><span class='ocrx_word' id='word_1_78' title='bbox 44 655 121 684; x_wconf 84' lang='lat' dir='ltr'>tam</span> <span class='ocrx_word' id='word_1_79' title='bbox 145 646 246 683; x_wconf 89' lang='lat' dir='ltr'>varia</span> <span class='ocrx_word' id='word_1_80' title='bbox 264 643 482 684; x_wconf 71' lang='lat' dir='ltr'>educationi</span> <span class='ocrx_word' id='word_1_81' title='bbox 500 643 654 684; x_wconf 88' lang='lat' dir='ltr'>officere</span> <span class='ocrx_word' id='word_1_82' title='bbox 669 643 800 696; x_wconf 77' lang='lat' dir='ltr'>potius</span> <span class='ocrx_word' id='word_1_83' title='bbox 817 669 829 692; x_wconf 84' lang='lat'>-,</span> <span class='ocrx_word' id='word_1_84' title='bbox 860 651 974 695; x_wconf 85' lang='lat' dir='ltr'>quam</span> <span class='ocrx_word' id='word_1_85' title='bbox 1000 638 1190 694; x_wconf 79' lang='lat' dir='ltr'>prodesse.</span> <span class='ocrx_word' id='word_1_86' title='bbox 1287 639 1326 678; x_wconf 91' lang='lat' dir='ltr'>Si</span> <span class='ocrx_word' id='word_1_87' title='bbox 1348 638 1395 678; x_wconf 80' lang='lat' dir='ltr'>ad</span> <span class='ocrx_word' id='word_1_88' title='bbox 1420 638 1653 678; x_wconf 87' lang='lat' dir='ltr'>domandum</span> <span class='ocrx_word' id='word_1_89' title='bbox 1677 639 1714 678; x_wconf 87' lang='lat'>&amp;</span> <span class='ocrx_word' id='word_1_90' title='bbox 1732 640 1851 678; x_wconf 85' lang='lat' dir='ltr'>corri-</span> 
     </span>
     <span class='ocr_line' id='line_1_16' title="bbox 43 696 1851 757; baseline -0.004 -14"><span class='ocrx_word' id='word_1_91' title='bbox 43 703 209 757; x_wconf 81' lang='lat' dir='ltr'>gendum</span> <span class='ocrx_word' id='word_1_92' title='bbox 228 713 369 755; x_wconf 83' lang='lat' dir='ltr'>equum</span> <span class='ocrx_word' id='word_1_93' title='bbox 385 730 396 752; x_wconf 75' lang='lat'><em>‚</em></span> <span class='ocrx_word' id='word_1_94' title='bbox 453 712 557 743; x_wconf 87' lang='lat' dir='ltr'>nunc</span> <span class='ocrx_word' id='word_1_95' title='bbox 574 703 697 743; x_wconf 85' lang='lat' dir='ltr'>froeno</span> <span class='ocrx_word' id='word_1_96' title='bbox 723 735 735 753; x_wconf 81' lang='lat'>,</span> <span class='ocrx_word' id='word_1_97' title='bbox 782 713 885 743; x_wconf 90' lang='lat' dir='ltr'>nunc</span> <span class='ocrx_word' id='word_1_98' title='bbox 911 703 1060 742; x_wconf 85' lang='lat' dir='ltr'>habena</span> <span class='ocrx_word' id='word_1_99' title='bbox 1078 727 1090 751; x_wconf 57' lang='lat'>›,</span> <span class='ocrx_word' id='word_1_100' title='bbox 1119 707 1222 740; x_wconf 84' lang='lat' dir='ltr'>nunc</span> <span class='ocrx_word' id='word_1_101' title='bbox 1255 696 1470 750; x_wconf 84' lang='lat' dir='ltr'>pastomide</span> <span class='ocrx_word' id='word_1_102' title='bbox 1496 724 1507 745; x_wconf 87' lang='lat'>-,</span> <span class='ocrx_word' id='word_1_103' title='bbox 1555 698 1677 748; x_wconf 85' lang='lat' dir='ltr'>iisque</span> <span class='ocrx_word' id='word_1_104' title='bbox 1700 699 1810 737; x_wconf 87' lang='lat' dir='ltr'>variis</span> <span class='ocrx_word' id='word_1_105' title='bbox 1838 728 1851 745; x_wconf 60' lang='lat'><em>2</em></span> 
     </span>
     <span class='ocr_line' id='line_1_17' title="bbox 45 756 1853 816; baseline -0.004 -13"><span class='ocrx_word' id='word_1_106' title='bbox 45 765 171 804; x_wconf 86' lang='lat' dir='ltr'>multis</span> <span class='ocrx_word' id='word_1_107' title='bbox 198 764 289 802; x_wconf 89' lang='lat' dir='ltr'>item</span> <span class='ocrx_word' id='word_1_108' title='bbox 311 763 358 802; x_wconf 91' lang='lat' dir='ltr'>ad</span> <span class='ocrx_word' id='word_1_109' title='bbox 378 774 461 802; x_wconf 88' lang='lat' dir='ltr'>eam</span> <span class='ocrx_word' id='word_1_110' title='bbox 480 774 560 803; x_wconf 88' lang='lat' dir='ltr'>rem</span> <span class='ocrx_word' id='word_1_111' title='bbox 586 766 788 816; x_wconf 87' lang='lat' dir='ltr'>praeceptis</span> <span class='ocrx_word' id='word_1_112' title='bbox 806 762 861 802; x_wconf 89' lang='lat' dir='ltr'>est</span> <span class='ocrx_word' id='word_1_113' title='bbox 877 769 1004 814; x_wconf 80' lang='lat' dir='ltr'>opus,</span> <span class='ocrx_word' id='word_1_114' title='bbox 1045 766 1223 813; x_wconf 87' lang='lat' dir='ltr'>quantam</span> <span class='ocrx_word' id='word_1_115' title='bbox 1244 756 1465 812; x_wconf 78' lang='lat' dir='ltr'>putabimus</span> <span class='ocrx_word' id='word_1_116' title='bbox 1495 758 1635 808; x_wconf 85' lang='lat' dir='ltr'>requiri</span> <span class='ocrx_word' id='word_1_117' title='bbox 1660 769 1787 797; x_wconf 87' lang='lat' dir='ltr'>curam</span> <span class='ocrx_word' id='word_1_118' title='bbox 1814 757 1853 796; x_wconf 71' lang='grc' dir='ltr'>δι</span> 
     </span>
     <span class='ocr_line' id='line_1_18' title="bbox 45 814 1853 874; baseline -0.006 -10"><span class='ocrx_word' id='word_1_119' title='bbox 45 824 234 864; x_wconf 83' lang='lat' dir='ltr'>solertiam</span> <span class='ocrx_word' id='word_1_120' title='bbox 250 822 297 861; x_wconf 93' lang='lat' dir='ltr'>ad</span> <span class='ocrx_word' id='word_1_121' title='bbox 323 821 428 862; x_wconf 66' lang='lat' dir='ltr'>reete</span> <span class='ocrx_word' id='word_1_122' title='bbox 457 822 705 863; x_wconf 88' lang='lat' dir='ltr'>formandum</span> <span class='ocrx_word' id='word_1_123' title='bbox 722 824 966 874; x_wconf 61' lang='lat' dir='ltr'>Principem9</span> <span class='ocrx_word' id='word_1_124' title='bbox 999 820 1064 872; x_wconf 88' lang='lat' dir='ltr'>qui</span> <span class='ocrx_word' id='word_1_125' title='bbox 1090 832 1171 860; x_wconf 90' lang='lat' dir='ltr'>non</span> <span class='ocrx_word' id='word_1_126' title='bbox 1192 817 1377 871; x_wconf 76' lang='lat' dir='ltr'>imperitae</span> <span class='ocrx_word' id='word_1_127' title='bbox 1401 816 1526 857; x_wconf 79' lang='lat' dir='ltr'>solum</span> <span class='ocrx_word' id='word_1_128' title='bbox 1544 814 1853 868; x_wconf 85' lang='lat' dir='ltr'>plebeculae‚sed</span> 
     </span>
     <span class='ocr_line' id='line_1_19' title="bbox 47 873 1854 936; baseline -0.005 -14"><span class='ocrx_word' id='word_1_129' title='bbox 47 882 154 935; x_wconf 62' lang='grc' dir='ltr'>ἱρῆς,</span> <span class='ocrx_word' id='word_1_130' title='bbox 179 883 293 922; x_wconf 86' lang='lat' dir='ltr'>etiam</span> <span class='ocrx_word' id='word_1_131' title='bbox 323 881 560 922; x_wconf 81' lang='lat' dir='ltr'>scientiarum</span> <span class='ocrx_word' id='word_1_132' title='bbox 576 882 765 936; x_wconf 83' lang='lat' dir='ltr'>Magistris</span> <span class='ocrx_word' id='word_1_133' title='bbox 778 882 964 934; x_wconf 83' lang='lat' dir='ltr'>imperare</span> <span class='ocrx_word' id='word_1_134' title='bbox 994 881 1112 921; x_wconf 83' lang='lat' dir='ltr'>debet</span> <span class='ocrx_word' id='word_1_135' title='bbox 1132 881 1151 919; x_wconf 65' lang='grc' dir='ltr'>ἱ)</span> <span class='ocrx_word' id='word_1_136' title='bbox 1182 874 1280 919; x_wconf 87' lang='lat' dir='ltr'>Non</span> <span class='ocrx_word' id='word_1_137' title='bbox 1300 885 1444 918; x_wconf 72' lang='lat' dir='ltr'>naturae</span> <span class='ocrx_word' id='word_1_138' title='bbox 1472 873 1615 916; x_wconf 77' lang='lat' dir='ltr'>‘donum</span> <span class='ocrx_word' id='word_1_139' title='bbox 1649 874 1732 915; x_wconf 89' lang='lat' dir='ltr'>est:</span> <span class='ocrx_word' id='word_1_140' title='bbox 1763 875 1854 928; x_wconf 74' lang='lat' dir='ltr'>(b)</span> 
     </span>
     <span class='ocr_line' id='line_1_20' title="bbox 54 933 1855 995; baseline -0.004 -12"><span class='ocrx_word' id='word_1_141' title='bbox 54 942 206 984; x_wconf 81' lang='lat' dir='ltr'>Videtur</span> <span class='ocrx_word' id='word_1_142' title='bbox 226 952 290 982; x_wconf 76' lang='lat' dir='ltr'>ars</span> <span class='ocrx_word' id='word_1_143' title='bbox 310 945 441 982; x_wconf 69' lang='lat' dir='ltr'>artium</span> <span class='ocrx_word' id='word_1_144' title='bbox 461 968 474 992; x_wconf 86' lang='lat'>·,</span> <span class='ocrx_word' id='word_1_145' title='bbox 506 941 558 987; x_wconf 58' lang='grc' dir='ltr'>ἐξ)</span> <span class='ocrx_word' id='word_1_146' title='bbox 565 938 934 995; x_wconf 69' lang='lat' dir='ltr'>fiieiitiafiientiaritzn</span> <span class='ocrx_word' id='word_1_147' title='bbox 955 938 1112 981; x_wconf 72' lang='lat' dir='ltr'>homille.112</span> <span class='ocrx_word' id='word_1_148' title='bbox 1135 953 1271 992; x_wconf 71' lang='lat' dir='ltr'>regere,</span> <span class='ocrx_word' id='word_1_149' title='bbox 1301 933 1428 978; x_wconf 70' lang='lat' dir='ltr'>animal</span> <span class='ocrx_word' id='word_1_150' title='bbox 1443 945 1514 977; x_wconf 75' lang='lat' dir='ltr'>tam</span> <span class='ocrx_word' id='word_1_151' title='bbox 1537 938 1678 975; x_wconf 66' lang='lat' dir='ltr'>varium</span> <span class='ocrx_word' id='word_1_152' title='bbox 1702 934 1753 980; x_wconf 58' lang='grc' dir='ltr'>ὃ)</span> <span class='ocrx_word' id='word_1_153' title='bbox 1773 936 1855 975; x_wconf 79' lang='lat' dir='ltr'>mul·</span> 
     </span>
     <span class='ocr_line' id='line_1_21' title="bbox 57 996 1656 1054; baseline -0.003 -12"><span class='ocrx_word' id='word_1_154' title='bbox 57 1003 159 1054; x_wconf 65' lang='lat' dir='ltr'>tzplex</span> <span class='ocrx_word' id='word_1_155' title='bbox 178 1010 189 1040; x_wconf 83' lang='lat'><em>:</em></span> <span class='ocrx_word' id='word_1_156' title='bbox 219 1001 311 1041; x_wconf 90' lang='lat' dir='ltr'>Nec</span> <span class='ocrx_word' id='word_1_157' title='bbox 333 1003 431 1041; x_wconf 89' lang='lat' dir='ltr'>ullus</span> <span class='ocrx_word' id='word_1_158' title='bbox 451 1011 618 1053; x_wconf 80' lang='lat' dir='ltr'>unquam</span> <span class='ocrx_word' id='word_1_159' title='bbox 635 1003 852 1054; x_wconf 88' lang='lat' dir='ltr'>supremum</span> <span class='ocrx_word' id='word_1_160' title='bbox 879 1003 965 1041; x_wconf 81' lang='lat' dir='ltr'>artis</span> <span class='ocrx_word' id='word_1_161' title='bbox 978 1003 1072 1040; x_wconf 72' lang='lat' dir='ltr'>illius</span> <span class='ocrx_word' id='word_1_162' title='bbox 1084 1000 1269 1052; x_wconf 72' lang='lat' dir='ltr'>fastigium</span> <span class='ocrx_word' id='word_1_163' title='bbox 1291 1000 1475 1049; x_wconf 82' lang='lat' dir='ltr'>attingere</span> <span class='ocrx_word' id='word_1_164' title='bbox 1498 996 1656 1053; x_wconf 79' lang='lat' dir='ltr'>poterit.</span> 
     </span>
    </p>

    <p class='ocr_par' dir='ltr' id='par_1_11' title="bbox 49 1052 1863 1474">
     <span class='ocr_line' id='line_1_22' title="bbox 167 1052 1862 1114; baseline -0.005 -14"><span class='ocrx_word' id='word_1_165' title='bbox 167 1061 201 1112; x_wconf 82' lang='lat'>§.</span> <span class='ocrx_word' id='word_1_166' title='bbox 235 1061 301 1101; x_wconf 87' lang='lat' dir='ltr'>Sat</span> <span class='ocrx_word' id='word_1_167' title='bbox 323 1062 399 1101; x_wconf 91' lang='lat' dir='ltr'>scio</span> <span class='ocrx_word' id='word_1_168' title='bbox 414 1091 426 1111; x_wconf 87' lang='lat'>,</span> <span class='ocrx_word' id='word_1_169' title='bbox 454 1062 636 1114; x_wconf 83' lang='lat' dir='ltr'>Princeps</span> <span class='ocrx_word' id='word_1_170' title='bbox 653 1058 914 1110; x_wconf 78' lang='lat' dir='ltr'>Sereniffime,</span> <span class='ocrx_word' id='word_1_171' title='bbox 937 1063 1062 1100; x_wconf 84' lang='lat' dir='ltr'>virum</span> <span class='ocrx_word' id='word_1_172' title='bbox 1091 1062 1215 1106; x_wconf 73' lang='lat' dir='ltr'>illum,</span> <span class='ocrx_word' id='word_1_173' title='bbox 1247 1068 1325 1110; x_wconf 84' lang='lat' dir='ltr'>quo</span> <span class='ocrx_word' id='word_1_174' title='bbox 1350 1053 1539 1096; x_wconf 82' lang='lat' dir='ltr'>Serenitas</span> <span class='ocrx_word' id='word_1_175' title='bbox 1573 1053 1710 1093; x_wconf 49' lang='lat' dir='ltr'>Nestra</span> <span class='ocrx_word' id='word_1_176' title='bbox 1735 1052 1862 1106; x_wconf 57' lang='lat' dir='ltr'>Magi„</span> 
     </span>
     <span class='ocr_line' id='line_1_23' title="bbox 49 1111 1856 1173; baseline -0.006 -12"><span class='ocrx_word' id='word_1_177' title='bbox 49 1120 125 1161; x_wconf 91' lang='lat' dir='ltr'>stro</span> <span class='ocrx_word' id='word_1_178' title='bbox 141 1133 243 1160; x_wconf 89' lang='lat' dir='ltr'>nunc</span> <span class='ocrx_word' id='word_1_179' title='bbox 264 1123 381 1161; x_wconf 88' lang='lat' dir='ltr'>utitur</span> <span class='ocrx_word' id='word_1_180' title='bbox 400 1151 412 1169; x_wconf 87' lang='lat'>‚</span> <span class='ocrx_word' id='word_1_181' title='bbox 443 1121 490 1160; x_wconf 91' lang='lat' dir='ltr'>ab</span> <span class='ocrx_word' id='word_1_182' title='bbox 511 1123 688 1161; x_wconf 89' lang='lat' dir='ltr'>omnibus</span> <span class='ocrx_word' id='word_1_183' title='bbox 715 1123 759 1160; x_wconf 90' lang='lat' dir='ltr'>iis</span> <span class='ocrx_word' id='word_1_184' title='bbox 783 1122 925 1160; x_wconf 81' lang='lat' dir='ltr'>artibus</span> <span class='ocrx_word' id='word_1_185' title='bbox 945 1121 981 1161; x_wconf 83' lang='lat'>&amp;</span> <span class='ocrx_word' id='word_1_186' title='bbox 997 1118 1164 1161; x_wconf 73' lang='lat' dir='ltr'>scientiis</span> <span class='ocrx_word' id='word_1_187' title='bbox 1188 1118 1305 1173; x_wconf 59' lang='lat' dir='ltr'>(quse</span> <span class='ocrx_word' id='word_1_188' title='bbox 1328 1117 1565 1156; x_wconf 79' lang='lat' dir='ltr'>Monarchiae</span> <span class='ocrx_word' id='word_1_189' title='bbox 1594 1115 1704 1165; x_wconf 83' lang='lat' dir='ltr'>hujus</span> <span class='ocrx_word' id='word_1_190' title='bbox 1718 1111 1856 1152; x_wconf 85' lang='lat' dir='ltr'>nostrae</span> 
     </span>
     <span class='ocr_line' id='line_1_24' title="bbox 51 1174 1863 1235; baseline -0.006 -15"><span class='ocrx_word' id='word_1_191' title='bbox 51 1180 106 1220; x_wconf 86' lang='lat' dir='ltr'>est</span> <span class='ocrx_word' id='word_1_192' title='bbox 126 1180 319 1235; x_wconf 73' lang='lat' dir='ltr'>felicitas&gt;</span> <span class='ocrx_word' id='word_1_193' title='bbox 350 1190 425 1219; x_wconf 90' lang='lat' dir='ltr'>tam</span> <span class='ocrx_word' id='word_1_194' title='bbox 456 1181 581 1232; x_wconf 78' lang='lat' dir='ltr'>probe</span> <span class='ocrx_word' id='word_1_195' title='bbox 607 1180 828 1221; x_wconf 66' lang='lat' dir='ltr'>instructum</span> <span class='ocrx_word' id='word_1_196' title='bbox 856 1176 930 1220; x_wconf 74' lang='lat' dir='ltr'>esse</span> <span class='ocrx_word' id='word_1_197' title='bbox 950 1212 961 1230; x_wconf 79' lang='lat'>,</span> <span class='ocrx_word' id='word_1_198' title='bbox 994 1192 1036 1220; x_wconf 88' lang='lat' dir='ltr'>ut</span> <span class='ocrx_word' id='word_1_199' title='bbox 1058 1180 1310 1219; x_wconf 71' lang='lat' dir='ltr'>Serenitazem</span> <span class='ocrx_word' id='word_1_200' title='bbox 1350 1176 1524 1216; x_wconf 85' lang='lat' dir='ltr'>Vestram</span> <span class='ocrx_word' id='word_1_201' title='bbox 1555 1174 1602 1214; x_wconf 88' lang='lat' dir='ltr'>ad</span> <span class='ocrx_word' id='word_1_202' title='bbox 1619 1182 1793 1226; x_wconf 78' lang='lat' dir='ltr'>magnam</span> <span class='ocrx_word' id='word_1_203' title='bbox 1824 1174 1863 1211; x_wconf 89' lang='lat' dir='ltr'>in</span> 
     </span>
     <span class='ocr_line' id='line_1_25' title="bbox 57 1232 1863 1293; baseline -0.005 -14"><span class='ocrx_word' id='word_1_204' title='bbox 57 1240 189 1279; x_wconf 86' lang='lat' dir='ltr'>iisdem</span> <span class='ocrx_word' id='word_1_205' title='bbox 230 1239 511 1293; x_wconf 65' lang='lat' dir='ltr'>&#39;perfeffionem</span> <span class='ocrx_word' id='word_1_206' title='bbox 539 1239 642 1281; x_wconf 89' lang='lat' dir='ltr'>facili</span> <span class='ocrx_word' id='word_1_207' title='bbox 680 1240 914 1292; x_wconf 87' lang='lat' dir='ltr'>compendio</span> <span class='ocrx_word' id='word_1_208' title='bbox 954 1240 1208 1293; x_wconf 65' lang='lat' dir='ltr'>perducsturus</span> <span class='ocrx_word' id='word_1_209' title='bbox 1229 1237 1301 1284; x_wconf 78' lang='lat' dir='ltr'>iit-2</span> <span class='ocrx_word' id='word_1_210' title='bbox 1333 1236 1396 1276; x_wconf 83' lang='lat' dir='ltr'>ista</span> <span class='ocrx_word' id='word_1_211' title='bbox 1414 1247 1540 1275; x_wconf 88' lang='lat' dir='ltr'>tamen</span> <span class='ocrx_word' id='word_1_212' title='bbox 1560 1232 1792 1274; x_wconf 87' lang='lat' dir='ltr'>documenta</span> <span class='ocrx_word' id='word_1_213' title='bbox 1820 1243 1863 1270; x_wconf 90' lang='lat' dir='ltr'>o-</span> 
     </span>
     <span class='ocr_line' id='line_1_26' title="bbox 51 1292 1861 1352; baseline -0.004 -14"><span class='ocrx_word' id='word_1_214' title='bbox 51 1301 183 1339; x_wconf 87' lang='lat' dir='ltr'>mnino</span> <span class='ocrx_word' id='word_1_215' title='bbox 201 1300 392 1351; x_wconf 82' lang='lat' dir='ltr'>&#39;praeterire</span> <span class='ocrx_word' id='word_1_216' title='bbox 410 1311 490 1338; x_wconf 91' lang='lat' dir='ltr'>non</span> <span class='ocrx_word' id='word_1_217' title='bbox 508 1298 642 1352; x_wconf 83' lang='lat' dir='ltr'>potui,</span> <span class='ocrx_word' id='word_1_218' title='bbox 673 1300 722 1339; x_wconf 79' lang='lat' dir='ltr'>eo</span> <span class='ocrx_word' id='word_1_219' title='bbox 741 1300 847 1351; x_wconf 85' lang='lat' dir='ltr'>quod</span> <span class='ocrx_word' id='word_1_220' title='bbox 866 1298 1107 1352; x_wconf 80' lang='lat' dir='ltr'>propositum</span> <span class='ocrx_word' id='word_1_221' title='bbox 1127 1298 1218 1339; x_wconf 75' lang='lat' dir='ltr'>mihi</span> <span class='ocrx_word' id='word_1_222' title='bbox 1239 1298 1303 1346; x_wconf 72' lang='lat' dir='ltr'>sit,</span> <span class='ocrx_word' id='word_1_223' title='bbox 1319 1309 1398 1336; x_wconf 93' lang='lat' dir='ltr'>non</span> <span class='ocrx_word' id='word_1_224' title='bbox 1416 1292 1560 1335; x_wconf 71' lang='lat' dir='ltr'>Vestrae</span> <span class='ocrx_word' id='word_1_225' title='bbox 1578 1293 1698 1333; x_wconf 81' lang='lat' dir='ltr'>solum</span> <span class='ocrx_word' id='word_1_226' title='bbox 1713 1292 1861 1332; x_wconf 86' lang='lat' dir='ltr'>Sereni-</span> 
     </span>
     <span class='ocr_line' id='line_1_27' title="bbox 54 1350 1862 1412; baseline -0.004 -14"><span class='ocrx_word' id='word_1_227' title='bbox 54 1360 121 1398; x_wconf 87' lang='lat' dir='ltr'>tati</span> <span class='ocrx_word' id='word_1_228' title='bbox 138 1386 150 1408; x_wconf 73' lang='lat'><strong>,</strong></span> <span class='ocrx_word' id='word_1_229' title='bbox 183 1360 247 1399; x_wconf 86' lang='lat' dir='ltr'>sed</span> <span class='ocrx_word' id='word_1_230' title='bbox 284 1361 361 1399; x_wconf 83' lang='lat' dir='ltr'>aliis</span> <span class='ocrx_word' id='word_1_231' title='bbox 384 1361 498 1398; x_wconf 81' lang='lat' dir='ltr'>etiarn</span> <span class='ocrx_word' id='word_1_232' title='bbox 515 1360 753 1412; x_wconf 77' lang='lat' dir='ltr'>Principibus</span> <span class='ocrx_word' id='word_1_233' title='bbox 769 1389 781 1408; x_wconf 86' lang='lat'><strong>‚</strong></span> <span class='ocrx_word' id='word_1_234' title='bbox 815 1362 878 1411; x_wconf 93' lang='lat' dir='ltr'>qui</span> <span class='ocrx_word' id='word_1_235' title='bbox 898 1361 982 1399; x_wconf 88' lang='lat' dir='ltr'>sunt</span> <span class='ocrx_word' id='word_1_236' title='bbox 1000 1386 1012 1409; x_wconf 58' lang='lat'>‹‚</span> <span class='ocrx_word' id='word_1_237' title='bbox 1042 1370 1107 1399; x_wconf 87' lang='lat' dir='ltr'>aut</span> <span class='ocrx_word' id='word_1_238' title='bbox 1124 1391 1134 1407; x_wconf 90' lang='lat'>‚</span> <span class='ocrx_word' id='word_1_239' title='bbox 1160 1364 1272 1398; x_wconf 78' lang='lat' dir='ltr'>erunt</span> <span class='ocrx_word' id='word_1_240' title='bbox 1299 1358 1483 1409; x_wconf 82' lang='lat' dir='ltr'>deinceps</span> <span class='ocrx_word' id='word_1_241' title='bbox 1504 1382 1516 1405; x_wconf 79' lang='lat'>,</span> <span class='ocrx_word' id='word_1_242' title='bbox 1544 1355 1617 1394; x_wconf 78' lang='lat' dir='ltr'>hac</span> <span class='ocrx_word' id='word_1_243' title='bbox 1639 1350 1726 1393; x_wconf 70' lang='lat' dir='ltr'>mea</span> <span class='ocrx_word' id='word_1_244' title='bbox 1743 1352 1862 1403; x_wconf 87' lang='lat' dir='ltr'>quali-</span> 
     </span>
     <span class='ocr_line' id='line_1_28' title="bbox 57 1419 1158 1474; baseline 0.005 -16"><span class='ocrx_word' id='word_1_245' title='bbox 57 1428 208 1472; x_wconf 89' lang='lat' dir='ltr'>cunque</span> <span class='ocrx_word' id='word_1_246' title='bbox 229 1420 434 1472; x_wconf 82' lang='lat' dir='ltr'>scriptione</span> <span class='ocrx_word' id='word_1_247' title='bbox 450 1445 463 1469; x_wconf 78' lang='lat'><strong>,</strong></span> <span class='ocrx_word' id='word_1_248' title='bbox 499 1420 528 1461; x_wconf 85' lang='lat' dir='ltr'><strong>fi</strong></span> <span class='ocrx_word' id='word_1_249' title='bbox 547 1428 626 1474; x_wconf 87' lang='lat' dir='ltr'>quo</span> <span class='ocrx_word' id='word_1_250' title='bbox 640 1420 763 1460; x_wconf 88' lang='lat' dir='ltr'>modo</span> <span class='ocrx_word' id='word_1_251' title='bbox 780 1421 939 1472; x_wconf 66' lang='lat' dir='ltr'>poffini3</span> <span class='ocrx_word' id='word_1_252' title='bbox 963 1419 1158 1472; x_wconf 56' lang='lat' dir='ltr'>prodesto»</span> 
     </span>
    </p>
   </div>
   <div class='ocr_carea' id='block_1_11' title="bbox 59 1706 1880 2776">
    <p class='ocr_par' dir='ltr' id='par_1_12' title="bbox 169 1706 1871 1881">
     <span class='ocr_line' id='line_1_29' title="bbox 169 1706 1870 1767; baseline -0.005 -13"><span class='ocrx_word' id='word_1_253' title='bbox 169 1709 392 1755; x_wconf 86' lang='lat' dir='ltr'>Mblematis</span> <span class='ocrx_word' id='word_1_254' title='bbox 413 1716 525 1766; x_wconf 88' lang='lat' dir='ltr'>hujus</span> <span class='ocrx_word' id='word_1_255' title='bbox 551 1715 713 1757; x_wconf 87' lang='lat' dir='ltr'>artificio</span> <span class='ocrx_word' id='word_1_256' title='bbox 743 1712 903 1757; x_wconf 83' lang='lat' dir='ltr'>coelestis</span> <span class='ocrx_word' id='word_1_257' title='bbox 926 1711 1096 1767; x_wconf 87' lang='lat' dir='ltr'>Sponsus</span> <span class='ocrx_word' id='word_1_258' title='bbox 1112 1709 1197 1752; x_wconf 82' lang='lat' dir='ltr'>usus</span> <span class='ocrx_word' id='word_1_259' title='bbox 1226 1706 1281 1752; x_wconf 81' lang='lat' dir='ltr'>‘cst</span> <span class='ocrx_word' id='word_1_260' title='bbox 1301 1714 1338 1752; x_wconf 91' lang='lat' dir='ltr'>in</span> <span class='ocrx_word' id='word_1_261' title='bbox 1360 1706 1464 1751; x_wconf 86' lang='lat' dir='ltr'>sacro</span> <span class='ocrx_word' id='word_1_262' title='bbox 1484 1711 1722 1762; x_wconf 87' lang='lat' dir='ltr'>epitalamio,</span> <span class='ocrx_word' id='word_1_263' title='bbox 1746 1715 1790 1747; x_wconf 89' lang='lat' dir='ltr'>ut</span> <span class='ocrx_word' id='word_1_264' title='bbox 1810 1713 1870 1747; x_wconf 86' lang='lat' dir='ltr'>or·</span> 
     </span>
     <span class='ocr_line' id='line_1_30' title="bbox 197 1766 1871 1826; baseline -0.005 -11"><span class='ocrx_word' id='word_1_265' title='bbox 197 1784 375 1815; x_wconf 87' lang='lat' dir='ltr'>namenta</span> <span class='ocrx_word' id='word_1_266' title='bbox 401 1777 589 1813; x_wconf 80' lang='lat' dir='ltr'>virtutum</span> <span class='ocrx_word' id='word_1_267' title='bbox 617 1774 761 1826; x_wconf 79' lang='lat' dir='ltr'>sponsae</span> <span class='ocrx_word' id='word_1_268' title='bbox 779 1776 851 1814; x_wconf 87' lang='lat' dir='ltr'>suae</span> <span class='ocrx_word' id='word_1_269' title='bbox 870 1775 1116 1825; x_wconf 77' lang='lat' dir='ltr'>exprimeret.</span> <span class='ocrx_word' id='word_1_270' title='bbox 1185 1771 1270 1825; x_wconf 73' lang='lat' dir='ltr'>(c)</span> <span class='ocrx_word' id='word_1_271' title='bbox 1301 1774 1427 1826; x_wconf 67' lang='lat' dir='ltr'>Venter</span> <span class='ocrx_word' id='word_1_272' title='bbox 1449 1779 1531 1810; x_wconf 75' lang='lat' dir='ltr'>tuus</span> <span class='ocrx_word' id='word_1_273' title='bbox 1550 1801 1563 1818; x_wconf 85' lang='lat'>,</span> <span class='ocrx_word' id='word_1_274' title='bbox 1594 1771 1714 1821; x_wconf 89' lang='lat' dir='ltr'>inquit</span> <span class='ocrx_word' id='word_1_275' title='bbox 1734 1799 1746 1817; x_wconf 86' lang='grc'>,</span> <span class='ocrx_word' id='word_1_276' title='bbox 1780 1766 1871 1818; x_wconf 63' lang='lat' dir='ltr'>ficut</span> 
     </span>
     <span class='ocr_line' id='line_1_31' title="bbox 197 1825 1871 1881; baseline -0.006 -7"><span class='ocrx_word' id='word_1_277' title='bbox 197 1847 345 1874; x_wconf 74' lang='lat' dir='ltr'>acervus</span> <span class='ocrx_word' id='word_1_278' title='bbox 366 1835 477 1872; x_wconf 75' lang='lat' dir='ltr'>tritici</span> <span class='ocrx_word' id='word_1_279' title='bbox 499 1859 511 1881; x_wconf 86' lang='lat'>-,</span> <span class='ocrx_word' id='word_1_280' title='bbox 541 1833 697 1872; x_wconf 72' lang='lat' dir='ltr'>vallatus</span> <span class='ocrx_word' id='word_1_281' title='bbox 721 1834 810 1871; x_wconf 74' lang='lat' dir='ltr'>liliis.</span> <span class='ocrx_word' id='word_1_282' title='bbox 883 1832 936 1870; x_wconf 87' lang='lat' dir='ltr'>Et</span> <span class='ocrx_word' id='word_1_283' title='bbox 960 1833 1142 1870; x_wconf 81' lang='lat' dir='ltr'>videntur</span> <span class='ocrx_word' id='word_1_284' title='bbox 1163 1830 1302 1867; x_wconf 79' lang='lat' dir='ltr'>&#39;eodem</span> <span class='ocrx_word' id='word_1_285' title='bbox 1335 1829 1500 1867; x_wconf 79' lang='lat' dir='ltr'>&#39;alludere</span> <span class='ocrx_word' id='word_1_286' title='bbox 1526 1825 1622 1875; x_wconf 84' lang='lat' dir='ltr'>lilia,</span> <span class='ocrx_word' id='word_1_287' title='bbox 1652 1838 1736 1878; x_wconf 87' lang='lat' dir='ltr'>quae</span> <span class='ocrx_word' id='word_1_288' title='bbox 1759 1838 1871 1865; x_wconf 79' lang='lat' dir='ltr'>coro-</span> 
     </span>
    </p>

    <p class='ocr_par' dir='ltr' id='par_1_13' title="bbox 59 1886 1880 2776">
     <span class='ocr_line' id='line_1_32' title="bbox 59 1886 1872 1941; baseline -0.006 -6"><span class='ocrx_word' id='word_1_289' title='bbox 59 1897 205 1936; x_wconf 87' lang='lat' dir='ltr'>nabant</span> <span class='ocrx_word' id='word_1_290' title='bbox 229 1894 425 1932; x_wconf 84' lang='lat' dir='ltr'>columnas</span> <span class='ocrx_word' id='word_1_291' title='bbox 442 1888 531 1941; x_wconf 78' lang='lat' dir='ltr'>(d)</span> <span class='ocrx_word' id='word_1_292' title='bbox 552 1888 686 1940; x_wconf 80' lang='lat' dir='ltr'>templi</span> <span class='ocrx_word' id='word_1_293' title='bbox 709 1886 971 1936; x_wconf 73' lang='lat' dir='ltr'>Salomonici3</span> <span class='ocrx_word' id='word_1_294' title='bbox 1001 1898 1052 1928; x_wconf 80' lang='lat' dir='ltr'>ne</span> <span class='ocrx_word' id='word_1_295' title='bbox 1075 1896 1149 1939; x_wconf 85' lang='lat' dir='ltr'>qua</span> <span class='ocrx_word' id='word_1_296' title='bbox 1179 1888 1221 1925; x_wconf 84' lang='lat' dir='ltr'>iis</span> <span class='ocrx_word' id='word_1_297' title='bbox 1249 1887 1392 1927; x_wconf 73' lang='lat' dir='ltr'>deelset</span> <span class='ocrx_word' id='word_1_298' title='bbox 1413 1886 1604 1940; x_wconf 64' lang='lat' dir='ltr'>&#39;perfeetio</span> <span class='ocrx_word' id='word_1_299' title='bbox 1620 1916 1632 1936; x_wconf 82' lang='grc'><em>,</em></span> <span class='ocrx_word' id='word_1_300' title='bbox 1662 1888 1723 1926; x_wconf 89' lang='lat' dir='ltr'>illa</span> <span class='ocrx_word' id='word_1_301' title='bbox 1746 1888 1838 1925; x_wconf 90' lang='lat' dir='ltr'>item</span> <span class='ocrx_word' id='word_1_302' title='bbox 1858 1915 1872 1936; x_wconf 85' lang='lat'>,</span> 
     </span>
     <span class='ocr_line' id='line_1_33' title="bbox 60 1943 1875 2007; baseline -0.004 -14"><span class='ocrx_word' id='word_1_303' title='bbox 60 1967 146 2007; x_wconf 87' lang='lat' dir='ltr'>quae</span> <span class='ocrx_word' id='word_1_304' title='bbox 168 1952 413 2002; x_wconf 82' lang='lat' dir='ltr'>septiramum</span> <span class='ocrx_word' id='word_1_305' title='bbox 433 1946 521 2002; x_wconf 71' lang='lat' dir='ltr'>(e)</span> <span class='ocrx_word' id='word_1_306' title='bbox 545 1947 800 1988; x_wconf 77' lang='lat' dir='ltr'>Tabernaculi</span> <span class='ocrx_word' id='word_1_307' title='bbox 828 1949 1098 1988; x_wconf 85' lang='lat' dir='ltr'>candelabrum</span> <span class='ocrx_word' id='word_1_308' title='bbox 1118 1949 1369 1992; x_wconf 69' lang='lat' dir='ltr'>exornabant,</span> <span class='ocrx_word' id='word_1_309' title='bbox 1427 1946 1573 1986; x_wconf 87' lang='lat' dir='ltr'>Eadem</span> <span class='ocrx_word' id='word_1_310' title='bbox 1600 1943 1696 1988; x_wconf 75' lang='lat' dir='ltr'>mihi</span> <span class='ocrx_word' id='word_1_311' title='bbox 1715 1952 1875 1998; x_wconf 85' lang='lat' dir='ltr'>quoque</span> 
     </span>
     <span class='ocr_line' id='line_1_34' title="bbox 59 2004 1877 2060; baseline -0.006 -4"><span class='ocrx_word' id='word_1_312' title='bbox 59 2025 162 2056; x_wconf 88' lang='lat' dir='ltr'>nunc</span> <span class='ocrx_word' id='word_1_313' title='bbox 190 2009 265 2051; x_wconf 91' lang='lat' dir='ltr'>fuit</span> <span class='ocrx_word' id='word_1_314' title='bbox 291 2007 446 2049; x_wconf 76' lang='lat' dir='ltr'>occasio</span> <span class='ocrx_word' id='word_1_315' title='bbox 467 2036 479 2057; x_wconf 89' lang='lat'>,</span> <span class='ocrx_word' id='word_1_316' title='bbox 515 2018 559 2047; x_wconf 92' lang='lat' dir='ltr'>ut</span> <span class='ocrx_word' id='word_1_317' title='bbox 577 2009 615 2048; x_wconf 93' lang='lat' dir='ltr'>in</span> <span class='ocrx_word' id='word_1_318' title='bbox 637 2004 811 2060; x_wconf 77' lang='lat' dir='ltr'>praesenti</span> <span class='ocrx_word' id='word_1_319' title='bbox 837 2007 1028 2059; x_wconf 86' lang='lat' dir='ltr'>Symbolo</span> <span class='ocrx_word' id='word_1_320' title='bbox 1039 2009 1104 2048; x_wconf 88' lang='lat' dir='ltr'>sub</span> <span class='ocrx_word' id='word_1_321' title='bbox 1120 2004 1381 2058; x_wconf 78' lang='lat' dir='ltr'>triticiipecie</span> <span class='ocrx_word' id='word_1_322' title='bbox 1404 2007 1596 2056; x_wconf 84' lang='lat' dir='ltr'>scientias,</span> <span class='ocrx_word' id='word_1_323' title='bbox 1626 2008 1790 2047; x_wconf 88' lang='lat' dir='ltr'>liliorum</span> <span class='ocrx_word' id='word_1_324' title='bbox 1807 2017 1877 2046; x_wconf 85' lang='lat' dir='ltr'>ve-</span> 
     </span>
     <span class='ocr_line' id='line_1_35' title="bbox 59 2066 1876 2125; baseline -0.006 -9"><span class='ocrx_word' id='word_1_325' title='bbox 59 2074 105 2116; x_wconf 80' lang='lat' dir='ltr'>ro</span> <span class='ocrx_word' id='word_1_326' title='bbox 137 2078 236 2114; x_wconf 82' lang='lat' dir='ltr'>artes</span> <span class='ocrx_word' id='word_1_327' title='bbox 249 2074 370 2125; x_wconf 84' lang='lat' dir='ltr'>atque</span> <span class='ocrx_word' id='word_1_328' title='bbox 389 2069 516 2108; x_wconf 83' lang='lat' dir='ltr'>literas</span> <span class='ocrx_word' id='word_1_329' title='bbox 532 2068 798 2117; x_wconf 75' lang='lat' dir='ltr'>humaniores,</span> <span class='ocrx_word' id='word_1_330' title='bbox 828 2069 966 2121; x_wconf 87' lang='lat' dir='ltr'>quibus</span> <span class='ocrx_word' id='word_1_331' title='bbox 983 2066 1054 2109; x_wconf 80' lang='lat' dir='ltr'>illae</span> <span class='ocrx_word' id='word_1_332' title='bbox 1076 2068 1380 2107; x_wconf 77' lang='lat' dir='ltr'>condecorandae</span> <span class='ocrx_word' id='word_1_333' title='bbox 1396 2067 1478 2107; x_wconf 89' lang='lat' dir='ltr'>sunt</span> <span class='ocrx_word' id='word_1_334' title='bbox 1493 2092 1506 2116; x_wconf 63' lang='lat'>‹‚</span> <span class='ocrx_word' id='word_1_335' title='bbox 1537 2067 1777 2107; x_wconf 84' lang='lat' dir='ltr'>adumbratas</span> <span class='ocrx_word' id='word_1_336' title='bbox 1795 2068 1876 2106; x_wconf 87' lang='lat' dir='ltr'>vel-</span> 
     </span>
     <span class='ocr_line' id='line_1_36' title="bbox 61 2123 1877 2182; baseline -0.005 -7"><span class='ocrx_word' id='word_1_337' title='bbox 61 2137 150 2176; x_wconf 82' lang='lat' dir='ltr'>lem.</span> <span class='ocrx_word' id='word_1_338' title='bbox 207 2129 305 2174; x_wconf 62' lang='lat' dir='ltr'>,Nec</span> <span class='ocrx_word' id='word_1_339' title='bbox 322 2128 467 2180; x_wconf 85' lang='lat' dir='ltr'>absque</span> <span class='ocrx_word' id='word_1_340' title='bbox 492 2123 683 2169; x_wconf 82' lang='lat' dir='ltr'>autore&amp;</span> <span class='ocrx_word' id='word_1_341' title='bbox 713 2128 995 2175; x_wconf 75' lang='lat' dir='ltr'>fundament03</span> <span class='ocrx_word' id='word_1_342' title='bbox 1028 2142 1115 2168; x_wconf 86' lang='lat' dir='ltr'>nam</span> <span class='ocrx_word' id='word_1_343' title='bbox 1138 2141 1206 2179; x_wconf 79' lang='lat' dir='ltr'>pcr</span> <span class='ocrx_word' id='word_1_344' title='bbox 1227 2125 1312 2182; x_wconf 74' lang='lat' dir='ltr'>(f)</span> <span class='ocrx_word' id='word_1_345' title='bbox 1346 2125 1462 2180; x_wconf 81' lang='lat' dir='ltr'>spicas</span> <span class='ocrx_word' id='word_1_346' title='bbox 1492 2128 1565 2178; x_wconf 86' lang='lat' dir='ltr'>jam</span> <span class='ocrx_word' id='word_1_347' title='bbox 1594 2127 1744 2179; x_wconf 87' lang='lat' dir='ltr'>pridem</span> <span class='ocrx_word' id='word_1_348' title='bbox 1770 2125 1877 2166; x_wconf 89' lang='lat' dir='ltr'>disci·</span> 
     </span>
     <span class='ocr_line' id='line_1_37' title="bbox 60 2180 1876 2248; baseline -0.006 -13"><span class='ocrx_word' id='word_1_349' title='bbox 60 2197 175 2248; x_wconf 86' lang='lat' dir='ltr'>pulos</span> <span class='ocrx_word' id='word_1_350' title='bbox 198 2191 388 2231; x_wconf 85' lang='lat' dir='ltr'>intellexit</span> <span class='ocrx_word' id='word_1_351' title='bbox 402 2187 638 2242; x_wconf 70' lang='lat' dir='ltr'>Procopius,</span> <span class='ocrx_word' id='word_1_352' title='bbox 669 2197 740 2242; x_wconf 85' lang='lat' dir='ltr'>per</span> <span class='ocrx_word' id='word_1_353' title='bbox 757 2183 845 2244; x_wconf 78' lang='lat' dir='ltr'>(g)</span> <span class='ocrx_word' id='word_1_354' title='bbox 875 2186 949 2231; x_wconf 89' lang='lat' dir='ltr'>lilia</span> <span class='ocrx_word' id='word_1_355' title='bbox 971 2189 1067 2245; x_wconf 78' lang='lat' dir='ltr'>vero</span> <span class='ocrx_word' id='word_1_356' title='bbox 1084 2191 1341 2239; x_wconf 81' lang='lat' dir='ltr'>eloquentiam</span> <span class='ocrx_word' id='word_1_357' title='bbox 1365 2181 1442 2240; x_wconf 81' lang='lat' dir='ltr'>ipse</span> <span class='ocrx_word' id='word_1_358' title='bbox 1460 2182 1640 2240; x_wconf 75' lang='lat' dir='ltr'>Sponsus.</span> <span class='ocrx_word' id='word_1_359' title='bbox 1685 2180 1752 2241; x_wconf 81' lang='lat' dir='ltr'>Et</span> <span class='ocrx_word' id='word_1_360' title='bbox 1775 2199 1876 2238; x_wconf 87' lang='lat' dir='ltr'>quae-</span> 
     </span>
     <span class='ocr_line' id='line_1_38' title="bbox 64 2244 1876 2305; baseline -0.004 -13"><span class='ocrx_word' id='word_1_361' title='bbox 64 2255 104 2295; x_wconf 91' lang='lat' dir='ltr'>so</span> <span class='ocrx_word' id='word_1_362' title='bbox 124 2286 137 2305; x_wconf 85' lang='lat'><strong>‚</strong></span> <span class='ocrx_word' id='word_1_363' title='bbox 168 2251 261 2304; x_wconf 88' lang='lat' dir='ltr'>quid</span> <span class='ocrx_word' id='word_1_364' title='bbox 287 2250 488 2302; x_wconf 82' lang='lat' dir='ltr'>politiores</span> <span class='ocrx_word' id='word_1_365' title='bbox 517 2247 635 2290; x_wconf 81' lang='lat' dir='ltr'>literae</span> <span class='ocrx_word' id='word_1_366' title='bbox 660 2250 761 2290; x_wconf 84' lang='lat' dir='ltr'>aliud</span> <span class='ocrx_word' id='word_1_367' title='bbox 780 2246 890 2300; x_wconf 51' lang='lat' dir='ltr'>sunt.</span> <span class='ocrx_word' id='word_1_368' title='bbox 915 2248 1029 2302; x_wconf 78' lang='lat' dir='ltr'>quam</span> <span class='ocrx_word' id='word_1_369' title='bbox 1058 2244 1231 2301; x_wconf 77' lang='lat' dir='ltr'>quaedam</span> <span class='ocrx_word' id='word_1_370' title='bbox 1256 2248 1494 2288; x_wconf 79' lang='lat' dir='ltr'>scientiarum</span> <span class='ocrx_word' id='word_1_371' title='bbox 1519 2246 1700 2286; x_wconf 78' lang='lat' dir='ltr'>corona?</span> <span class='ocrx_word' id='word_1_372' title='bbox 1731 2246 1876 2289; x_wconf 85' lang='lat' dir='ltr'>Diade·</span> 
     </span>
     <span class='ocr_line' id='line_1_39' title="bbox 64 2301 1878 2367; baseline -0.004 -15"><span class='ocrx_word' id='word_1_373' title='bbox 64 2326 125 2355; x_wconf 90' lang='lat' dir='ltr'>ma</span> <span class='ocrx_word' id='word_1_374' title='bbox 146 2312 232 2367; x_wconf 72' lang='lat' dir='ltr'>(h)</span> <span class='ocrx_word' id='word_1_375' title='bbox 266 2307 485 2362; x_wconf 84' lang='lat' dir='ltr'>Principum</span> <span class='ocrx_word' id='word_1_376' title='bbox 504 2318 566 2350; x_wconf 84' lang='lat' dir='ltr'>eas</span> <span class='ocrx_word' id='word_1_377' title='bbox 589 2309 829 2350; x_wconf 80' lang='lat' dir='ltr'>Caffiodorus</span> <span class='ocrx_word' id='word_1_378' title='bbox 848 2312 1026 2364; x_wconf 84' lang='lat' dir='ltr'>appellat.</span> <span class='ocrx_word' id='word_1_379' title='bbox 1089 2307 1140 2349; x_wconf 88' lang='lat' dir='ltr'>Et</span> <span class='ocrx_word' id='word_1_380' title='bbox 1160 2309 1341 2360; x_wconf 83' lang='lat' dir='ltr'>quasdam</span> <span class='ocrx_word' id='word_1_381' title='bbox 1361 2310 1476 2348; x_wconf 85' lang='lat' dir='ltr'>etiam</span> <span class='ocrx_word' id='word_1_382' title='bbox 1501 2307 1658 2347; x_wconf 87' lang='lat' dir='ltr'>Hebraei</span> <span class='ocrx_word' id='word_1_383' title='bbox 1682 2301 1786 2346; x_wconf 81' lang='lat' dir='ltr'>sertis</span> <span class='ocrx_word' id='word_1_384' title='bbox 1806 2305 1878 2346; x_wconf 84' lang='lat' dir='ltr'>flo-</span> 
     </span>
     <span class='ocr_line' id='line_1_40' title="bbox 65 2363 1877 2423; baseline -0.005 -9"><span class='ocrx_word' id='word_1_385' title='bbox 65 2378 138 2414; x_wconf 87' lang='lat' dir='ltr'>reis</span> <span class='ocrx_word' id='word_1_386' title='bbox 163 2370 336 2413; x_wconf 88' lang='lat' dir='ltr'>solebant</span> <span class='ocrx_word' id='word_1_387' title='bbox 362 2368 552 2411; x_wconf 87' lang='lat' dir='ltr'>redimire.</span> <span class='ocrx_word' id='word_1_388' title='bbox 612 2365 739 2420; x_wconf 77' lang='lat' dir='ltr'>Illud,</span> <span class='ocrx_word' id='word_1_389' title='bbox 771 2371 889 2411; x_wconf 91' lang='lat' dir='ltr'>credo</span> <span class='ocrx_word' id='word_1_390' title='bbox 905 2398 917 2420; x_wconf 65' lang='lat' dir='ltr'>s</span> <span class='ocrx_word' id='word_1_391' title='bbox 948 2363 1157 2423; x_wconf 81' lang='lat' dir='ltr'>significant</span> <span class='ocrx_word' id='word_1_392' title='bbox 1174 2365 1379 2409; x_wconf 71' lang='lat' dir='ltr'>Poetarum</span> <span class='ocrx_word' id='word_1_393' title='bbox 1401 2364 1520 2416; x_wconf 86' lang='lat' dir='ltr'>lauri,</span> <span class='ocrx_word' id='word_1_394' title='bbox 1543 2364 1648 2420; x_wconf 84' lang='lat' dir='ltr'>spirae</span> <span class='ocrx_word' id='word_1_395' title='bbox 1680 2363 1717 2407; x_wconf 69' lang='grc' dir='ltr'>δι</span> <span class='ocrx_word' id='word_1_396' title='bbox 1747 2367 1877 2419; x_wconf 86' lang='lat' dir='ltr'>cingu-</span> 
     </span>
     <span class='ocr_line' id='line_1_41' title="bbox 67 2428 1879 2487; baseline -0.004 -14"><span class='ocrx_word' id='word_1_397' title='bbox 67 2436 102 2473; x_wconf 89' lang='lat' dir='ltr'>la</span> <span class='ocrx_word' id='word_1_398' title='bbox 127 2432 153 2483; x_wconf 71' lang='grc' dir='ltr'><em>ζ</em></span> <span class='ocrx_word' id='word_1_399' title='bbox 162 2431 208 2487; x_wconf 83' lang='lat' dir='ltr'>i)</span> <span class='ocrx_word' id='word_1_400' title='bbox 252 2430 452 2485; x_wconf 78' lang='lat' dir='ltr'>(Hispani</span> <span class='ocrx_word' id='word_1_401' title='bbox 477 2428 603 2483; x_wconf 57' lang='lat' dir='ltr'>Rostris</span> <span class='ocrx_word' id='word_1_402' title='bbox 622 2429 661 2470; x_wconf 86' lang='lat' dir='ltr'>de</span> <span class='ocrx_word' id='word_1_403' title='bbox 680 2431 732 2470; x_wconf 74' lang='lat' dir='ltr'>las</span> <span class='ocrx_word' id='word_1_404' title='bbox 753 2445 857 2471; x_wconf 63' lang='lat' dir='ltr'>‘trecas</span> <span class='ocrx_word' id='word_1_405' title='bbox 876 2439 1021 2472; x_wconf 84' lang='lat' dir='ltr'>vocant</span> <span class='ocrx_word' id='word_1_406' title='bbox 1039 2429 1063 2484; x_wconf 80' lang='grc'>&gt;</span> <span class='ocrx_word' id='word_1_407' title='bbox 1093 2430 1209 2470; x_wconf 87' lang='lat' dir='ltr'>fiores</span> <span class='ocrx_word' id='word_1_408' title='bbox 1226 2431 1319 2469; x_wconf 90' lang='lat' dir='ltr'>item</span> <span class='ocrx_word' id='word_1_409' title='bbox 1345 2429 1450 2469; x_wconf 89' lang='lat' dir='ltr'>serici</span> <span class='ocrx_word' id='word_1_410' title='bbox 1471 2428 1778 2475; x_wconf 79' lang='lat' dir='ltr'>diversicolores,</span> <span class='ocrx_word' id='word_1_411' title='bbox 1800 2428 1879 2466; x_wconf 84' lang='lat' dir='ltr'>lau-</span> 
     </span>
     <span class='ocr_line' id='line_1_42' title="bbox 68 2488 1879 2544; baseline -0.004 -12"><span class='ocrx_word' id='word_1_412' title='bbox 68 2504 143 2533; x_wconf 86' lang='lat' dir='ltr'>reae</span> <span class='ocrx_word' id='word_1_413' title='bbox 167 2490 388 2531; x_wconf 68' lang='lat' dir='ltr'>Doetoralis</span> <span class='ocrx_word' id='word_1_414' title='bbox 411 2492 514 2542; x_wconf 85' lang='lat' dir='ltr'>apud</span> <span class='ocrx_word' id='word_1_415' title='bbox 542 2490 699 2533; x_wconf 84' lang='lat' dir='ltr'>eosdem</span> <span class='ocrx_word' id='word_1_416' title='bbox 729 2491 894 2544; x_wconf 76' lang='lat' dir='ltr'>insignia,</span> <span class='ocrx_word' id='word_1_417' title='bbox 953 2492 1083 2531; x_wconf 90' lang='lat' dir='ltr'>Animi</span> <span class='ocrx_word' id='word_1_418' title='bbox 1111 2497 1285 2531; x_wconf 83' lang='lat' dir='ltr'>centrum</span> <span class='ocrx_word' id='word_1_419' title='bbox 1304 2489 1341 2529; x_wconf 90' lang='lat'>&amp;</span> <span class='ocrx_word' id='word_1_420' title='bbox 1357 2489 1610 2530; x_wconf 88' lang='lat' dir='ltr'>meditullium</span> <span class='ocrx_word' id='word_1_421' title='bbox 1629 2488 1794 2527; x_wconf 86' lang='lat' dir='ltr'>scientiae</span> <span class='ocrx_word' id='word_1_422' title='bbox 1812 2499 1879 2527; x_wconf 92' lang='lat' dir='ltr'>oc-</span> 
     </span>
     <span class='ocr_line' id='line_1_43' title="bbox 73 2547 1875 2604; baseline -0.003 -12"><span class='ocrx_word' id='word_1_423' title='bbox 73 2561 218 2604; x_wconf 89' lang='lat' dir='ltr'>cupent</span> <span class='ocrx_word' id='word_1_424' title='bbox 233 2575 246 2599; x_wconf 66' lang='grc'>»,</span> <span class='ocrx_word' id='word_1_425' title='bbox 276 2550 592 2592; x_wconf 77' lang='lat' dir='ltr'>circumferentiae</span> <span class='ocrx_word' id='word_1_426' title='bbox 608 2561 734 2591; x_wconf 86' lang='lat' dir='ltr'>tamen</span> <span class='ocrx_word' id='word_1_427' title='bbox 756 2554 847 2591; x_wconf 92' lang='lat' dir='ltr'>loco</span> <span class='ocrx_word' id='word_1_428' title='bbox 881 2550 1154 2592; x_wconf 79' lang='lat' dir='ltr'>mansuetiores</span> <span class='ocrx_word' id='word_1_429' title='bbox 1170 2548 1287 2591; x_wconf 86' lang='lat' dir='ltr'>literae</span> <span class='ocrx_word' id='word_1_430' title='bbox 1306 2550 1391 2593; x_wconf 79' lang='lat' dir='ltr'>sint.</span> <span class='ocrx_word' id='word_1_431' title='bbox 1478 2547 1603 2588; x_wconf 86' lang='lat' dir='ltr'>Unius</span> <span class='ocrx_word' id='word_1_432' title='bbox 1629 2548 1767 2587; x_wconf 87' lang='lat' dir='ltr'>notitia</span> <span class='ocrx_word' id='word_1_433' title='bbox 1788 2548 1875 2587; x_wconf 89' lang='lat' dir='ltr'>abs-</span> 
     </span>
     <span class='ocr_line' id='line_1_44' title="bbox 72 2602 1877 2664; baseline -0.003 -13"><span class='ocrx_word' id='word_1_434' title='bbox 72 2624 148 2663; x_wconf 88' lang='lat' dir='ltr'>que</span> <span class='ocrx_word' id='word_1_435' title='bbox 168 2620 395 2650; x_wconf 88' lang='lat' dir='ltr'>ornamento</span> <span class='ocrx_word' id='word_1_436' title='bbox 410 2614 585 2660; x_wconf 87' lang='lat' dir='ltr'>aliarum,</span> <span class='ocrx_word' id='word_1_437' title='bbox 615 2608 834 2664; x_wconf 77' lang='lat' dir='ltr'>ignorantiae</span> <span class='ocrx_word' id='word_1_438' title='bbox 865 2612 1038 2663; x_wconf 85' lang='lat' dir='ltr'>quaedam</span> <span class='ocrx_word' id='word_1_439' title='bbox 1072 2611 1215 2663; x_wconf 88' lang='lat' dir='ltr'>species</span> <span class='ocrx_word' id='word_1_440' title='bbox 1235 2610 1311 2650; x_wconf 71' lang='lat' dir='ltr'>esti</span> <span class='ocrx_word' id='word_1_441' title='bbox 1348 2609 1512 2649; x_wconf 70' lang='lat' dir='ltr'>scientiae</span> <span class='ocrx_word' id='word_1_442' title='bbox 1549 2609 1650 2648; x_wconf 88' lang='lat' dir='ltr'>enim</span> <span class='ocrx_word' id='word_1_443' title='bbox 1676 2602 1788 2647; x_wconf 86' lang='lat' dir='ltr'>nexis</span> <span class='ocrx_word' id='word_1_444' title='bbox 1809 2619 1877 2646; x_wconf 89' lang='lat' dir='ltr'>ve-</span> 
     </span>
     <span class='ocr_line' id='line_1_45' title="bbox 72 2667 1879 2729; baseline -0.002 -18"><span class='ocrx_word' id='word_1_445' title='bbox 72 2674 129 2711; x_wconf 86' lang='lat' dir='ltr'>lut</span> <span class='ocrx_word' id='word_1_446' title='bbox 153 2672 322 2711; x_wconf 84' lang='lat' dir='ltr'>invicem</span> <span class='ocrx_word' id='word_1_447' title='bbox 340 2673 539 2722; x_wconf 79' lang='lat' dir='ltr'>manibus,</span> <span class='ocrx_word' id='word_1_448' title='bbox 568 2671 670 2713; x_wconf 87' lang='lat' dir='ltr'>haud</span> <span class='ocrx_word' id='word_1_449' title='bbox 692 2673 799 2713; x_wconf 89' lang='lat' dir='ltr'>aliter</span> <span class='ocrx_word' id='word_1_450' title='bbox 826 2670 1244 2729; x_wconf 48' lang='lat' dir='ltr'>conficiuntjcirculum</span> <span class='ocrx_word' id='word_1_451' title='bbox 1262 2695 1275 2721; x_wconf 62' lang='lat'>5</span> <span class='ocrx_word' id='word_1_452' title='bbox 1306 2669 1392 2724; x_wconf 78' lang='lat' dir='ltr'>(k)</span> <span class='ocrx_word' id='word_1_453' title='bbox 1423 2681 1467 2709; x_wconf 90' lang='lat' dir='ltr'>ac</span> <span class='ocrx_word' id='word_1_454' title='bbox 1496 2680 1642 2709; x_wconf 85' lang='lat' dir='ltr'>novem</span> <span class='ocrx_word' id='word_1_455' title='bbox 1667 2667 1791 2708; x_wconf 85' lang='lat' dir='ltr'>Musae</span> <span class='ocrx_word' id='word_1_456' title='bbox 1819 2668 1879 2707; x_wconf 78' lang='lat' dir='ltr'>so-</span> 
     </span>
     <span class='ocr_line' id='line_1_46' title="bbox 1046 2728 1880 2776; baseline -0.005 -5"><span class='ocrx_word' id='word_1_457' title='bbox 1046 2730 1077 2771; x_wconf 84' lang='lat' dir='ltr'>F</span> <span class='ocrx_word' id='word_1_458' title='bbox 1786 2728 1880 2776; x_wconf 84' lang='lat' dir='ltr'>lent,</span> 
     </span>
    </p>
   </div>
   <div class='ocr_carea' id='block_1_12' title="bbox 77 2793 333 2801">
    <p class='ocr_par' dir='ltr' id='par_1_14' title="bbox 77 2793 333 2801">
     <span class='ocr_line' id='line_1_47' title="bbox 77 2793 333 2801; baseline 0 929"><span class='ocrx_word' id='word_1_459' title='bbox 77 2793 333 2801; x_wconf 95' lang='lat' dir='ltr'> </span> 
     </span>
    </p>
   </div>
   <div class='ocr_carea' id='block_1_13' title="bbox 337 2795 590 2801">
    <p class='ocr_par' dir='ltr' id='par_1_15' title="bbox 337 2795 590 2801">
     <span class='ocr_line' id='line_1_48' title="bbox 337 2795 590 2801; baseline 0 0"><span class='ocrx_word' id='word_1_460' title='bbox 337 2795 590 2801; x_wconf 95' lang='lat' dir='ltr'> </span> 
     </span>
    </p>
   </div>
   <div class='ocr_carea' id='block_1_14' title="bbox 593 2791 845 2803">
    <p class='ocr_par' dir='ltr' id='par_1_16' title="bbox 593 2791 845 2803">
     <span class='ocr_line' id='line_1_49' title="bbox 593 2791 845 2803; baseline 0 927"><span class='ocrx_word' id='word_1_461' title='bbox 593 2791 845 2803; x_wconf 95' lang='lat' dir='ltr'> </span> 
     </span>
    </p>
   </div>
   <div class='ocr_carea' id='block_1_15' title="bbox 847 2796 1092 2803">
    <p class='ocr_par' dir='ltr' id='par_1_17' title="bbox 847 2796 1092 2803">
     <span class='ocr_line' id='line_1_50' title="bbox 847 2796 1092 2803; baseline 0 0"><span class='ocrx_word' id='word_1_462' title='bbox 847 2796 1092 2803; x_wconf 95' lang='lat' dir='ltr'> </span> 
     </span>
    </p>
   </div>
   <div class='ocr_carea' id='block_1_16' title="bbox 1099 2794 1354 2803">
    <p class='ocr_par' dir='ltr' id='par_1_18' title="bbox 1099 2794 1354 2803">
     <span class='ocr_line' id='line_1_51' title="bbox 1099 2794 1354 2803; baseline 0 927"><span class='ocrx_word' id='word_1_463' title='bbox 1099 2794 1354 2803; x_wconf 95' lang='lat' dir='ltr'> </span> 
     </span>
    </p>
   </div>
   <div class='ocr_carea' id='block_1_17' title="bbox 1357 2793 1613 2800">
    <p class='ocr_par' dir='ltr' id='par_1_19' title="bbox 1357 2793 1613 2800">
     <span class='ocr_line' id='line_1_52' title="bbox 1357 2793 1613 2800; baseline 0 0"><span class='ocrx_word' id='word_1_464' title='bbox 1357 2793 1613 2800; x_wconf 95' lang='lat' dir='ltr'> </span> 
     </span>
    </p>
   </div>
   <div class='ocr_carea' id='block_1_18' title="bbox 1615 2791 1873 2798">
    <p class='ocr_par' dir='ltr' id='par_1_20' title="bbox 1615 2791 1873 2798">
     <span class='ocr_line' id='line_1_53' title="bbox 1615 2791 1873 2798; baseline 0 932"><span class='ocrx_word' id='word_1_465' title='bbox 1615 2791 1873 2798; x_wconf 95' lang='lat' dir='ltr'> </span> 
     </span>
    </p>
   </div>
   <div class='ocr_carea' id='block_1_19' title="bbox 69 2809 1883 3232">
    <p class='ocr_par' dir='ltr' id='par_1_21' title="bbox 69 2809 1883 3232">
     <span class='ocr_line' id='line_1_54' title="bbox 172 2809 1882 2866; baseline -0.002 -20"><span class='ocrx_word' id='word_1_466' title='bbox 172 2811 233 2855; x_wconf 80' lang='lat' dir='ltr'>(a)</span> <span class='ocrx_word' id='word_1_467' title='bbox 259 2812 475 2863; x_wconf 67' lang='lat' dir='ltr'>Sapientiam</span> <span class='ocrx_word' id='word_1_468' title='bbox 489 2813 642 2849; x_wconf 81' lang='lat' dir='ltr'>omnium</span> <span class='ocrx_word' id='word_1_469' title='bbox 656 2815 879 2866; x_wconf 79' lang='lat' dir='ltr'>antiquorum</span> <span class='ocrx_word' id='word_1_470' title='bbox 889 2814 1053 2866; x_wconf 75' lang='lat' dir='ltr'>exquiret</span> <span class='ocrx_word' id='word_1_471' title='bbox 1060 2811 1212 2865; x_wconf 77' lang='lat' dir='ltr'>sapiens,</span> <span class='ocrx_word' id='word_1_472' title='bbox 1234 2809 1531 2853; x_wconf 72' lang='lat' dir='ltr'>&amp;narrationem</span> <span class='ocrx_word' id='word_1_473' title='bbox 1544 2811 1707 2846; x_wconf 79' lang='lat' dir='ltr'>virorum</span> <span class='ocrx_word' id='word_1_474' title='bbox 1724 2810 1882 2846; x_wconf 83' lang='lat' dir='ltr'>nomina-</span> 
     </span>
     <span class='ocr_line' id='line_1_55' title="bbox 77 2861 1881 2916; baseline -0.001 -18"><span class='ocrx_word' id='word_1_475' title='bbox 77 2873 191 2899; x_wconf 72' lang='lat' dir='ltr'>torum</span> <span class='ocrx_word' id='word_1_476' title='bbox 203 2861 433 2909; x_wconf 83' lang='lat' dir='ltr'>conservabit.</span> <span class='ocrx_word' id='word_1_477' title='bbox 486 2865 689 2912; x_wconf 75' lang='lat' dir='ltr'>Ecc1e1239.</span> <span class='ocrx_word' id='word_1_478' title='bbox 712 2879 744 2903; x_wconf 89' lang='lat'>1.</span> <span class='ocrx_word' id='word_1_479' title='bbox 765 2869 844 2904; x_wconf 81' lang='lat'>&amp;2.</span> <span class='ocrx_word' id='word_1_480' title='bbox 873 2867 933 2914; x_wconf 86' lang='lat' dir='ltr'>(b)</span> <span class='ocrx_word' id='word_1_481' title='bbox 954 2863 1323 2916; x_wconf 81' lang='lat' dir='ltr'>S.Greg.Nazianz.in</span> <span class='ocrx_word' id='word_1_482' title='bbox 1335 2863 1445 2912; x_wconf 87' lang='lat' dir='ltr'>Apol.</span> <span class='ocrx_word' id='word_1_483' title='bbox 1474 2863 1546 2910; x_wconf 83' lang='lat' dir='ltr'>(e)</span> <span class='ocrx_word' id='word_1_484' title='bbox 1562 2863 1749 2908; x_wconf 83' lang='lat' dir='ltr'>Cant.7.2.</span> <span class='ocrx_word' id='word_1_485' title='bbox 1767 2862 1827 2908; x_wconf 84' lang='lat' dir='ltr'>(d)</span> <span class='ocrx_word' id='word_1_486' title='bbox 1837 2865 1881 2896; x_wconf 88' lang='lat' dir='ltr'>Et</span> 
     </span>
     <span class='ocr_line' id='line_1_56' title="bbox 69 2914 1881 2971; baseline -0.002 -20"><span class='ocrx_word' id='word_1_487' title='bbox 69 2914 171 2968; x_wconf 67' lang='lat' dir='ltr'>saper</span> <span class='ocrx_word' id='word_1_488' title='bbox 179 2916 299 2968; x_wconf 88' lang='lat' dir='ltr'>capita</span> <span class='ocrx_word' id='word_1_489' title='bbox 312 2915 548 2953; x_wconf 75' lang='lat' dir='ltr'>columnarum</span> <span class='ocrx_word' id='word_1_490' title='bbox 556 2926 634 2968; x_wconf 84' lang='lat' dir='ltr'>opus</span> <span class='ocrx_word' id='word_1_491' title='bbox 648 2919 686 2953; x_wconf 87' lang='lat' dir='ltr'>in</span> <span class='ocrx_word' id='word_1_492' title='bbox 701 2918 838 2956; x_wconf 80' lang='lat' dir='ltr'>modum</span> <span class='ocrx_word' id='word_1_493' title='bbox 853 2917 925 2955; x_wconf 80' lang='lat' dir='ltr'>lilii</span> <span class='ocrx_word' id='word_1_494' title='bbox 928 2916 1040 2971; x_wconf 65' lang='lat' dir='ltr'>posicit</span> <span class='ocrx_word' id='word_1_495' title='bbox 1052 2944 1060 2959; x_wconf 87' lang='lat'><strong>,</strong></span> <span class='ocrx_word' id='word_1_496' title='bbox 1066 2915 1330 2971; x_wconf 57' lang='lat' dir='ltr'>perfecsiumque</span> <span class='ocrx_word' id='word_1_497' title='bbox 1340 2914 1386 2967; x_wconf 85' lang='lat' dir='ltr'>est</span> <span class='ocrx_word' id='word_1_498' title='bbox 1404 2925 1481 2968; x_wconf 82' lang='lat' dir='ltr'>opas</span> <span class='ocrx_word' id='word_1_499' title='bbox 1487 2914 1736 2952; x_wconf 77' lang='lat' dir='ltr'>columnarum.</span> <span class='ocrx_word' id='word_1_500' title='bbox 1753 2915 1881 2962; x_wconf 82' lang='lat' dir='ltr'>3.Reg.</span> 
     </span>
     <span class='ocr_line' id='line_1_57' title="bbox 82 2963 1881 3020; baseline -0.004 -14"><span class='ocrx_word' id='word_1_501' title='bbox 82 2980 119 3014; x_wconf 84' lang='lat'>7.</span> <span class='ocrx_word' id='word_1_502' title='bbox 142 2981 203 3004; x_wconf 88' lang='lat'>22.</span> <span class='ocrx_word' id='word_1_503' title='bbox 226 2973 245 3013; x_wconf 92' lang='lat'><em>(</em></span> <span class='ocrx_word' id='word_1_504' title='bbox 263 2970 301 3013; x_wconf 87' lang='lat' dir='ltr'>e)</span> <span class='ocrx_word' id='word_1_505' title='bbox 330 2974 383 3005; x_wconf 82' lang='lat' dir='ltr'>Ac</span> <span class='ocrx_word' id='word_1_506' title='bbox 397 2968 478 3005; x_wconf 86' lang='lat' dir='ltr'>lilia</span> <span class='ocrx_word' id='word_1_507' title='bbox 497 2982 543 3005; x_wconf 84' lang='lat' dir='ltr'>ex</span> <span class='ocrx_word' id='word_1_508' title='bbox 561 2968 625 3020; x_wconf 70' lang='lat' dir='ltr'>ipse}</span> <span class='ocrx_word' id='word_1_509' title='bbox 640 2971 874 3020; x_wconf 81' lang='lat' dir='ltr'>procedentia.</span> <span class='ocrx_word' id='word_1_510' title='bbox 901 2973 964 3007; x_wconf 87' lang='lat' dir='ltr'>Ex.</span> <span class='ocrx_word' id='word_1_511' title='bbox 988 2984 1049 3017; x_wconf 86' lang='lat'>25.</span> <span class='ocrx_word' id='word_1_512' title='bbox 1071 2984 1129 3018; x_wconf 87' lang='lat'>31.</span> <span class='ocrx_word' id='word_1_513' title='bbox 1155 2969 1200 3018; x_wconf 86' lang='lat' dir='ltr'>(f</span> <span class='ocrx_word' id='word_1_514' title='bbox 1203 2970 1220 3014; x_wconf 85' lang='grc'>&gt;</span> <span class='ocrx_word' id='word_1_515' title='bbox 1246 2970 1341 3020; x_wconf 75' lang='lat' dir='ltr'>Spica</span> <span class='ocrx_word' id='word_1_516' title='bbox 1366 2969 1501 3005; x_wconf 86' lang='lat' dir='ltr'>nomine</span> <span class='ocrx_word' id='word_1_517' title='bbox 1523 2978 1565 3004; x_wconf 83' lang='lat' dir='ltr'>ut</span> <span class='ocrx_word' id='word_1_518' title='bbox 1582 2981 1642 3019; x_wconf 84' lang='lat' dir='ltr'>ego</span> <span class='ocrx_word' id='word_1_519' title='bbox 1658 2965 1797 3019; x_wconf 79' lang='lat' dir='ltr'>quidem</span> <span class='ocrx_word' id='word_1_520' title='bbox 1802 2963 1881 3010; x_wconf 72' lang='lat' dir='ltr'>sen-</span> 
     </span>
     <span class='ocr_line' id='line_1_58' title="bbox 81 3017 1882 3074; baseline -0.002 -19"><span class='ocrx_word' id='word_1_521' title='bbox 81 3021 130 3056; x_wconf 88' lang='lat' dir='ltr'>tio</span> <span class='ocrx_word' id='word_1_522' title='bbox 150 3018 389 3072; x_wconf 75' lang='lat' dir='ltr'>disc&#39;ipalornm</span> <span class='ocrx_word' id='word_1_523' title='bbox 411 3031 533 3058; x_wconf 78' lang='lat' dir='ltr'>coetnm</span> <span class='ocrx_word' id='word_1_524' title='bbox 555 3020 746 3060; x_wconf 78' lang='lat' dir='ltr'>intellexit.</span> <span class='ocrx_word' id='word_1_525' title='bbox 798 3025 952 3074; x_wconf 87' lang='lat' dir='ltr'>Procop.</span> <span class='ocrx_word' id='word_1_526' title='bbox 980 3036 1011 3060; x_wconf 89' lang='lat' dir='ltr'>c.</span> <span class='ocrx_word' id='word_1_527' title='bbox 1040 3035 1098 3070; x_wconf 84' lang='lat'>17.</span> <span class='ocrx_word' id='word_1_528' title='bbox 1118 3023 1183 3061; x_wconf 75' lang='lat' dir='ltr'>Isa.</span> <span class='ocrx_word' id='word_1_529' title='bbox 1216 3027 1233 3067; x_wconf 88' lang='lat'><em>(</em></span> <span class='ocrx_word' id='word_1_530' title='bbox 1248 3034 1271 3071; x_wconf 85' lang='lat' dir='ltr'>g</span> <span class='ocrx_word' id='word_1_531' title='bbox 1291 3022 1307 3066; x_wconf 85' lang='lat'><em>)</em></span> <span class='ocrx_word' id='word_1_532' title='bbox 1335 3019 1451 3057; x_wconf 81' lang='lat' dir='ltr'>Labia</span> <span class='ocrx_word' id='word_1_533' title='bbox 1474 3021 1546 3068; x_wconf 70' lang='lat' dir='ltr'>ejus</span> <span class='ocrx_word' id='word_1_534' title='bbox 1569 3019 1649 3057; x_wconf 85' lang='lat' dir='ltr'>lilia</span> <span class='ocrx_word' id='word_1_535' title='bbox 1667 3017 1882 3070; x_wconf 84' lang='lat' dir='ltr'>distillantia</span> 
     </span>
     <span class='ocr_line' id='line_1_59' title="bbox 82 3069 1882 3126; baseline -0.002 -18"><span class='ocrx_word' id='word_1_536' title='bbox 82 3070 258 3122; x_wconf 80' lang='lat' dir='ltr'>myrrham</span> <span class='ocrx_word' id='word_1_537' title='bbox 279 3076 448 3126; x_wconf 85' lang='lat' dir='ltr'>primam.</span> <span class='ocrx_word' id='word_1_538' title='bbox 505 3074 646 3111; x_wconf 82' lang='lat' dir='ltr'>Cantic.</span> <span class='ocrx_word' id='word_1_539' title='bbox 683 3087 714 3121; x_wconf 87' lang='lat'>5.</span> <span class='ocrx_word' id='word_1_540' title='bbox 740 3089 772 3124; x_wconf 83' lang='lat'>3.</span> <span class='ocrx_word' id='word_1_541' title='bbox 812 3079 862 3124; x_wconf 86' lang='lat' dir='ltr'>(h</span> <span class='ocrx_word' id='word_1_542' title='bbox 869 3080 887 3121; x_wconf 92' lang='lat'><em>)</em></span> <span class='ocrx_word' id='word_1_543' title='bbox 919 3076 1098 3114; x_wconf 84' lang='lat' dir='ltr'>Diadema</span> <span class='ocrx_word' id='word_1_544' title='bbox 1120 3076 1292 3112; x_wconf 79' lang='lat' dir='ltr'>eximium</span> <span class='ocrx_word' id='word_1_545' title='bbox 1319 3071 1569 3126; x_wconf 83' lang='lat' dir='ltr'>impretiabilis</span> <span class='ocrx_word' id='word_1_546' title='bbox 1591 3074 1724 3110; x_wconf 86' lang='lat' dir='ltr'>notitia</span> <span class='ocrx_word' id='word_1_547' title='bbox 1756 3069 1882 3105; x_wconf 86' lang='lat' dir='ltr'>litera-</span> 
     </span>
     <span class='ocr_line' id='line_1_60' title="bbox 83 3120 1881 3181; baseline -0.003 -19"><span class='ocrx_word' id='word_1_548' title='bbox 83 3137 162 3181; x_wconf 74' lang='lat' dir='ltr'>rum</span> <span class='ocrx_word' id='word_1_549' title='bbox 176 3151 185 3164; x_wconf 89' lang='lat'>,</span> <span class='ocrx_word' id='word_1_550' title='bbox 204 3135 386 3178; x_wconf 82' lang='lat' dir='ltr'>perquam</span> <span class='ocrx_word' id='word_1_551' title='bbox 406 3126 490 3164; x_wconf 75' lang='lat' dir='ltr'>dam</span> <span class='ocrx_word' id='word_1_552' title='bbox 518 3137 682 3165; x_wconf 81' lang='lat' dir='ltr'>veterum</span> <span class='ocrx_word' id='word_1_553' title='bbox 701 3128 933 3180; x_wconf 85' lang='lat' dir='ltr'>providentia</span> <span class='ocrx_word' id='word_1_554' title='bbox 955 3128 1101 3175; x_wconf 77' lang='lat' dir='ltr'>distitur</span> <span class='ocrx_word' id='word_1_555' title='bbox 1117 3156 1125 3170; x_wconf 89' lang='lat'>‚</span> <span class='ocrx_word' id='word_1_556' title='bbox 1149 3126 1280 3180; x_wconf 80' lang='lat' dir='ltr'>regalis</span> <span class='ocrx_word' id='word_1_557' title='bbox 1303 3125 1465 3178; x_wconf 83' lang='lat' dir='ltr'>dignitas</span> <span class='ocrx_word' id='word_1_558' title='bbox 1487 3135 1651 3177; x_wconf 83' lang='lat' dir='ltr'>augetur.</span> <span class='ocrx_word' id='word_1_559' title='bbox 1709 3120 1802 3158; x_wconf 77' lang='lat' dir='ltr'>Caff.</span> <span class='ocrx_word' id='word_1_560' title='bbox 1823 3134 1881 3158; x_wconf 90' lang='lat'>12.</span> 
     </span>
     <span class='ocr_line' id='line_1_61' title="bbox 86 3175 1883 3232; baseline -0.002 -19"><span class='ocrx_word' id='word_1_561' title='bbox 86 3189 160 3213; x_wconf 82' lang='lat' dir='ltr'>var.</span> <span class='ocrx_word' id='word_1_562' title='bbox 189 3190 217 3214; x_wconf 90' lang='lat'>1.</span> <span class='ocrx_word' id='word_1_563' title='bbox 241 3177 280 3223; x_wconf 94' lang='lat' dir='ltr'>(i</span> <span class='ocrx_word' id='word_1_564' title='bbox 292 3186 307 3222; x_wconf 83' lang='lat'><strong><em>)</em></strong></span> <span class='ocrx_word' id='word_1_565' title='bbox 325 3180 444 3229; x_wconf 85' lang='lat' dir='ltr'>Aloys.</span> <span class='ocrx_word' id='word_1_566' title='bbox 464 3182 564 3217; x_wconf 85' lang='lat' dir='ltr'>Nov.</span> <span class='ocrx_word' id='word_1_567' title='bbox 580 3183 614 3217; x_wconf 81' lang='lat' dir='ltr'>S.</span> <span class='ocrx_word' id='word_1_568' title='bbox 629 3183 754 3231; x_wconf 89' lang='lat' dir='ltr'>proph.</span> <span class='ocrx_word' id='word_1_569' title='bbox 774 3194 847 3232; x_wconf 86' lang='lat' dir='ltr'>cap.</span> <span class='ocrx_word' id='word_1_570' title='bbox 875 3195 906 3227; x_wconf 88' lang='lat'>5.</span> <span class='ocrx_word' id='word_1_571' title='bbox 961 3183 1037 3230; x_wconf 87' lang='lat' dir='ltr'>(k)</span> <span class='ocrx_word' id='word_1_572' title='bbox 1065 3186 1189 3218; x_wconf 83' lang='lat' dir='ltr'>Omnes</span> <span class='ocrx_word' id='word_1_573' title='bbox 1206 3190 1304 3217; x_wconf 87' lang='lat' dir='ltr'>artes</span> <span class='ocrx_word' id='word_1_574' title='bbox 1319 3206 1328 3220; x_wconf 89' lang='lat'>‚</span> <span class='ocrx_word' id='word_1_575' title='bbox 1353 3191 1422 3231; x_wconf 66' lang='lat' dir='ltr'>qua</span> <span class='ocrx_word' id='word_1_576' title='bbox 1436 3177 1488 3215; x_wconf 85' lang='lat' dir='ltr'>ad</span> <span class='ocrx_word' id='word_1_577' title='bbox 1497 3176 1760 3215; x_wconf 79' lang='lat' dir='ltr'>humanitatem</span> <span class='ocrx_word' id='word_1_578' title='bbox 1771 3175 1883 3226; x_wconf 74' lang='lat' dir='ltr'>perti-=</span> 
     </span>
    </p>
   </div>
   <div class='ocr_carea' id='block_1_20' title="bbox 85 3225 1884 3334">
    <p class='ocr_par' dir='ltr' id='par_1_22' title="bbox 85 3225 1884 3334">
     <span class='ocr_line' id='line_1_62' title="bbox 85 3225 1884 3320; baseline -0.004 -52"><span class='ocrx_word' id='word_1_579' title='bbox 85 3237 170 3264; x_wconf 82' lang='lat' dir='ltr'>nent</span> <span class='ocrx_word' id='word_1_580' title='bbox 192 3255 201 3269; x_wconf 84' lang='lat'>‚</span> <span class='ocrx_word' id='word_1_581' title='bbox 215 3228 356 3320; x_wconf 59' lang='lat' dir='ltr'>gabent</span> <span class='ocrx_word' id='word_1_582' title='bbox 375 3232 547 3284; x_wconf 82' lang='lat' dir='ltr'>quoddam</span> <span class='ocrx_word' id='word_1_583' title='bbox 568 3246 742 3272; x_wconf 81' lang='lat' dir='ltr'>commune</span> <span class='ocrx_word' id='word_1_584' title='bbox 767 3233 949 3272; x_wconf 73' lang='lat' dir='ltr'>vinculum</span> <span class='ocrx_word' id='word_1_585' title='bbox 964 3261 972 3276; x_wconf 94' lang='lat'>‚</span> <span class='ocrx_word' id='word_1_586' title='bbox 998 3233 1044 3278; x_wconf 61' lang='grc' dir='ltr'><em>ὠ</em></span> <span class='ocrx_word' id='word_1_587' title='bbox 1058 3232 1159 3288; x_wconf 71' lang='lat' dir='ltr'>quasi</span> <span class='ocrx_word' id='word_1_588' title='bbox 1167 3233 1369 3286; x_wconf 83' lang='lat' dir='ltr'>cognatione</span> <span class='ocrx_word' id='word_1_589' title='bbox 1383 3230 1537 3284; x_wconf 73' lang='lat' dir='ltr'>quadam</span> <span class='ocrx_word' id='word_1_590' title='bbox 1555 3231 1651 3266; x_wconf 85' lang='lat' dir='ltr'>inter</span> <span class='ocrx_word' id='word_1_591' title='bbox 1657 3225 1697 3276; x_wconf 70' lang='lat' dir='ltr'>se</span> <span class='ocrx_word' id='word_1_592' title='bbox 1710 3227 1884 3264; x_wconf 78' lang='lat' dir='ltr'>continen-</span> 
     </span>
     <span class='ocr_line' id='line_1_63' title="bbox 85 3288 555 3334; baseline 0.013 -18"><span class='ocrx_word' id='word_1_593' title='bbox 85 3290 159 3318; x_wconf 77' lang='lat' dir='ltr'>tur.</span> <span class='ocrx_word' id='word_1_594' title='bbox 248 3295 332 3322; x_wconf 75' lang='lat' dir='ltr'>icet.</span> <span class='ocrx_word' id='word_1_595' title='bbox 349 3297 414 3334; x_wconf 92' lang='lat' dir='ltr'>pro</span> <span class='ocrx_word' id='word_1_596' title='bbox 444 3288 555 3326; x_wconf 75' lang='lat' dir='ltr'>Aren,</span> 
     </span>
    </p>
   </div>
  </div>
 </body>
</html>
