<?xml version="1.0" encoding="UTF-8"?>
<!DOCTYPE html PUBLIC "-//W3C//DTD XHTML 1.0 Transitional//EN"
    "http://www.w3.org/TR/xhtml1/DTD/xhtml1-transitional.dtd">
<html xmlns="http://www.w3.org/1999/xhtml" xml:lang="en" lang="en">
 <head>
  <title>
</title>
<meta http-equiv="Content-Type" content="text/html;charset=utf-8" />
  <meta name='ocr-system' content='tesseract 3.04.00' />
  <meta name='ocr-capabilities' content='ocr_page ocr_carea ocr_par ocr_line ocrx_word'/>
</head>
<body>
  <div class='ocr_page' id='page_1' title='image "./didacisaavedraef00saav_0281.png"; bbox 0 0 2132 3730; ppageno 0'>
   <div class='ocr_carea' id='block_1_1' title="bbox 322 291 575 298">
    <p class='ocr_par' dir='ltr' id='par_1_1' title="bbox 322 291 575 298">
     <span class='ocr_line' id='line_1_1' title="bbox 322 291 575 298; baseline 0 3432"><span class='ocrx_word' id='word_1_1' title='bbox 322 291 575 298; x_wconf 95' lang='lat' dir='ltr'><strong> </strong></span> 
     </span>
    </p>
   </div>
   <div class='ocr_carea' id='block_1_2' title="bbox 456 227 1851 278">
    <p class='ocr_par' dir='ltr' id='par_1_2' title="bbox 456 227 1851 278">
     <span class='ocr_line' id='line_1_2' title="bbox 456 227 1851 278; baseline 0.007 -10"><span class='ocrx_word' id='word_1_2' title='bbox 456 227 1426 275; x_wconf 78' lang='lat' dir='ltr'><em>SYMBOLAPOLJTICA.</em></span> <span class='ocrx_word' id='word_1_3' title='bbox 1769 240 1851 278; x_wconf 87' lang='lat'><strong>261</strong></span> 
     </span>
    </p>
   </div>
   <div class='ocr_carea' id='block_1_3' title="bbox 0 312 1854 1024">
    <p class='ocr_par' dir='ltr' id='par_1_3' title="bbox 0 312 1854 1024">
     <span class='ocr_line' id='line_1_3' title="bbox 54 312 1854 370; baseline 0.002 -16"><span class='ocrx_word' id='word_1_4' title='bbox 54 316 364 365; x_wconf 77' lang='lat' dir='ltr'><strong>extinguerentur</strong></span> <span class='ocrx_word' id='word_1_5' title='bbox 388 319 405 361; x_wconf 79' lang='lat'>3</span> <span class='ocrx_word' id='word_1_6' title='bbox 434 312 489 351; x_wconf 88' lang='lat' dir='ltr'><strong>ob</strong></span> <span class='ocrx_word' id='word_1_7' title='bbox 505 324 619 362; x_wconf 89' lang='lat' dir='ltr'><strong>quam</strong></span> <span class='ocrx_word' id='word_1_8' title='bbox 640 314 787 352; x_wconf 87' lang='lat' dir='ltr'><strong>causam</strong></span> <span class='ocrx_word' id='word_1_9' title='bbox 805 314 964 366; x_wconf 75' lang='lat' dir='ltr'><strong>insignes</strong></span> <span class='ocrx_word' id='word_1_10' title='bbox 982 315 1094 366; x_wconf 81' lang='lat' dir='ltr'><strong>plane</strong></span> <span class='ocrx_word' id='word_1_11' title='bbox 1119 315 1258 355; x_wconf 84' lang='lat' dir='ltr'>Marco</span> <span class='ocrx_word' id='word_1_12' title='bbox 1280 316 1352 370; x_wconf 74' lang='lat' dir='ltr'><strong>(a)</strong></span> <span class='ocrx_word' id='word_1_13' title='bbox 1383 317 1548 359; x_wconf 83' lang='lat' dir='ltr'><strong>Hortalo</strong></span> <span class='ocrx_word' id='word_1_14' title='bbox 1568 319 1702 370; x_wconf 82' lang='lat' dir='ltr'>gratias</span> <span class='ocrx_word' id='word_1_15' title='bbox 1729 318 1766 357; x_wconf 69' lang='grc' dir='ltr'><strong>δι</strong></span> <span class='ocrx_word' id='word_1_16' title='bbox 1788 320 1854 358; x_wconf 88' lang='lat' dir='ltr'><strong>be-</strong></span> 
     </span>
     <span class='ocr_line' id='line_1_4' title="bbox 54 368 1853 430; baseline 0.001 -16"><span class='ocrx_word' id='word_1_17' title='bbox 54 372 190 414; x_wconf 87' lang='lat' dir='ltr'><strong>neficia</strong></span> <span class='ocrx_word' id='word_1_18' title='bbox 216 368 398 422; x_wconf 82' lang='lat' dir='ltr'><strong>praesti&#39;tit.</strong></span> <span class='ocrx_word' id='word_1_19' title='bbox 469 371 616 412; x_wconf 78' lang='lat' dir='ltr'><em>Primus</em></span> <span class='ocrx_word' id='word_1_20' title='bbox 633 375 844 423; x_wconf 72' lang='lat' dir='ltr'><strong>cognitionem</strong></span> <span class='ocrx_word' id='word_1_21' title='bbox 863 373 902 413; x_wconf 74' lang='lat' dir='ltr'><strong>(ie</strong></span> <span class='ocrx_word' id='word_1_22' title='bbox 914 372 1059 428; x_wconf 64' lang='lat' dir='ltr'><strong>fizmqsis</strong></span> <span class='ocrx_word' id='word_1_23' title='bbox 1079 374 1192 414; x_wconf 78' lang='lat' dir='ltr'><em>libellis</em></span> <span class='ocrx_word' id='word_1_24' title='bbox 1210 406 1221 423; x_wconf 84' lang='lat'>‚</span> <span class='ocrx_word' id='word_1_25' title='bbox 1241 373 1347 427; x_wconf 69' lang='lat' dir='ltr'><strong>specie</strong></span> <span class='ocrx_word' id='word_1_26' title='bbox 1366 377 1445 429; x_wconf 74' lang='lat' dir='ltr'><strong>legis</strong></span> <span class='ocrx_word' id='word_1_27' title='bbox 1465 377 1537 430; x_wconf 73' lang='lat' dir='ltr'><strong>ejus</strong></span> <span class='ocrx_word' id='word_1_28' title='bbox 1565 378 1753 426; x_wconf 56' lang='lat' dir='ltr'><strong>cratia-vit,</strong></span> <span class='ocrx_word' id='word_1_29' title='bbox 1770 391 1853 417; x_wconf 71' lang='lat' dir='ltr'><strong>cosn-</strong></span> 
     </span>
     <span class='ocr_line' id='line_1_5' title="bbox 53 428 1852 490; baseline 0.003 -19"><span class='ocrx_word' id='word_1_30' title='bbox 53 441 161 473; x_wconf 83' lang='lat' dir='ltr'><strong>motus</strong></span> <span class='ocrx_word' id='word_1_31' title='bbox 187 428 277 483; x_wconf 86' lang='lat' dir='ltr'><strong>Caffi</strong></span> <span class='ocrx_word' id='word_1_32' title='bbox 292 429 416 469; x_wconf 64' lang='lat' dir='ltr'><strong>Severi</strong></span> <span class='ocrx_word' id='word_1_33' title='bbox 432 429 565 470; x_wconf 74' lang='lat' dir='ltr'><em>libidine</em></span> <span class='ocrx_word' id='word_1_34' title='bbox 584 463 598 480; x_wconf 84' lang='lat'>‚</span> <span class='ocrx_word' id='word_1_35' title='bbox 627 445 698 484; x_wconf 77' lang='lat' dir='ltr'><strong>qua</strong></span> <span class='ocrx_word' id='word_1_36' title='bbox 718 435 816 472; x_wconf 64' lang='lat' dir='ltr'><strong>viros</strong></span> <span class='ocrx_word' id='word_1_37' title='bbox 830 431 1054 489; x_wconf 54' lang='lat' dir='ltr'><strong>flammisque</strong></span> <span class='ocrx_word' id='word_1_38' title='bbox 1080 432 1225 486; x_wconf 77' lang='lat' dir='ltr'><strong>illustres</strong></span> <span class='ocrx_word' id='word_1_39' title='bbox 1253 435 1455 485; x_wconf 71' lang='lat' dir='ltr'><strong>procacihm</strong></span> <span class='ocrx_word' id='word_1_40' title='bbox 1465 433 1608 488; x_wconf 79' lang='lat' dir='ltr'><strong>scriptis</strong></span> <span class='ocrx_word' id='word_1_41' title='bbox 1630 435 1852 490; x_wconf 72' lang='lat' dir='ltr'><strong>dffamarat,</strong></span> 
     </span>
     <span class='ocr_line' id='line_1_6' title="bbox 53 487 1851 548; baseline 0.003 -18"><span class='ocrx_word' id='word_1_42' title='bbox 53 490 128 542; x_wconf 81' lang='lat' dir='ltr'><strong>(b)</strong></span> <span class='ocrx_word' id='word_1_43' title='bbox 143 487 314 528; x_wconf 88' lang='lat' dir='ltr'><strong>Eosdem</strong></span> <span class='ocrx_word' id='word_1_44' title='bbox 334 490 484 529; x_wconf 90' lang='lat' dir='ltr'><strong>libellos</strong></span> <span class='ocrx_word' id='word_1_45' title='bbox 502 489 571 542; x_wconf 75' lang='lat' dir='ltr'><strong>(c)</strong></span> <span class='ocrx_word' id='word_1_46' title='bbox 594 492 633 530; x_wconf 91' lang='lat' dir='ltr'><strong>in</strong></span> <span class='ocrx_word' id='word_1_47' title='bbox 654 492 757 532; x_wconf 83' lang='lat' dir='ltr'><strong>suam</strong></span> <span class='ocrx_word' id='word_1_48' title='bbox 780 493 979 543; x_wconf 85' lang='lat' dir='ltr'>personam</span> <span class='ocrx_word' id='word_1_49' title='bbox 1004 494 1041 533; x_wconf 88' lang='lat'>&amp;</span> <span class='ocrx_word' id='word_1_50' title='bbox 1065 494 1380 545; x_wconf 82' lang='lat' dir='ltr'>gubernationem</span> <span class='ocrx_word' id='word_1_51' title='bbox 1399 495 1636 548; x_wconf 84' lang='lat' dir='ltr'><strong>conscriptos</strong></span> <span class='ocrx_word' id='word_1_52' title='bbox 1659 498 1744 536; x_wconf 87' lang='lat' dir='ltr'><strong>tulit</strong></span> <span class='ocrx_word' id='word_1_53' title='bbox 1760 497 1851 548; x_wconf 85' lang='lat' dir='ltr'><strong>ipse,</strong></span> 
     </span>
     <span class='ocr_line' id='line_1_7' title="bbox 51 547 1852 610; baseline 0.004 -22"><span class='ocrx_word' id='word_1_54' title='bbox 51 547 371 599; x_wconf 89' lang='lat' dir='ltr'><strong>contempsitque.</strong></span> <span class='ocrx_word' id='word_1_55' title='bbox 431 547 571 589; x_wconf 88' lang='lat' dir='ltr'><strong>Multis</strong></span> <span class='ocrx_word' id='word_1_56' title='bbox 597 552 674 603; x_wconf 88' lang='lat' dir='ltr'><strong>egit</strong></span> <span class='ocrx_word' id='word_1_57' title='bbox 690 551 740 591; x_wconf 89' lang='lat' dir='ltr'><strong>de</strong></span> <span class='ocrx_word' id='word_1_58' title='bbox 763 553 908 603; x_wconf 82' lang='lat' dir='ltr'><strong>politia,</strong></span> <span class='ocrx_word' id='word_1_59' title='bbox 923 553 961 593; x_wconf 68' lang='grc' dir='ltr'><strong>δι</strong></span> <span class='ocrx_word' id='word_1_60' title='bbox 989 563 1125 593; x_wconf 87' lang='lat' dir='ltr'><strong>ornatu</strong></span> <span class='ocrx_word' id='word_1_61' title='bbox 1151 553 1353 605; x_wconf 80' lang='lat' dir='ltr'><strong>magnifico</strong></span> <span class='ocrx_word' id='word_1_62' title='bbox 1372 555 1473 593; x_wconf 85' lang='lat' dir='ltr'><strong>urbis</strong></span> <span class='ocrx_word' id='word_1_63' title='bbox 1491 551 1563 610; x_wconf 74' lang='lat' dir='ltr'><strong>(d)</strong></span> <span class='ocrx_word' id='word_1_64' title='bbox 1583 556 1730 596; x_wconf 83' lang='lat' dir='ltr'><strong>Roniae.</strong></span> <span class='ocrx_word' id='word_1_65' title='bbox 1762 558 1852 596; x_wconf 87' lang='lat' dir='ltr'><strong>Ma-</strong></span> 
     </span>
     <span class='ocr_line' id='line_1_8' title="bbox 47 608 1852 665; baseline 0.004 -17"><span class='ocrx_word' id='word_1_66' title='bbox 47 611 84 649; x_wconf 86' lang='lat' dir='ltr'><strong>ri</strong></span> <span class='ocrx_word' id='word_1_67' title='bbox 100 608 233 646; x_wconf 82' lang='lat' dir='ltr'><em>Oceano</em></span> <span class='ocrx_word' id='word_1_68' title='bbox 248 638 262 656; x_wconf 87' lang='lat'>,</span> <span class='ocrx_word' id='word_1_69' title='bbox 289 616 355 647; x_wconf 75' lang='lat' dir='ltr'><strong>aut</strong></span> <span class='ocrx_word' id='word_1_70' title='bbox 368 608 524 648; x_wconf 69' lang='lat' dir='ltr'><strong>amnibus</strong></span> <span class='ocrx_word' id='word_1_71' title='bbox 542 610 728 665; x_wconf 76' lang='lat' dir='ltr'><em>longinquis</em></span> <span class='ocrx_word' id='word_1_72' title='bbox 744 621 922 664; x_wconf 87' lang='lat' dir='ltr'>tanquam</span> <span class='ocrx_word' id='word_1_73' title='bbox 946 614 1112 652; x_wconf 84' lang='lat' dir='ltr'><strong>terminis</strong></span> <span class='ocrx_word' id='word_1_74' title='bbox 1120 609 1221 664; x_wconf 61' lang='lat' dir='ltr'><strong>fipfit</strong></span> <span class='ocrx_word' id='word_1_75' title='bbox 1239 613 1440 664; x_wconf 55' lang='lat' dir='ltr'><strong>hirpin-ium,</strong></span> <span class='ocrx_word' id='word_1_76' title='bbox 1471 614 1659 655; x_wconf 88' lang='lat' dir='ltr'><strong>adnotatis</strong></span> <span class='ocrx_word' id='word_1_77' title='bbox 1688 617 1726 657; x_wconf 90' lang='lat' dir='ltr'><strong>in</strong></span> <span class='ocrx_word' id='word_1_78' title='bbox 1748 617 1852 656; x_wconf 82' lang='lat' dir='ltr'><strong>libro</strong></span> 
     </span>
     <span class='ocr_line' id='line_1_9' title="bbox 49 666 1852 723; baseline 0.004 -18"><span class='ocrx_word' id='word_1_79' title='bbox 49 667 129 720; x_wconf 83' lang='lat' dir='ltr'><strong>(ut</strong></span> <span class='ocrx_word' id='word_1_80' title='bbox 142 666 306 706; x_wconf 82' lang='lat' dir='ltr'><strong>diximus</strong></span> <span class='ocrx_word' id='word_1_81' title='bbox 320 669 348 720; x_wconf 80' lang='lat'><strong><em>)</em></strong></span> <span class='ocrx_word' id='word_1_82' title='bbox 378 667 562 709; x_wconf 87' lang='lat' dir='ltr'><strong>reditibus</strong></span> <span class='ocrx_word' id='word_1_83' title='bbox 579 670 618 709; x_wconf 71' lang='grc' dir='ltr'><strong>δε</strong></span> <span class='ocrx_word' id='word_1_84' title='bbox 640 671 829 723; x_wconf 85' lang='lat' dir='ltr'><strong>expensis.</strong></span> <span class='ocrx_word' id='word_1_85' title='bbox 890 672 1078 711; x_wconf 85' lang='lat' dir='ltr'><strong>AErarium</strong></span> <span class='ocrx_word' id='word_1_86' title='bbox 1099 673 1258 710; x_wconf 80' lang='lat' dir='ltr'><strong>militare</strong></span> <span class='ocrx_word' id='word_1_87' title='bbox 1275 671 1434 712; x_wconf 81' lang='lat' dir='ltr'><strong>instituit</strong></span> <span class='ocrx_word' id='word_1_88' title='bbox 1447 703 1461 721; x_wconf 90' lang='lat'>,</span> <span class='ocrx_word' id='word_1_89' title='bbox 1492 673 1530 712; x_wconf 73' lang='grc' dir='ltr'><strong>δε</strong></span> <span class='ocrx_word' id='word_1_90' title='bbox 1550 676 1651 714; x_wconf 88' lang='lat' dir='ltr'><strong>vires</strong></span> <span class='ocrx_word' id='word_1_91' title='bbox 1669 688 1713 715; x_wconf 91' lang='lat' dir='ltr'><strong>ea</strong></span> <span class='ocrx_word' id='word_1_92' title='bbox 1736 678 1852 716; x_wconf 86' lang='lat' dir='ltr'><strong>ratio-</strong></span> 
     </span>
     <span class='ocr_line' id='line_1_10' title="bbox 47 726 1851 784; baseline 0.006 -17"><span class='ocrx_word' id='word_1_93' title='bbox 47 739 97 767; x_wconf 90' lang='lat' dir='ltr'><strong>ne</strong></span> <span class='ocrx_word' id='word_1_94' title='bbox 108 727 269 778; x_wconf 88' lang='lat' dir='ltr'><strong>partitus</strong></span> <span class='ocrx_word' id='word_1_95' title='bbox 290 726 346 766; x_wconf 90' lang='lat' dir='ltr'><strong>est</strong></span> <span class='ocrx_word' id='word_1_96' title='bbox 364 758 378 778; x_wconf 84' lang='lat'><strong>,</strong></span> <span class='ocrx_word' id='word_1_97' title='bbox 406 738 449 768; x_wconf 93' lang='lat' dir='ltr'><strong>ut</strong></span> <span class='ocrx_word' id='word_1_98' title='bbox 489 728 518 781; x_wconf 70' lang='lat' dir='ltr'>s</span> <span class='ocrx_word' id='word_1_99' title='bbox 523 731 572 784; x_wconf 83' lang='lat' dir='ltr'><strong>e)</strong></span> <span class='ocrx_word' id='word_1_100' title='bbox 589 730 755 783; x_wconf 78' lang='lat' dir='ltr'><strong>Regiones</strong></span> <span class='ocrx_word' id='word_1_101' title='bbox 776 762 787 779; x_wconf 86' lang='lat'>‚</span> <span class='ocrx_word' id='word_1_102' title='bbox 817 731 1018 771; x_wconf 61' lang='lat' dir='ltr'><strong>Provincia</strong></span> <span class='ocrx_word' id='word_1_103' title='bbox 1037 760 1050 780; x_wconf 85' lang='lat'><strong>,</strong></span> <span class='ocrx_word' id='word_1_104' title='bbox 1080 728 1189 784; x_wconf 68' lang='lat' dir='ltr'><strong>claffis</strong></span> <span class='ocrx_word' id='word_1_105' title='bbox 1205 760 1218 778; x_wconf 84' lang='lat'>‚</span> <span class='ocrx_word' id='word_1_106' title='bbox 1247 733 1369 770; x_wconf 57' lang='lat' dir='ltr'><strong>canera</strong></span> <span class='ocrx_word' id='word_1_107' title='bbox 1394 734 1483 772; x_wconf 75' lang='lat' dir='ltr'><strong>iuter</strong></span> <span class='ocrx_word' id='word_1_108' title='bbox 1491 729 1531 783; x_wconf 81' lang='lat' dir='ltr'><strong>se</strong></span> <span class='ocrx_word' id='word_1_109' title='bbox 1545 746 1689 773; x_wconf 74' lang='lat' dir='ltr'><strong>cwmexa</strong></span> <span class='ocrx_word' id='word_1_110' title='bbox 1712 734 1851 777; x_wconf 73' lang='lat' dir='ltr'><strong>essent·-</strong></span> 
     </span>
     <span class='ocr_line' id='line_1_11' title="bbox 49 786 1853 845; baseline 0.005 -20"><span class='ocrx_word' id='word_1_111' title='bbox 49 788 180 838; x_wconf 88' lang='lat' dir='ltr'><strong>Atque</strong></span> <span class='ocrx_word' id='word_1_112' title='bbox 201 786 260 826; x_wconf 89' lang='lat' dir='ltr'><strong>his</strong></span> <span class='ocrx_word' id='word_1_113' title='bbox 284 789 384 827; x_wconf 80' lang='lat' dir='ltr'><strong>novis</strong></span> <span class='ocrx_word' id='word_1_114' title='bbox 400 802 443 827; x_wconf 86' lang='lat' dir='ltr'><strong>ex</strong></span> <span class='ocrx_word' id='word_1_115' title='bbox 459 788 562 828; x_wconf 80' lang='lat' dir='ltr'><strong>rebus</strong></span> <span class='ocrx_word' id='word_1_116' title='bbox 591 791 707 840; x_wconf 59' lang='lat' dir='ltr'><strong>erucii,</strong></span> <span class='ocrx_word' id='word_1_117' title='bbox 729 791 894 830; x_wconf 89' lang='lat' dir='ltr'><strong>Romani</strong></span> <span class='ocrx_word' id='word_1_118' title='bbox 913 820 926 839; x_wconf 89' lang='lat'>‚</span> <span class='ocrx_word' id='word_1_119' title='bbox 953 798 1034 830; x_wconf 82' lang='lat' dir='ltr'><strong>tuta</strong></span> <span class='ocrx_word' id='word_1_120' title='bbox 1048 787 1290 842; x_wconf 67' lang='lat' dir='ltr'><strong>&amp;praefimtia</strong></span> <span class='ocrx_word' id='word_1_121' title='bbox 1310 821 1322 839; x_wconf 89' lang='lat'>,</span> <span class='ocrx_word' id='word_1_122' title='bbox 1350 805 1455 844; x_wconf 72' lang='lat' dir='ltr'><strong>quam</strong></span> <span class='ocrx_word' id='word_1_123' title='bbox 1477 800 1600 832; x_wconf 77' lang='lat' dir='ltr'><strong>vetera</strong></span> <span class='ocrx_word' id='word_1_124' title='bbox 1617 792 1668 837; x_wconf 67' lang='lat'><strong>&amp;⁹</strong></span> <span class='ocrx_word' id='word_1_125' title='bbox 1682 797 1853 845; x_wconf 60' lang='lat' dir='ltr'><strong>periculm</strong></span> 
     </span>
     <span class='ocr_line' id='line_1_12' title="bbox 0 843 1852 904; baseline 0.006 -21"><span class='ocrx_word' id='word_1_126' title='bbox 0 883 2 898; x_wconf 22' lang='grc' dir='ltr'><strong><em>Τ</em></strong></span> <span class='ocrx_word' id='word_1_127' title='bbox 39 843 84 898; x_wconf 80' lang='lat' dir='ltr'><strong>sa</strong></span> <span class='ocrx_word' id='word_1_128' title='bbox 101 845 379 898; x_wconf 72' lang='lat' dir='ltr'><strong>nialeha77†;quo</strong></span> <span class='ocrx_word' id='word_1_129' title='bbox 399 846 556 896; x_wconf 60' lang='lat' dir='ltr'><strong>faffitum,</strong></span> <span class='ocrx_word' id='word_1_130' title='bbox 576 851 794 900; x_wconf 88' lang='lat' dir='ltr'><strong>uttyrannis</strong></span> <span class='ocrx_word' id='word_1_131' title='bbox 803 850 927 901; x_wconf 88' lang='lat' dir='ltr'><strong>jamin</strong></span> <span class='ocrx_word' id='word_1_132' title='bbox 941 862 1072 890; x_wconf 88' lang='lat' dir='ltr'><strong>amore</strong></span> <span class='ocrx_word' id='word_1_133' title='bbox 1087 849 1164 889; x_wconf 87' lang='lat' dir='ltr'><strong>esse</strong></span> <span class='ocrx_word' id='word_1_134' title='bbox 1178 851 1377 902; x_wconf 84' lang='lat' dir='ltr'><strong>inciperet.</strong></span> <span class='ocrx_word' id='word_1_135' title='bbox 1435 850 1534 891; x_wconf 88' lang='lat' dir='ltr'><strong>Non</strong></span> <span class='ocrx_word' id='word_1_136' title='bbox 1550 864 1626 904; x_wconf 88' lang='lat' dir='ltr'><strong>ego</strong></span> <span class='ocrx_word' id='word_1_137' title='bbox 1644 862 1770 893; x_wconf 88' lang='lat' dir='ltr'><strong>tamen</strong></span> <span class='ocrx_word' id='word_1_138' title='bbox 1779 855 1852 895; x_wconf 83' lang='lat' dir='ltr'><strong>has</strong></span> 
     </span>
     <span class='ocr_line' id='line_1_13' title="bbox 0 904 1849 966; baseline 0.005 -22"><span class='ocrx_word' id='word_1_139' title='bbox 0 904 3 963; x_wconf 57' lang='grc' dir='ltr'><em>ξ</em></span> <span class='ocrx_word' id='word_1_140' title='bbox 46 915 146 945; x_wconf 88' lang='lat' dir='ltr'><strong>artes</strong></span> <span class='ocrx_word' id='word_1_141' title='bbox 168 905 258 946; x_wconf 88' lang='lat' dir='ltr'><strong>ideo</strong></span> <span class='ocrx_word' id='word_1_142' title='bbox 280 906 410 947; x_wconf 85' lang='lat' dir='ltr'><strong>refero</strong></span> <span class='ocrx_word' id='word_1_143' title='bbox 426 937 440 956; x_wconf 90' lang='lat'>‚</span> <span class='ocrx_word' id='word_1_144' title='bbox 471 919 514 947; x_wconf 93' lang='lat' dir='ltr'><strong>ut</strong></span> <span class='ocrx_word' id='word_1_145' title='bbox 532 909 771 959; x_wconf 85' lang='lat' dir='ltr'><strong>tyrannidem</strong></span> <span class='ocrx_word' id='word_1_146' title='bbox 789 909 951 949; x_wconf 89' lang='lat' dir='ltr'><strong>doceam</strong></span> <span class='ocrx_word' id='word_1_147' title='bbox 969 922 982 956; x_wconf 90' lang='lat'>;</span> <span class='ocrx_word' id='word_1_148' title='bbox 1012 909 1077 949; x_wconf 92' lang='lat' dir='ltr'><strong>sed</strong></span> <span class='ocrx_word' id='word_1_149' title='bbox 1102 920 1144 949; x_wconf 92' lang='lat' dir='ltr'><strong>ut</strong></span> <span class='ocrx_word' id='word_1_150' title='bbox 1167 911 1219 958; x_wconf 83' lang='lat' dir='ltr'><strong>is,</strong></span> <span class='ocrx_word' id='word_1_151' title='bbox 1249 911 1314 961; x_wconf 87' lang='lat' dir='ltr'><strong>qui</strong></span> <span class='ocrx_word' id='word_1_152' title='bbox 1334 919 1536 960; x_wconf 86' lang='lat' dir='ltr'><strong>tyrannum</strong></span> <span class='ocrx_word' id='word_1_153' title='bbox 1554 911 1738 952; x_wconf 66' lang='lat' dir='ltr'><strong>haerentis</strong></span> <span class='ocrx_word' id='word_1_154' title='bbox 1757 916 1849 966; x_wconf 85' lang='lat' dir='ltr'><strong>egit,</strong></span> 
     </span>
     <span class='ocr_line' id='line_1_14' title="bbox 0 965 1851 1024; baseline 0.005 -20"><span class='ocrx_word' id='word_1_155' title='bbox 0 965 1 1004; x_wconf 61' lang='lat' dir='ltr'><strong>l</strong></span> <span class='ocrx_word' id='word_1_156' title='bbox 46 966 83 1005; x_wconf 90' lang='lat' dir='ltr'><strong>in</strong></span> <span class='ocrx_word' id='word_1_157' title='bbox 98 965 243 1006; x_wconf 90' lang='lat' dir='ltr'><strong>bonum</strong></span> <span class='ocrx_word' id='word_1_158' title='bbox 263 966 403 1006; x_wconf 87' lang='lat' dir='ltr'><strong>evadat</strong></span> <span class='ocrx_word' id='word_1_159' title='bbox 421 966 652 1020; x_wconf 84' lang='lat' dir='ltr'><strong>Principem,</strong></span> <span class='ocrx_word' id='word_1_160' title='bbox 669 970 811 1009; x_wconf 90' lang='lat' dir='ltr'><strong>artibus</strong></span> <span class='ocrx_word' id='word_1_161' title='bbox 828 971 872 1008; x_wconf 92' lang='lat' dir='ltr'><strong>iis</strong></span> <span class='ocrx_word' id='word_1_162' title='bbox 893 969 1071 1009; x_wconf 88' lang='lat' dir='ltr'><strong>sociando</strong></span> <span class='ocrx_word' id='word_1_163' title='bbox 1089 971 1267 1009; x_wconf 89' lang='lat' dir='ltr'><strong>timorem</strong></span> <span class='ocrx_word' id='word_1_164' title='bbox 1298 968 1321 1009; x_wconf 82' lang='grc' dir='ltr'>ὲ</span> <span class='ocrx_word' id='word_1_165' title='bbox 1337 971 1481 1010; x_wconf 89' lang='lat' dir='ltr'><strong>viribus</strong></span> <span class='ocrx_word' id='word_1_166' title='bbox 1501 981 1630 1011; x_wconf 91' lang='lat' dir='ltr'><strong>ortum</strong></span> <span class='ocrx_word' id='word_1_167' title='bbox 1645 972 1682 1011; x_wconf 71' lang='grc' dir='ltr'><strong>δε</strong></span> <span class='ocrx_word' id='word_1_168' title='bbox 1706 984 1851 1024; x_wconf 88' lang='lat' dir='ltr'><strong>poten-</strong></span> 
     </span>
    </p>
   </div>
   <div class='ocr_carea' id='block_1_4' title="bbox 65 294 222 302">
    <p class='ocr_par' dir='ltr' id='par_1_4' title="bbox 65 294 222 302">
     <span class='ocr_line' id='line_1_15' title="bbox 65 294 222 302; baseline 0 3428"><span class='ocrx_word' id='word_1_169' title='bbox 65 294 222 302; x_wconf 95' lang='lat' dir='ltr'><strong> </strong></span> 
     </span>
    </p>
   </div>
   <div class='ocr_carea' id='block_1_5' title="bbox 577 295 830 301">
    <p class='ocr_par' dir='ltr' id='par_1_5' title="bbox 577 295 830 301">
     <span class='ocr_line' id='line_1_16' title="bbox 577 295 830 301; baseline 0 0"><span class='ocrx_word' id='word_1_170' title='bbox 577 295 830 301; x_wconf 95' lang='lat' dir='ltr'><strong> </strong></span> 
     </span>
    </p>
   </div>
   <div class='ocr_carea' id='block_1_6' title="bbox 0 1026 1852 2979">
    <p class='ocr_par' dir='ltr' id='par_1_6' title="bbox 0 1026 1852 2979">
     <span class='ocr_line' id='line_1_17' title="bbox 51 1026 1852 1083; baseline 0.004 -19"><span class='ocrx_word' id='word_1_171' title='bbox 51 1026 125 1068; x_wconf 75' lang='lat' dir='ltr'><strong>tiat</strong></span> <span class='ocrx_word' id='word_1_172' title='bbox 144 1037 232 1065; x_wconf 87' lang='lat' dir='ltr'><strong>nam</strong></span> <span class='ocrx_word' id='word_1_173' title='bbox 243 1026 351 1078; x_wconf 92' lang='lat' dir='ltr'><strong>quod</strong></span> <span class='ocrx_word' id='word_1_174' title='bbox 360 1029 470 1067; x_wconf 88' lang='lat' dir='ltr'><strong>armis</strong></span> <span class='ocrx_word' id='word_1_175' title='bbox 489 1030 687 1080; x_wconf 78' lang='lat' dir='ltr'><strong>aquisitum</strong></span> <span class='ocrx_word' id='word_1_176' title='bbox 705 1028 790 1077; x_wconf 86' lang='lat' dir='ltr'><strong>fuit,</strong></span> <span class='ocrx_word' id='word_1_177' title='bbox 806 1031 916 1068; x_wconf 89' lang='lat' dir='ltr'><strong>armis</strong></span> <span class='ocrx_word' id='word_1_178' title='bbox 939 1041 1096 1081; x_wconf 86' lang='lat' dir='ltr'><strong>quoque</strong></span> <span class='ocrx_word' id='word_1_179' title='bbox 1104 1030 1319 1069; x_wconf 86' lang='lat' dir='ltr'><strong>conservari</strong></span> <span class='ocrx_word' id='word_1_180' title='bbox 1329 1030 1460 1070; x_wconf 86' lang='lat' dir='ltr'><strong>debet.</strong></span> <span class='ocrx_word' id='word_1_181' title='bbox 1490 1031 1620 1083; x_wconf 89' lang='lat' dir='ltr'><strong>Quam</strong></span> <span class='ocrx_word' id='word_1_182' title='bbox 1635 1033 1687 1071; x_wconf 90' lang='lat' dir='ltr'><strong>ob</strong></span> <span class='ocrx_word' id='word_1_183' title='bbox 1698 1033 1852 1073; x_wconf 86' lang='lat' dir='ltr'><strong>causam.</strong></span> 
     </span>
     <span class='ocr_line' id='line_1_18' title="bbox 46 1085 1852 1141; baseline 0.005 -17"><span class='ocrx_word' id='word_1_184' title='bbox 46 1085 235 1136; x_wconf 86' lang='lat' dir='ltr'><strong>ejusmodi</strong></span> <span class='ocrx_word' id='word_1_185' title='bbox 243 1086 372 1126; x_wconf 88' lang='lat' dir='ltr'><strong>Status</strong></span> <span class='ocrx_word' id='word_1_186' title='bbox 381 1089 478 1127; x_wconf 90' lang='lat' dir='ltr'><strong>tueri</strong></span> <span class='ocrx_word' id='word_1_187' title='bbox 491 1098 649 1140; x_wconf 85' lang='lat' dir='ltr'><strong>oportet</strong></span> <span class='ocrx_word' id='word_1_188' title='bbox 656 1090 952 1141; x_wconf 83' lang='lat' dir='ltr'><strong>propugnaculis</strong></span> <span class='ocrx_word' id='word_1_189' title='bbox 965 1088 1004 1130; x_wconf 85' lang='lat'>&amp;</span> <span class='ocrx_word' id='word_1_190' title='bbox 1012 1090 1256 1129; x_wconf 89' lang='lat' dir='ltr'><strong>munimentis</strong></span> <span class='ocrx_word' id='word_1_191' title='bbox 1265 1119 1276 1137; x_wconf 93' lang='lat'>,</span> <span class='ocrx_word' id='word_1_192' title='bbox 1285 1091 1350 1129; x_wconf 89' lang='lat' dir='ltr'><strong>tali</strong></span> <span class='ocrx_word' id='word_1_193' title='bbox 1360 1089 1498 1130; x_wconf 71' lang='lat' dir='ltr'><strong>ereffls</strong></span> <span class='ocrx_word' id='word_1_194' title='bbox 1507 1090 1669 1131; x_wconf 86' lang='lat' dir='ltr'><strong>artificio</strong></span> <span class='ocrx_word' id='word_1_195' title='bbox 1677 1121 1690 1140; x_wconf 89' lang='lat'>,</span> <span class='ocrx_word' id='word_1_196' title='bbox 1703 1105 1753 1132; x_wconf 90' lang='lat' dir='ltr'><strong>ne</strong></span> <span class='ocrx_word' id='word_1_197' title='bbox 1763 1092 1852 1133; x_wconf 81' lang='lat' dir='ltr'><strong>frae-</strong></span> 
     </span>
     <span class='ocr_line' id='line_1_19' title="bbox 43 1144 1849 1200; baseline 0.005 -16"><span class='ocrx_word' id='word_1_198' title='bbox 43 1157 137 1185; x_wconf 91' lang='lat' dir='ltr'><strong>nurn</strong></span> <span class='ocrx_word' id='word_1_199' title='bbox 156 1144 334 1186; x_wconf 90' lang='lat' dir='ltr'><strong>videatur</strong></span> <span class='ocrx_word' id='word_1_200' title='bbox 356 1147 482 1200; x_wconf 85' lang='lat' dir='ltr'><strong>Regni</strong></span> <span class='ocrx_word' id='word_1_201' title='bbox 512 1148 676 1190; x_wconf 87' lang='lat' dir='ltr'><strong>libertati</strong></span> <span class='ocrx_word' id='word_1_202' title='bbox 706 1147 886 1200; x_wconf 63' lang='lat' dir='ltr'><strong>injeffttum</strong></span> <span class='ocrx_word' id='word_1_203' title='bbox 910 1163 921 1188; x_wconf 87' lang='lat'>:</span> <span class='ocrx_word' id='word_1_204' title='bbox 952 1149 1017 1189; x_wconf 91' lang='lat' dir='ltr'><strong>sed</strong></span> <span class='ocrx_word' id='word_1_205' title='bbox 1046 1149 1223 1189; x_wconf 87' lang='lat' dir='ltr'><strong>securitas</strong></span> <span class='ocrx_word' id='word_1_206' title='bbox 1244 1151 1375 1200; x_wconf 87' lang='lat' dir='ltr'><strong>potius</strong></span> <span class='ocrx_word' id='word_1_207' title='bbox 1402 1150 1586 1191; x_wconf 78' lang='lat' dir='ltr'><strong>adversus</strong></span> <span class='ocrx_word' id='word_1_208' title='bbox 1611 1152 1849 1193; x_wconf 77' lang='lat' dir='ltr'><strong>incursiones</strong></span> 
     </span>
     <span class='ocr_line' id='line_1_20' title="bbox 43 1206 1849 1259; baseline 0.005 -16"><span class='ocrx_word' id='word_1_209' title='bbox 43 1215 193 1245; x_wconf 81' lang='lat' dir='ltr'><strong>exteras</strong></span> <span class='ocrx_word' id='word_1_210' title='bbox 211 1235 224 1255; x_wconf 89' lang='lat'>,</span> <span class='ocrx_word' id='word_1_211' title='bbox 255 1206 293 1246; x_wconf 73' lang='grc' dir='ltr'><strong>δε</strong></span> <span class='ocrx_word' id='word_1_212' title='bbox 313 1215 357 1247; x_wconf 89' lang='lat' dir='ltr'><strong>ut</strong></span> <span class='ocrx_word' id='word_1_213' title='bbox 373 1207 544 1259; x_wconf 86' lang='lat' dir='ltr'><strong>praesidia</strong></span> <span class='ocrx_word' id='word_1_214' title='bbox 562 1209 733 1249; x_wconf 88' lang='lat' dir='ltr'><strong>militaria</strong></span> <span class='ocrx_word' id='word_1_215' title='bbox 755 1207 935 1248; x_wconf 80' lang='lat' dir='ltr'><strong>custodiae</strong></span> <span class='ocrx_word' id='word_1_216' title='bbox 951 1211 1042 1249; x_wconf 86' lang='lat' dir='ltr'><strong>loco</strong></span> <span class='ocrx_word' id='word_1_217' title='bbox 1058 1208 1129 1248; x_wconf 82' lang='lat' dir='ltr'><strong>sint</strong></span> <span class='ocrx_word' id='word_1_218' title='bbox 1144 1239 1158 1258; x_wconf 85' lang='lat'><strong>,</strong></span> <span class='ocrx_word' id='word_1_219' title='bbox 1185 1220 1267 1249; x_wconf 87' lang='lat' dir='ltr'><strong>non</strong></span> <span class='ocrx_word' id='word_1_220' title='bbox 1292 1208 1526 1249; x_wconf 67' lang='lat' dir='ltr'><strong>diffidentiae:</strong></span> <span class='ocrx_word' id='word_1_221' title='bbox 1564 1211 1647 1251; x_wconf 88' lang='lat' dir='ltr'><strong>haec</strong></span> <span class='ocrx_word' id='word_1_222' title='bbox 1668 1214 1770 1252; x_wconf 88' lang='lat' dir='ltr'><strong>enim</strong></span> <span class='ocrx_word' id='word_1_223' title='bbox 1799 1212 1849 1252; x_wconf 84' lang='lat' dir='ltr'><strong>ad</strong></span> 
     </span>
     <span class='ocr_line' id='line_1_21' title="bbox 44 1264 1849 1324; baseline 0.005 -21"><span class='ocrx_word' id='word_1_224' title='bbox 44 1264 349 1316; x_wconf 80' lang='lat' dir='ltr'><strong>desperationem</strong></span> <span class='ocrx_word' id='word_1_225' title='bbox 381 1277 592 1308; x_wconf 85' lang='lat' dir='ltr'><strong>extremam</strong></span> <span class='ocrx_word' id='word_1_226' title='bbox 621 1268 736 1320; x_wconf 85' lang='lat' dir='ltr'><strong>adigit</strong></span> <span class='ocrx_word' id='word_1_227' title='bbox 768 1268 951 1312; x_wconf 73' lang='lat' dir='ltr'><strong>subditos,</strong></span> <span class='ocrx_word' id='word_1_228' title='bbox 1041 1268 1136 1308; x_wconf 87' lang='lat' dir='ltr'><strong>Tam</strong></span> <span class='ocrx_word' id='word_1_229' title='bbox 1165 1267 1304 1307; x_wconf 79' lang='lat' dir='ltr'><strong>acerbe</strong></span> <span class='ocrx_word' id='word_1_230' title='bbox 1332 1271 1500 1309; x_wconf 87' lang='lat' dir='ltr'><strong>tulerunt</strong></span> <span class='ocrx_word' id='word_1_231' title='bbox 1519 1268 1707 1322; x_wconf 87' lang='lat' dir='ltr'><strong>Hispani,</strong></span> <span class='ocrx_word' id='word_1_232' title='bbox 1738 1271 1849 1324; x_wconf 78' lang='lat' dir='ltr'><strong>quod</strong></span> 
     </span>
     <span class='ocr_line' id='line_1_22' title="bbox 43 1322 1850 1379; baseline 0.004 -16"><span class='ocrx_word' id='word_1_233' title='bbox 43 1322 258 1374; x_wconf 84' lang='lat' dir='ltr'><strong>Constans,</strong></span> <span class='ocrx_word' id='word_1_234' title='bbox 288 1327 543 1366; x_wconf 83' lang='lat' dir='ltr'><strong>consalutatus</strong></span> <span class='ocrx_word' id='word_1_235' title='bbox 574 1329 786 1379; x_wconf 84' lang='lat' dir='ltr'><strong>Imperator</strong></span> <span class='ocrx_word' id='word_1_236' title='bbox 803 1358 815 1376; x_wconf 83' lang='lat'>‚</span> <span class='ocrx_word' id='word_1_237' title='bbox 844 1329 996 1367; x_wconf 89' lang='lat' dir='ltr'><strong>illorum</strong></span> <span class='ocrx_word' id='word_1_238' title='bbox 1026 1328 1162 1367; x_wconf 84' lang='lat' dir='ltr'><strong>diffisus</strong></span> <span class='ocrx_word' id='word_1_239' title='bbox 1182 1327 1355 1367; x_wconf 85' lang='lat' dir='ltr'><strong>fidelitati</strong></span> <span class='ocrx_word' id='word_1_240' title='bbox 1377 1358 1389 1378; x_wconf 86' lang='grc'>,</span> <span class='ocrx_word' id='word_1_241' title='bbox 1423 1328 1632 1370; x_wconf 86' lang='lat' dir='ltr'><strong>custodiam</strong></span> <span class='ocrx_word' id='word_1_242' title='bbox 1655 1333 1850 1371; x_wconf 83' lang='lat' dir='ltr'><strong>montium</strong></span> 
     </span>
     <span class='ocr_line' id='line_1_23' title="bbox 41 1382 1851 1441; baseline 0.004 -19"><span class='ocrx_word' id='word_1_243' title='bbox 41 1382 314 1433; x_wconf 82' lang='lat' dir='ltr'><strong>Pyrenaeorum</strong></span> <span class='ocrx_word' id='word_1_244' title='bbox 337 1387 478 1424; x_wconf 85' lang='lat' dir='ltr'><strong>exteris</strong></span> <span class='ocrx_word' id='word_1_245' title='bbox 496 1385 750 1433; x_wconf 84' lang='lat' dir='ltr'><strong>commisisset,</strong></span> <span class='ocrx_word' id='word_1_246' title='bbox 769 1397 812 1426; x_wconf 92' lang='lat' dir='ltr'><strong>ut</strong></span> <span class='ocrx_word' id='word_1_247' title='bbox 828 1388 1036 1426; x_wconf 88' lang='lat' dir='ltr'><strong>acciverint</strong></span> <span class='ocrx_word' id='word_1_248' title='bbox 1064 1388 1102 1425; x_wconf 89' lang='lat' dir='ltr'><strong>in</strong></span> <span class='ocrx_word' id='word_1_249' title='bbox 1121 1386 1344 1437; x_wconf 84' lang='lat' dir='ltr'><strong>Hispaniam</strong></span> <span class='ocrx_word' id='word_1_250' title='bbox 1383 1387 1409 1441; x_wconf 67' lang='grc' dir='ltr'>ζ</span> <span class='ocrx_word' id='word_1_251' title='bbox 1426 1400 1515 1428; x_wconf 88' lang='lat' dir='ltr'><strong>cum</strong></span> <span class='ocrx_word' id='word_1_252' title='bbox 1534 1393 1702 1429; x_wconf 78' lang='lat' dir='ltr'><strong>maximo</strong></span> <span class='ocrx_word' id='word_1_253' title='bbox 1728 1392 1851 1430; x_wconf 82' lang='lat' dir='ltr'><strong>etiam</strong></span> 
     </span>
     <span class='ocr_line' id='line_1_24' title="bbox 40 1443 1848 1498; baseline 0.004 -16"><span class='ocrx_word' id='word_1_254' title='bbox 40 1444 138 1482; x_wconf 83' lang='lat' dir='ltr'><strong>illius</strong></span> <span class='ocrx_word' id='word_1_255' title='bbox 160 1443 427 1498; x_wconf 82' lang='lat' dir='ltr'><strong>detrimento)</strong></span> <span class='ocrx_word' id='word_1_256' title='bbox 456 1443 656 1486; x_wconf 84' lang='lat' dir='ltr'><strong>Vandalos</strong></span> <span class='ocrx_word' id='word_1_257' title='bbox 678 1476 689 1494; x_wconf 92' lang='lat'><strong>,</strong></span> <span class='ocrx_word' id='word_1_258' title='bbox 721 1445 864 1486; x_wconf 89' lang='lat' dir='ltr'><strong>Alanos</strong></span> <span class='ocrx_word' id='word_1_259' title='bbox 891 1475 905 1493; x_wconf 76' lang='grc'><em>,</em></span> <span class='ocrx_word' id='word_1_260' title='bbox 937 1445 1112 1493; x_wconf 80' lang='lat' dir='ltr'><strong>Suevos,</strong></span> <span class='ocrx_word' id='word_1_261' title='bbox 1143 1447 1309 1497; x_wconf 85' lang='lat' dir='ltr'><strong>aliasque</strong></span> <span class='ocrx_word' id='word_1_262' title='bbox 1332 1446 1537 1487; x_wconf 81' lang='lat' dir='ltr'><strong>Nationes.</strong></span> <span class='ocrx_word' id='word_1_263' title='bbox 1597 1448 1848 1489; x_wconf 88' lang='lat' dir='ltr'><strong>Confidentia</strong></span> 
     </span>
     <span class='ocr_line' id='line_1_25' title="bbox 41 1501 1848 1557; baseline 0.004 -15"><span class='ocrx_word' id='word_1_264' title='bbox 41 1501 175 1543; x_wconf 86' lang='lat' dir='ltr'><strong>fideles</strong></span> <span class='ocrx_word' id='word_1_265' title='bbox 195 1503 322 1543; x_wconf 89' lang='lat' dir='ltr'><strong>reddit</strong></span> <span class='ocrx_word' id='word_1_266' title='bbox 338 1503 534 1545; x_wconf 88' lang='lat' dir='ltr'><strong>subditos:</strong></span> <span class='ocrx_word' id='word_1_267' title='bbox 564 1517 648 1546; x_wconf 91' lang='lat' dir='ltr'><strong>eam</strong></span> <span class='ocrx_word' id='word_1_268' title='bbox 668 1505 721 1544; x_wconf 92' lang='lat' dir='ltr'><strong>ob</strong></span> <span class='ocrx_word' id='word_1_269' title='bbox 746 1518 826 1545; x_wconf 91' lang='lat' dir='ltr'><strong>rem</strong></span> <span class='ocrx_word' id='word_1_270' title='bbox 842 1505 1042 1557; x_wconf 84' lang='lat' dir='ltr'><strong>Scipiones</strong></span> <span class='ocrx_word' id='word_1_271' title='bbox 1062 1505 1264 1545; x_wconf 87' lang='lat' dir='ltr'><strong>Celtiberis</strong></span> <span class='ocrx_word' id='word_1_272' title='bbox 1285 1506 1535 1556; x_wconf 83' lang='lat' dir='ltr'><strong>permiserunt</strong></span> <span class='ocrx_word' id='word_1_273' title='bbox 1551 1537 1564 1557; x_wconf 85' lang='lat'><strong>,</strong></span> <span class='ocrx_word' id='word_1_274' title='bbox 1594 1519 1638 1548; x_wconf 89' lang='lat' dir='ltr'><strong>ut</strong></span> <span class='ocrx_word' id='word_1_275' title='bbox 1659 1509 1848 1550; x_wconf 83' lang='lat' dir='ltr'><strong>Romanis</strong></span> 
     </span>
     <span class='ocr_line' id='line_1_26' title="bbox 41 1563 1847 1618; baseline 0.004 -16"><span class='ocrx_word' id='word_1_276' title='bbox 41 1564 205 1602; x_wconf 84' lang='lat' dir='ltr'><strong>immixti</strong></span> <span class='ocrx_word' id='word_1_277' title='bbox 228 1563 294 1603; x_wconf 92' lang='lat' dir='ltr'><strong>sub</strong></span> <span class='ocrx_word' id='word_1_278' title='bbox 315 1563 450 1603; x_wconf 86' lang='lat' dir='ltr'><strong>iisdem</strong></span> <span class='ocrx_word' id='word_1_279' title='bbox 479 1564 590 1617; x_wconf 87' lang='lat' dir='ltr'><strong>signis</strong></span> <span class='ocrx_word' id='word_1_280' title='bbox 618 1566 822 1605; x_wconf 86' lang='lat' dir='ltr'><strong>militarent</strong></span> <span class='ocrx_word' id='word_1_281' title='bbox 847 1595 860 1614; x_wconf 84' lang='lat'>‚</span> <span class='ocrx_word' id='word_1_282' title='bbox 891 1565 929 1604; x_wconf 87' lang='lat'>&amp;</span> <span class='ocrx_word' id='word_1_283' title='bbox 951 1566 1086 1604; x_wconf 90' lang='lat' dir='ltr'><strong>iisdem</strong></span> <span class='ocrx_word' id='word_1_284' title='bbox 1114 1565 1338 1605; x_wconf 87' lang='lat' dir='ltr'><strong>habitaculis</strong></span> <span class='ocrx_word' id='word_1_285' title='bbox 1366 1576 1574 1611; x_wconf 73' lang='lat' dir='ltr'><strong>uterentur.</strong></span> <span class='ocrx_word' id='word_1_286' title='bbox 1651 1569 1847 1618; x_wconf 84' lang='lat' dir='ltr'><strong>Augustus</strong></span> 
     </span>
     <span class='ocr_line' id='line_1_27' title="bbox 42 1622 1845 1679; baseline 0.004 -18"><span class='ocrx_word' id='word_1_287' title='bbox 42 1634 202 1674; x_wconf 91' lang='lat' dir='ltr'><strong>quoque</strong></span> <span class='ocrx_word' id='word_1_288' title='bbox 239 1625 413 1674; x_wconf 91' lang='lat' dir='ltr'><strong>corporis</strong></span> <span class='ocrx_word' id='word_1_289' title='bbox 447 1622 500 1664; x_wconf 83' lang='lat' dir='ltr'><strong>sui</strong></span> <span class='ocrx_word' id='word_1_290' title='bbox 539 1623 718 1665; x_wconf 87' lang='lat' dir='ltr'><strong>custodes</strong></span> <span class='ocrx_word' id='word_1_291' title='bbox 759 1625 893 1665; x_wconf 89' lang='lat' dir='ltr'><strong>habuit</strong></span> <span class='ocrx_word' id='word_1_292' title='bbox 928 1624 1120 1677; x_wconf 87' lang='lat' dir='ltr'><strong>Hispanos</strong></span> <span class='ocrx_word' id='word_1_293' title='bbox 1149 1653 1163 1674; x_wconf 84' lang='lat'>‚</span> <span class='ocrx_word' id='word_1_294' title='bbox 1206 1623 1229 1663; x_wconf 80' lang='lat' dir='ltr'><strong>e</strong></span> <span class='ocrx_word' id='word_1_295' title='bbox 1265 1626 1419 1677; x_wconf 82' lang='lat' dir='ltr'><strong>legione</strong></span> <span class='ocrx_word' id='word_1_296' title='bbox 1455 1625 1719 1679; x_wconf 86' lang='lat' dir='ltr'><strong>Calaguritana</strong></span> <span class='ocrx_word' id='word_1_297' title='bbox 1750 1629 1845 1669; x_wconf 80' lang='lat' dir='ltr'><strong>sele-</strong></span> 
     </span>
     <span class='ocr_line' id='line_1_28' title="bbox 39 1681 135 1722; baseline -0.01 0"><span class='ocrx_word' id='word_1_298' title='bbox 39 1681 135 1722; x_wconf 69' lang='lat' dir='ltr'><strong>etos.</strong></span> 
     </span>
     <span class='ocr_line' id='line_1_29' title="bbox 193 1711 1842 1798; baseline 0.004 -18"><span class='ocrx_word' id='word_1_299' title='bbox 193 1741 229 1793; x_wconf 83' lang='lat'><strong>§.</strong></span> <span class='ocrx_word' id='word_1_300' title='bbox 261 1711 435 1783; x_wconf 55' lang='lat' dir='ltr'><strong>Conetssr</strong></span> <span class='ocrx_word' id='word_1_301' title='bbox 453 1742 634 1795; x_wconf 84' lang='lat' dir='ltr'><strong>Princeps</strong></span> <span class='ocrx_word' id='word_1_302' title='bbox 657 1742 790 1783; x_wconf 85' lang='lat' dir='ltr'><strong>sensim</strong></span> <span class='ocrx_word' id='word_1_303' title='bbox 807 1742 1009 1782; x_wconf 82' lang='lat' dir='ltr'><strong>traducere</strong></span> <span class='ocrx_word' id='word_1_304' title='bbox 1027 1741 1249 1782; x_wconf 82' lang='lat' dir='ltr'><strong>Provincias</strong></span> <span class='ocrx_word' id='word_1_305' title='bbox 1272 1743 1471 1795; x_wconf 81' lang='lat' dir='ltr'><strong>acquisitas</strong></span> <span class='ocrx_word' id='word_1_306' title='bbox 1486 1743 1536 1783; x_wconf 89' lang='lat' dir='ltr'><strong>ad</strong></span> <span class='ocrx_word' id='word_1_307' title='bbox 1551 1756 1679 1784; x_wconf 88' lang='lat' dir='ltr'><strong>mores</strong></span> <span class='ocrx_word' id='word_1_308' title='bbox 1694 1775 1706 1794; x_wconf 91' lang='lat'>,</span> <span class='ocrx_word' id='word_1_309' title='bbox 1736 1749 1842 1798; x_wconf 81' lang='lat' dir='ltr'><strong>geni-</strong></span> 
     </span>
     <span class='ocr_line' id='line_1_30' title="bbox 39 1800 1845 1858; baseline 0.002 -16"><span class='ocrx_word' id='word_1_310' title='bbox 39 1814 106 1842; x_wconf 88' lang='lat' dir='ltr'><strong>um</strong></span> <span class='ocrx_word' id='word_1_311' title='bbox 129 1831 142 1851; x_wconf 86' lang='lat'>,</span> <span class='ocrx_word' id='word_1_312' title='bbox 172 1801 210 1840; x_wconf 71' lang='grc' dir='ltr'><strong>δε</strong></span> <span class='ocrx_word' id='word_1_313' title='bbox 237 1800 376 1852; x_wconf 85' lang='lat' dir='ltr'><strong>stylum</strong></span> <span class='ocrx_word' id='word_1_314' title='bbox 407 1802 589 1842; x_wconf 80' lang='lat' dir='ltr'><strong>Nationis</strong></span> <span class='ocrx_word' id='word_1_315' title='bbox 607 1803 835 1842; x_wconf 87' lang='lat' dir='ltr'><strong>dominantis</strong></span> <span class='ocrx_word' id='word_1_316' title='bbox 860 1802 1108 1842; x_wconf 87' lang='lat' dir='ltr'><strong>Coloniarum</strong></span> <span class='ocrx_word' id='word_1_317' title='bbox 1130 1801 1323 1842; x_wconf 87' lang='lat' dir='ltr'><strong>beneficio</strong></span> <span class='ocrx_word' id='word_1_318' title='bbox 1345 1815 1358 1849; x_wconf 73' lang='grc' dir='ltr'><strong>ς</strong></span> <span class='ocrx_word' id='word_1_319' title='bbox 1389 1805 1444 1842; x_wconf 92' lang='lat' dir='ltr'><strong>uti</strong></span> <span class='ocrx_word' id='word_1_320' title='bbox 1467 1802 1610 1843; x_wconf 67' lang='lat' dir='ltr'><strong>faetum</strong></span> <span class='ocrx_word' id='word_1_321' title='bbox 1640 1806 1678 1844; x_wconf 86' lang='lat' dir='ltr'><strong>in</strong></span> <span class='ocrx_word' id='word_1_322' title='bbox 1705 1805 1845 1858; x_wconf 83' lang='lat' dir='ltr'><strong>Hispa-</strong></span> 
     </span>
     <span class='ocr_line' id='line_1_31' title="bbox 38 1862 1840 1916; baseline 0.002 -14"><span class='ocrx_word' id='word_1_323' title='bbox 38 1865 101 1902; x_wconf 86' lang='lat' dir='ltr'><strong>nia</strong></span> <span class='ocrx_word' id='word_1_324' title='bbox 123 1874 209 1902; x_wconf 86' lang='lat' dir='ltr'><strong>cum</strong></span> <span class='ocrx_word' id='word_1_325' title='bbox 227 1863 289 1910; x_wconf 87' lang='lat' dir='ltr'><strong>iis,</strong></span> <span class='ocrx_word' id='word_1_326' title='bbox 318 1875 404 1914; x_wconf 87' lang='lat' dir='ltr'><strong>quae</strong></span> <span class='ocrx_word' id='word_1_327' title='bbox 429 1862 584 1916; x_wconf 87' lang='lat' dir='ltr'><strong>Augusti</strong></span> <span class='ocrx_word' id='word_1_328' title='bbox 602 1864 840 1915; x_wconf 82' lang='lat' dir='ltr'><strong>temporibus</strong></span> <span class='ocrx_word' id='word_1_329' title='bbox 855 1862 1021 1901; x_wconf 86' lang='lat' dir='ltr'><strong>sundatae</strong></span> <span class='ocrx_word' id='word_1_330' title='bbox 1048 1863 1163 1908; x_wconf 81' lang='lat' dir='ltr'><strong>sunt3</strong></span> <span class='ocrx_word' id='word_1_331' title='bbox 1190 1862 1240 1901; x_wconf 90' lang='lat' dir='ltr'><strong>ad</strong></span> <span class='ocrx_word' id='word_1_332' title='bbox 1266 1862 1373 1914; x_wconf 87' lang='lat' dir='ltr'><strong>quod</strong></span> <span class='ocrx_word' id='word_1_333' title='bbox 1397 1864 1572 1903; x_wconf 87' lang='lat' dir='ltr'><strong>nationes</strong></span> <span class='ocrx_word' id='word_1_334' title='bbox 1591 1863 1702 1903; x_wconf 78' lang='lat' dir='ltr'><strong>facile</strong></span> <span class='ocrx_word' id='word_1_335' title='bbox 1728 1866 1840 1906; x_wconf 86' lang='lat' dir='ltr'><strong>indu-</strong></span> 
     </span>
     <span class='ocr_line' id='line_1_32' title="bbox 41 1921 1843 1974; baseline 0.002 -13"><span class='ocrx_word' id='word_1_336' title='bbox 41 1924 75 1961; x_wconf 89' lang='lat' dir='ltr'><strong>ci</strong></span> <span class='ocrx_word' id='word_1_337' title='bbox 102 1921 257 1974; x_wconf 75' lang='lat' dir='ltr'><strong>possunt</strong></span> <span class='ocrx_word' id='word_1_338' title='bbox 274 1935 285 1960; x_wconf 89' lang='lat'><em>:</em></span> <span class='ocrx_word' id='word_1_339' title='bbox 315 1923 463 1974; x_wconf 89' lang='lat' dir='ltr'><strong>semper</strong></span> <span class='ocrx_word' id='word_1_340' title='bbox 477 1924 576 1961; x_wconf 88' lang='lat' dir='ltr'><strong>enim</strong></span> <span class='ocrx_word' id='word_1_341' title='bbox 598 1924 790 1962; x_wconf 86' lang='lat' dir='ltr'><strong>imitantur</strong></span> <span class='ocrx_word' id='word_1_342' title='bbox 808 1921 976 1961; x_wconf 72' lang='lat' dir='ltr'><strong>victores</strong></span> <span class='ocrx_word' id='word_1_343' title='bbox 994 1951 1004 1969; x_wconf 86' lang='lat'>‚</span> <span class='ocrx_word' id='word_1_344' title='bbox 1034 1922 1157 1972; x_wconf 88' lang='lat' dir='ltr'><strong>iisque</strong></span> <span class='ocrx_word' id='word_1_345' title='bbox 1178 1921 1376 1960; x_wconf 86' lang='lat' dir='ltr'><strong>adulantur</strong></span> <span class='ocrx_word' id='word_1_346' title='bbox 1396 1953 1408 1970; x_wconf 87' lang='lat'>,</span> <span class='ocrx_word' id='word_1_347' title='bbox 1439 1933 1573 1962; x_wconf 86' lang='lat' dir='ltr'><strong>eorum</strong></span> <span class='ocrx_word' id='word_1_348' title='bbox 1592 1925 1767 1964; x_wconf 86' lang='lat' dir='ltr'><strong>moribus</strong></span> <span class='ocrx_word' id='word_1_349' title='bbox 1788 1935 1843 1965; x_wconf 88' lang='lat' dir='ltr'><strong>at-</strong></span> 
     </span>
     <span class='ocr_line' id='line_1_33' title="bbox 40 1981 1841 2033; baseline 0.002 -13"><span class='ocrx_word' id='word_1_350' title='bbox 40 1994 117 2031; x_wconf 78' lang='lat' dir='ltr'><strong>que</strong></span> <span class='ocrx_word' id='word_1_351' title='bbox 133 1983 286 2033; x_wconf 87' lang='lat' dir='ltr'><strong>ingenio</strong></span> <span class='ocrx_word' id='word_1_352' title='bbox 310 1982 347 2021; x_wconf 89' lang='lat' dir='ltr'><strong>se</strong></span> <span class='ocrx_word' id='word_1_353' title='bbox 374 1981 735 2030; x_wconf 80' lang='lat' dir='ltr'><strong>accommodando,</strong></span> <span class='ocrx_word' id='word_1_354' title='bbox 764 1981 803 2020; x_wconf 71' lang='grc' dir='ltr'><strong>δε</strong></span> <span class='ocrx_word' id='word_1_355' title='bbox 819 1982 1016 2033; x_wconf 89' lang='lat' dir='ltr'><strong>privilegia</strong></span> <span class='ocrx_word' id='word_1_356' title='bbox 1044 1992 1180 2020; x_wconf 89' lang='lat' dir='ltr'><strong>eorum</strong></span> <span class='ocrx_word' id='word_1_357' title='bbox 1207 1991 1252 2020; x_wconf 83' lang='lat' dir='ltr'><strong>ac</strong></span> <span class='ocrx_word' id='word_1_358' title='bbox 1276 1981 1571 2021; x_wconf 89' lang='lat' dir='ltr'><strong>consuetudines</strong></span> <span class='ocrx_word' id='word_1_359' title='bbox 1600 1984 1717 2033; x_wconf 83' lang='lat' dir='ltr'><strong>pluris</strong></span> <span class='ocrx_word' id='word_1_360' title='bbox 1748 1983 1841 2024; x_wconf 82' lang='lat' dir='ltr'><strong>aesti-</strong></span> 
     </span>
     <span class='ocr_line' id='line_1_34' title="bbox 39 2039 1839 2094; baseline 0.002 -14"><span class='ocrx_word' id='word_1_361' title='bbox 39 2040 181 2080; x_wconf 88' lang='lat' dir='ltr'><strong>mando</strong></span> <span class='ocrx_word' id='word_1_362' title='bbox 203 2071 216 2089; x_wconf 83' lang='lat'>‚</span> <span class='ocrx_word' id='word_1_363' title='bbox 247 2041 360 2092; x_wconf 77' lang='lat' dir='ltr'><strong>quam</strong></span> <span class='ocrx_word' id='word_1_364' title='bbox 377 2043 561 2093; x_wconf 86' lang='lat' dir='ltr'><strong>proprias.</strong></span> <span class='ocrx_word' id='word_1_365' title='bbox 622 2041 721 2094; x_wconf 75' lang='lat' dir='ltr'><strong>Quae</strong></span> <span class='ocrx_word' id='word_1_366' title='bbox 737 2042 844 2080; x_wconf 89' lang='lat' dir='ltr'><strong>causa</strong></span> <span class='ocrx_word' id='word_1_367' title='bbox 865 2040 959 2089; x_wconf 83' lang='lat' dir='ltr'><strong>fuit,</strong></span> <span class='ocrx_word' id='word_1_368' title='bbox 991 2052 1057 2079; x_wconf 88' lang='lat' dir='ltr'><strong>cur</strong></span> <span class='ocrx_word' id='word_1_369' title='bbox 1074 2039 1241 2079; x_wconf 89' lang='lat' dir='ltr'><strong>Romani</strong></span> <span class='ocrx_word' id='word_1_370' title='bbox 1268 2041 1412 2080; x_wconf 85' lang='lat' dir='ltr'><strong>amicos</strong></span> <span class='ocrx_word' id='word_1_371' title='bbox 1430 2040 1516 2080; x_wconf 90' lang='lat' dir='ltr'><strong>suos</strong></span> <span class='ocrx_word' id='word_1_372' title='bbox 1539 2072 1550 2090; x_wconf 89' lang='lat'>,</span> <span class='ocrx_word' id='word_1_373' title='bbox 1581 2041 1619 2080; x_wconf 83' lang='lat'>&amp;</span> <span class='ocrx_word' id='word_1_374' title='bbox 1635 2041 1780 2084; x_wconf 81' lang='lat' dir='ltr'><strong>foedere</strong></span> <span class='ocrx_word' id='word_1_375' title='bbox 1795 2045 1839 2084; x_wconf 87' lang='lat' dir='ltr'><strong>si‹</strong></span> 
     </span>
     <span class='ocr_line' id='line_1_35' title="bbox 40 2099 1837 2152; baseline 0.002 -12"><span class='ocrx_word' id='word_1_376' title='bbox 40 2102 79 2140; x_wconf 90' lang='lat' dir='ltr'><strong>bi</strong></span> <span class='ocrx_word' id='word_1_377' title='bbox 97 2099 251 2152; x_wconf 53' lang='lat' dir='ltr'><strong>junctos</strong></span> <span class='ocrx_word' id='word_1_378' title='bbox 277 2103 420 2140; x_wconf 80' lang='lat' dir='ltr'><strong>civium</strong></span> <span class='ocrx_word' id='word_1_379' title='bbox 447 2103 559 2140; x_wconf 86' lang='lat' dir='ltr'><strong>titulo</strong></span> <span class='ocrx_word' id='word_1_380' title='bbox 583 2099 770 2141; x_wconf 85' lang='lat' dir='ltr'><strong>donarent</strong></span> <span class='ocrx_word' id='word_1_381' title='bbox 787 2130 798 2149; x_wconf 73' lang='grc'><em>,</em></span> <span class='ocrx_word' id='word_1_382' title='bbox 829 2111 872 2139; x_wconf 91' lang='lat' dir='ltr'><strong>ut</strong></span> <span class='ocrx_word' id='word_1_383' title='bbox 894 2099 1070 2140; x_wconf 72' lang='lat' dir='ltr'><strong>nimirum</strong></span> <span class='ocrx_word' id='word_1_384' title='bbox 1103 2099 1210 2139; x_wconf 81' lang='lat' dir='ltr'><strong>tanto</strong></span> <span class='ocrx_word' id='word_1_385' title='bbox 1240 2110 1308 2139; x_wconf 87' lang='lat' dir='ltr'><strong>eos</strong></span> <span class='ocrx_word' id='word_1_386' title='bbox 1340 2099 1534 2139; x_wconf 87' lang='lat' dir='ltr'><strong>fideliores</strong></span> <span class='ocrx_word' id='word_1_387' title='bbox 1561 2105 1837 2152; x_wconf 70' lang='lat' dir='ltr'><strong>experirentur.</strong></span> 
     </span>
     <span class='ocr_line' id='line_1_36' title="bbox 38 2158 1837 2213; baseline 0.003 -14"><span class='ocrx_word' id='word_1_388' title='bbox 38 2160 292 2212; x_wconf 81' lang='lat' dir='ltr'><strong>Vespasianus</strong></span> <span class='ocrx_word' id='word_1_389' title='bbox 308 2161 532 2213; x_wconf 76' lang='lat' dir='ltr'><strong>Imperator,</strong></span> <span class='ocrx_word' id='word_1_390' title='bbox 551 2170 593 2199; x_wconf 91' lang='lat' dir='ltr'><strong>ut</strong></span> <span class='ocrx_word' id='word_1_391' title='bbox 615 2160 805 2212; x_wconf 85' lang='lat' dir='ltr'><strong>Hispanos</strong></span> <span class='ocrx_word' id='word_1_392' title='bbox 824 2160 892 2199; x_wconf 87' lang='lat' dir='ltr'><strong>sibi</strong></span> <span class='ocrx_word' id='word_1_393' title='bbox 916 2159 1164 2210; x_wconf 77' lang='lat' dir='ltr'><strong>obstringeret</strong></span> <span class='ocrx_word' id='word_1_394' title='bbox 1177 2189 1189 2208; x_wconf 88' lang='lat'>,</span> <span class='ocrx_word' id='word_1_395' title='bbox 1218 2158 1332 2198; x_wconf 85' lang='lat' dir='ltr'><strong>Italiae</strong></span> <span class='ocrx_word' id='word_1_396' title='bbox 1351 2161 1548 2211; x_wconf 76' lang='lat' dir='ltr'><strong>privilegia</strong></span> <span class='ocrx_word' id='word_1_397' title='bbox 1566 2173 1655 2200; x_wconf 86' lang='lat' dir='ltr'><strong>cum</strong></span> <span class='ocrx_word' id='word_1_398' title='bbox 1678 2163 1721 2202; x_wconf 84' lang='lat' dir='ltr'><strong>iis</strong></span> <span class='ocrx_word' id='word_1_399' title='bbox 1732 2176 1837 2204; x_wconf 88' lang='lat' dir='ltr'><strong>com-</strong></span> 
     </span>
     <span class='ocr_line' id='line_1_37' title="bbox 38 2218 1837 2270; baseline -0.002 -10"><span class='ocrx_word' id='word_1_400' title='bbox 38 2222 167 2260; x_wconf 86' lang='lat' dir='ltr'><strong>munia</strong></span> <span class='ocrx_word' id='word_1_401' title='bbox 190 2218 264 2260; x_wconf 83' lang='lat' dir='ltr'><strong>effe</strong></span> <span class='ocrx_word' id='word_1_402' title='bbox 291 2222 429 2260; x_wconf 81' lang='lat' dir='ltr'><strong>voluit.</strong></span> <span class='ocrx_word' id='word_1_403' title='bbox 497 2220 710 2260; x_wconf 65' lang='lat' dir='ltr'><strong>Provinciae</strong></span> <span class='ocrx_word' id='word_1_404' title='bbox 743 2219 932 2270; x_wconf 64' lang='lat' dir='ltr'><strong>acquisitae</strong></span> <span class='ocrx_word' id='word_1_405' title='bbox 949 2249 961 2267; x_wconf 86' lang='lat'>‚</span> <span class='ocrx_word' id='word_1_406' title='bbox 991 2218 1018 2257; x_wconf 88' lang='lat' dir='ltr'><strong>fi</strong></span> <span class='ocrx_word' id='word_1_407' title='bbox 1038 2230 1217 2269; x_wconf 84' lang='lat' dir='ltr'><strong>tanquam</strong></span> <span class='ocrx_word' id='word_1_408' title='bbox 1235 2227 1425 2258; x_wconf 78' lang='lat' dir='ltr'><strong>extraneoe</strong></span> <span class='ocrx_word' id='word_1_409' title='bbox 1448 2220 1658 2259; x_wconf 86' lang='lat' dir='ltr'><strong>habeantur</strong></span> <span class='ocrx_word' id='word_1_410' title='bbox 1673 2251 1689 2270; x_wconf 75' lang='lat'>‚</span> <span class='ocrx_word' id='word_1_411' title='bbox 1718 2222 1837 2262; x_wconf 86' lang='lat' dir='ltr'><strong>hosti-</strong></span> 
     </span>
     <span class='ocr_line' id='line_1_38' title="bbox 37 2277 1838 2331; baseline 0.001 -11"><span class='ocrx_word' id='word_1_412' title='bbox 37 2281 115 2320; x_wconf 88' lang='lat' dir='ltr'><strong>lem</strong></span> <span class='ocrx_word' id='word_1_413' title='bbox 138 2280 284 2331; x_wconf 87' lang='lat' dir='ltr'><strong>semper</strong></span> <span class='ocrx_word' id='word_1_414' title='bbox 320 2282 485 2320; x_wconf 89' lang='lat' dir='ltr'><strong>retinent</strong></span> <span class='ocrx_word' id='word_1_415' title='bbox 509 2281 687 2319; x_wconf 85' lang='lat' dir='ltr'><strong>animum.</strong></span> <span class='ocrx_word' id='word_1_416' title='bbox 747 2279 883 2319; x_wconf 88' lang='lat' dir='ltr'><strong>Movit</strong></span> <span class='ocrx_word' id='word_1_417' title='bbox 907 2291 951 2318; x_wconf 87' lang='lat' dir='ltr'><strong>ea</strong></span> <span class='ocrx_word' id='word_1_418' title='bbox 965 2291 1024 2318; x_wconf 90' lang='lat' dir='ltr'><strong>res</strong></span> <span class='ocrx_word' id='word_1_419' title='bbox 1046 2278 1317 2329; x_wconf 83' lang='lat' dir='ltr'><strong>Imperatorem</strong></span> <span class='ocrx_word' id='word_1_420' title='bbox 1344 2277 1545 2318; x_wconf 84' lang='lat' dir='ltr'><strong>Claudium</strong></span> <span class='ocrx_word' id='word_1_421' title='bbox 1571 2290 1613 2318; x_wconf 92' lang='lat' dir='ltr'><strong>ut</strong></span> <span class='ocrx_word' id='word_1_422' title='bbox 1631 2280 1690 2330; x_wconf 89' lang='lat' dir='ltr'><strong>jus</strong></span> <span class='ocrx_word' id='word_1_423' title='bbox 1704 2284 1838 2321; x_wconf 69' lang='lat' dir='ltr'><strong>civita·</strong></span> 
     </span>
     <span class='ocr_line' id='line_1_39' title="bbox 37 2335 1839 2396; baseline 0 -17"><span class='ocrx_word' id='word_1_424' title='bbox 37 2341 84 2380; x_wconf 85' lang='lat' dir='ltr'><strong>tis</strong></span> <span class='ocrx_word' id='word_1_425' title='bbox 102 2339 288 2379; x_wconf 84' lang='lat' dir='ltr'><strong>Romanae</strong></span> <span class='ocrx_word' id='word_1_426' title='bbox 301 2343 415 2381; x_wconf 86' lang='lat' dir='ltr'><strong>etiam</strong></span> <span class='ocrx_word' id='word_1_427' title='bbox 431 2339 563 2380; x_wconf 85' lang='lat' dir='ltr'><strong>Galliae</strong></span> <span class='ocrx_word' id='word_1_428' title='bbox 579 2339 751 2380; x_wconf 86' lang='lat' dir='ltr'><strong>Comatae</strong></span> <span class='ocrx_word' id='word_1_429' title='bbox 767 2341 961 2392; x_wconf 82' lang='lat' dir='ltr'><strong>largiretur</strong></span> <span class='ocrx_word' id='word_1_430' title='bbox 977 2369 989 2387; x_wconf 89' lang='lat'><strong>,</strong></span> <span class='ocrx_word' id='word_1_431' title='bbox 1021 2337 1071 2377; x_wconf 68' lang='grc' dir='ltr'><strong>ἧς</strong></span> <span class='ocrx_word' id='word_1_432' title='bbox 1087 2339 1260 2389; x_wconf 88' lang='lat' dir='ltr'><strong>inquiens</strong></span> <span class='ocrx_word' id='word_1_433' title='bbox 1277 2350 1286 2376; x_wconf 82' lang='lat'>2</span> <span class='ocrx_word' id='word_1_434' title='bbox 1315 2337 1341 2389; x_wconf 66' lang='grc' dir='ltr'><em>ζ</em></span> <span class='ocrx_word' id='word_1_435' title='bbox 1342 2335 1378 2389; x_wconf 86' lang='lat' dir='ltr'><em>f</em></span> <span class='ocrx_word' id='word_1_436' title='bbox 1379 2337 1403 2392; x_wconf 84' lang='lat'><em>)</em></span> <span class='ocrx_word' id='word_1_437' title='bbox 1418 2338 1629 2396; x_wconf 67' lang='lat' dir='ltr'><strong>Qidaliad</strong></span> <span class='ocrx_word' id='word_1_438' title='bbox 1648 2344 1748 2381; x_wconf 57' lang='lat' dir='ltr'><strong>exitio</strong></span> <span class='ocrx_word' id='word_1_439' title='bbox 1759 2342 1839 2381; x_wconf 74' lang='lat' dir='ltr'><strong>La-</strong></span> 
     </span>
     <span class='ocr_line' id='line_1_40' title="bbox 36 2397 1837 2454; baseline 0.002 -16"><span class='ocrx_word' id='word_1_440' title='bbox 36 2399 239 2440; x_wconf 79' lang='lat' dir='ltr'><strong>cedaemoniis</strong></span> <span class='ocrx_word' id='word_1_441' title='bbox 259 2399 311 2445; x_wconf 67' lang='lat'><strong>&amp;³</strong></span> <span class='ocrx_word' id='word_1_442' title='bbox 327 2399 586 2452; x_wconf 63' lang='lat' dir='ltr'><strong>Athenietfihus</strong></span> <span class='ocrx_word' id='word_1_443' title='bbox 604 2397 704 2450; x_wconf 80' lang='lat' dir='ltr'><strong>fuit,</strong></span> <span class='ocrx_word' id='word_1_444' title='bbox 736 2412 940 2454; x_wconf 73' lang='lat' dir='ltr'><strong>quamquam</strong></span> <span class='ocrx_word' id='word_1_445' title='bbox 959 2400 1068 2438; x_wconf 81' lang='lat' dir='ltr'><strong>armis</strong></span> <span class='ocrx_word' id='word_1_446' title='bbox 1084 2401 1249 2449; x_wconf 70' lang='lat' dir='ltr'><strong>pollerent</strong></span> <span class='ocrx_word' id='word_1_447' title='bbox 1270 2429 1283 2446; x_wconf 83' lang='lat'>‚</span> <span class='ocrx_word' id='word_1_448' title='bbox 1311 2398 1374 2450; x_wconf 67' lang='lat' dir='ltr'><strong>nisi</strong></span> <span class='ocrx_word' id='word_1_449' title='bbox 1400 2397 1492 2451; x_wconf 69' lang='lat' dir='ltr'><strong>quod</strong></span> <span class='ocrx_word' id='word_1_450' title='bbox 1505 2399 1616 2438; x_wconf 54' lang='lat' dir='ltr'><strong>vicies</strong></span> <span class='ocrx_word' id='word_1_451' title='bbox 1627 2409 1696 2450; x_wconf 75' lang='lat' dir='ltr'><strong>pro</strong></span> <span class='ocrx_word' id='word_1_452' title='bbox 1718 2405 1837 2442; x_wconf 71' lang='lat' dir='ltr'><strong>aliem-</strong></span> 
     </span>
     <span class='ocr_line' id='line_1_41' title="bbox 34 2454 1835 2513; baseline 0.002 -16"><span class='ocrx_word' id='word_1_453' title='bbox 34 2461 139 2509; x_wconf 71' lang='lat' dir='ltr'><strong>genis‘</strong></span> <span class='ocrx_word' id='word_1_454' title='bbox 150 2460 312 2499; x_wconf 75' lang='lat' dir='ltr'><strong>arcebant</strong></span> <span class='ocrx_word' id='word_1_455' title='bbox 335 2463 355 2499; x_wconf 78' lang='lat'><strong><em>?</em></strong></span> <span class='ocrx_word' id='word_1_456' title='bbox 384 2462 443 2501; x_wconf 72' lang='lat' dir='ltr'><strong>At</strong></span> <span class='ocrx_word' id='word_1_457' title='bbox 456 2459 604 2500; x_wconf 51' lang='lat' dir='ltr'><strong>cenidisor</strong></span> <span class='ocrx_word' id='word_1_458' title='bbox 635 2458 742 2512; x_wconf 65' lang='lat' dir='ltr'><strong>nester</strong></span> <span class='ocrx_word' id='word_1_459' title='bbox 766 2460 931 2500; x_wconf 52' lang='lat' dir='ltr'><strong>Romulus</strong></span> <span class='ocrx_word' id='word_1_460' title='bbox 961 2467 1125 2511; x_wconf 67' lang='lat' dir='ltr'><strong>tanquam</strong></span> <span class='ocrx_word' id='word_1_461' title='bbox 1141 2454 1303 2508; x_wconf 49' lang='lat' dir='ltr'><strong>sapiens&amp;</strong></span> <span class='ocrx_word' id='word_1_462' title='bbox 1333 2458 1447 2496; x_wconf 65' lang='lat' dir='ltr'><strong>valuit</strong></span> <span class='ocrx_word' id='word_1_463' title='bbox 1472 2487 1483 2505; x_wconf 92' lang='lat'>‚</span> <span class='ocrx_word' id='word_1_464' title='bbox 1512 2465 1555 2497; x_wconf 75' lang='lat' dir='ltr'><strong>ut</strong></span> <span class='ocrx_word' id='word_1_465' title='bbox 1571 2458 1752 2513; x_wconf 72' lang='lat' dir='ltr'><strong>plerosque</strong></span> <span class='ocrx_word' id='word_1_466' title='bbox 1771 2471 1835 2513; x_wconf 81' lang='lat' dir='ltr'><strong>po-</strong></span> 
     </span>
     <span class='ocr_line' id='line_1_42' title="bbox 29 2516 1836 2575; baseline 0.003 -19"><span class='ocrx_word' id='word_1_467' title='bbox 29 2518 132 2570; x_wconf 68' lang='lat' dir='ltr'><strong>pulos</strong></span> <span class='ocrx_word' id='word_1_468' title='bbox 145 2517 253 2557; x_wconf 81' lang='lat' dir='ltr'><strong>eodem</strong></span> <span class='ocrx_word' id='word_1_469' title='bbox 274 2518 326 2558; x_wconf 75' lang='lat' dir='ltr'><strong>die</strong></span> <span class='ocrx_word' id='word_1_470' title='bbox 345 2519 451 2575; x_wconf 79' lang='lat' dir='ltr'><strong>hostes</strong></span> <span class='ocrx_word' id='word_1_471' title='bbox 474 2553 484 2570; x_wconf 87' lang='grc'>,</span> <span class='ocrx_word' id='word_1_472' title='bbox 514 2518 589 2559; x_wconf 80' lang='lat' dir='ltr'><strong>dein</strong></span> <span class='ocrx_word' id='word_1_473' title='bbox 605 2522 698 2560; x_wconf 72' lang='lat' dir='ltr'><strong>cives</strong></span> <span class='ocrx_word' id='word_1_474' title='bbox 723 2519 892 2559; x_wconf 76' lang='lat' dir='ltr'><strong>hahuerit.</strong></span> <span class='ocrx_word' id='word_1_475' title='bbox 953 2516 1026 2557; x_wconf 90' lang='lat' dir='ltr'><strong>His</strong></span> <span class='ocrx_word' id='word_1_476' title='bbox 1058 2518 1213 2567; x_wconf 88' lang='lat' dir='ltr'><strong>aliisque</strong></span> <span class='ocrx_word' id='word_1_477' title='bbox 1237 2516 1371 2557; x_wconf 84' lang='lat' dir='ltr'><strong>mediis</strong></span> <span class='ocrx_word' id='word_1_478' title='bbox 1396 2516 1578 2568; x_wconf 76' lang='lat' dir='ltr'><strong>paulatim</strong></span> <span class='ocrx_word' id='word_1_479' title='bbox 1602 2519 1640 2557; x_wconf 88' lang='lat' dir='ltr'><strong>in</strong></span> <span class='ocrx_word' id='word_1_480' title='bbox 1660 2529 1836 2561; x_wconf 83' lang='lat' dir='ltr'><strong>naturam</strong></span> 
     </span>
     <span class='ocr_line' id='line_1_43' title="bbox 0 2576 1833 2631; baseline 0.002 -15"><span class='ocrx_word' id='word_1_481' title='bbox 0 2589 2 2594; x_wconf 76' lang='grc'>’</span> <span class='ocrx_word' id='word_1_482' title='bbox 40 2578 184 2616; x_wconf 89' lang='lat' dir='ltr'><strong>abeunt</strong></span> <span class='ocrx_word' id='word_1_483' title='bbox 215 2577 381 2619; x_wconf 86' lang='lat' dir='ltr'><strong>dominia</strong></span> <span class='ocrx_word' id='word_1_484' title='bbox 400 2589 605 2627; x_wconf 81' lang='lat' dir='ltr'><strong>extranea,</strong></span> <span class='ocrx_word' id='word_1_485' title='bbox 637 2578 839 2631; x_wconf 89' lang='lat' dir='ltr'><strong>postquam</strong></span> <span class='ocrx_word' id='word_1_486' title='bbox 866 2590 909 2617; x_wconf 88' lang='lat' dir='ltr'><strong>ea</strong></span> <span class='ocrx_word' id='word_1_487' title='bbox 933 2577 1153 2628; x_wconf 86' lang='lat' dir='ltr'><strong>praes&#39;cripsit</strong></span> <span class='ocrx_word' id='word_1_488' title='bbox 1176 2578 1358 2628; x_wconf 88' lang='lat' dir='ltr'><strong>temporis</strong></span> <span class='ocrx_word' id='word_1_489' title='bbox 1378 2576 1601 2615; x_wconf 83' lang='lat' dir='ltr'><strong>diuturnitas</strong></span> <span class='ocrx_word' id='word_1_490' title='bbox 1617 2606 1631 2624; x_wconf 79' lang='lat'>,</span> <span class='ocrx_word' id='word_1_491' title='bbox 1661 2578 1697 2617; x_wconf 66' lang='grc' dir='ltr'>ἃ</span> <span class='ocrx_word' id='word_1_492' title='bbox 1715 2578 1833 2619; x_wconf 88' lang='lat' dir='ltr'><strong>subla-</strong></span> 
     </span>
     <span class='ocr_line' id='line_1_44' title="bbox 0 2633 1834 2692; baseline 0.001 -16"><span class='ocrx_word' id='word_1_493' title='bbox 0 2649 2 2657; x_wconf 94' lang='lat'><em>·</em></span> <span class='ocrx_word' id='word_1_494' title='bbox 37 2647 76 2676; x_wconf 88' lang='lat' dir='ltr'><strong>ta</strong></span> <span class='ocrx_word' id='word_1_495' title='bbox 92 2635 147 2675; x_wconf 90' lang='lat' dir='ltr'><strong>est</strong></span> <span class='ocrx_word' id='word_1_496' title='bbox 163 2637 345 2677; x_wconf 87' lang='lat' dir='ltr'><strong>libertatis</strong></span> <span class='ocrx_word' id='word_1_497' title='bbox 361 2639 522 2692; x_wconf 86' lang='lat' dir='ltr'><strong>pristinae</strong></span> <span class='ocrx_word' id='word_1_498' title='bbox 552 2641 746 2681; x_wconf 88' lang='lat' dir='ltr'><strong>memoria.</strong></span> <span class='ocrx_word' id='word_1_499' title='bbox 807 2637 904 2678; x_wconf 82' lang='lat' dir='ltr'><strong>Haec</strong></span> <span class='ocrx_word' id='word_1_500' title='bbox 927 2637 1084 2688; x_wconf 89' lang='lat' dir='ltr'><strong>politica</strong></span> <span class='ocrx_word' id='word_1_501' title='bbox 1104 2635 1277 2688; x_wconf 67' lang='lat' dir='ltr'><strong>negleeta</strong></span> <span class='ocrx_word' id='word_1_502' title='bbox 1295 2635 1369 2675; x_wconf 91' lang='lat' dir='ltr'><strong>fuit</strong></span> <span class='ocrx_word' id='word_1_503' title='bbox 1384 2636 1423 2673; x_wconf 85' lang='lat' dir='ltr'><strong>in</strong></span> <span class='ocrx_word' id='word_1_504' title='bbox 1440 2633 1630 2687; x_wconf 82' lang='lat' dir='ltr'><strong>Hispa-niae</strong></span> <span class='ocrx_word' id='word_1_505' title='bbox 1657 2636 1834 2678; x_wconf 87' lang='lat' dir='ltr'><strong>instaura-</strong></span> 
     </span>
     <span class='ocr_line' id='line_1_45' title="bbox 0 2693 1832 2751; baseline 0.002 -16"><span class='ocrx_word' id='word_1_506' title='bbox 0 2698 3 2723; x_wconf 64' lang='lat'><em>*</em></span> <span class='ocrx_word' id='word_1_507' title='bbox 38 2698 176 2745; x_wconf 71' lang='lat' dir='ltr'><strong>tione,</strong></span> <span class='ocrx_word' id='word_1_508' title='bbox 224 2695 390 2748; x_wconf 76' lang='lat' dir='ltr'><strong>ct&#39;imque</strong></span> <span class='ocrx_word' id='word_1_509' title='bbox 416 2711 463 2739; x_wconf 90' lang='lat' dir='ltr'><strong>ea</strong></span> <span class='ocrx_word' id='word_1_510' title='bbox 488 2700 603 2751; x_wconf 85' lang='lat' dir='ltr'><strong>pluris</strong></span> <span class='ocrx_word' id='word_1_511' title='bbox 633 2698 707 2739; x_wconf 82' lang='lat' dir='ltr'><strong>esse</strong></span> <span class='ocrx_word' id='word_1_512' title='bbox 728 2697 902 2738; x_wconf 90' lang='lat' dir='ltr'><strong>crederet</strong></span> <span class='ocrx_word' id='word_1_513' title='bbox 929 2696 966 2736; x_wconf 68' lang='grc' dir='ltr'>ἃ</span> <span class='ocrx_word' id='word_1_514' title='bbox 1007 2697 1190 2748; x_wconf 83' lang='lat' dir='ltr'><strong>integram</strong></span> <span class='ocrx_word' id='word_1_515' title='bbox 1220 2696 1320 2734; x_wconf 85' lang='lat' dir='ltr'><strong>suam</strong></span> <span class='ocrx_word' id='word_1_516' title='bbox 1348 2694 1498 2734; x_wconf 86' lang='lat' dir='ltr'><strong>servare</strong></span> <span class='ocrx_word' id='word_1_517' title='bbox 1542 2693 1799 2738; x_wconf 78' lang='lat' dir='ltr'><strong>Nobilitatem</strong></span> <span class='ocrx_word' id='word_1_518' title='bbox 1818 2731 1832 2750; x_wconf 85' lang='lat'><strong>,</strong></span> 
     </span>
     <span class='ocr_line' id='line_1_46' title="bbox 0 2752 1835 2812; baseline 0.002 -17"><span class='ocrx_word' id='word_1_519' title='bbox 0 2771 2 2776; x_wconf 55' lang='lat'><em>⁷</em></span> <span class='ocrx_word' id='word_1_520' title='bbox 26 2755 153 2807; x_wconf 78' lang='lat' dir='ltr'><strong>quam</strong></span> <span class='ocrx_word' id='word_1_521' title='bbox 171 2754 396 2798; x_wconf 84' lang='lat' dir='ltr'><strong>Africanum</strong></span> <span class='ocrx_word' id='word_1_522' title='bbox 416 2760 467 2798; x_wconf 79' lang='lat' dir='ltr'><strong>illi</strong></span> <span class='ocrx_word' id='word_1_523' title='bbox 488 2758 642 2798; x_wconf 87' lang='lat' dir='ltr'><strong>miscere</strong></span> <span class='ocrx_word' id='word_1_524' title='bbox 671 2759 899 2812; x_wconf 83' lang='lat' dir='ltr'><strong>sanguinem,</strong></span> <span class='ocrx_word' id='word_1_525' title='bbox 915 2757 1111 2808; x_wconf 86' lang='lat' dir='ltr'><strong>privilegia</strong></span> <span class='ocrx_word' id='word_1_526' title='bbox 1136 2754 1198 2793; x_wconf 81' lang='lat' dir='ltr'><strong>sua</strong></span> <span class='ocrx_word' id='word_1_527' title='bbox 1213 2754 1249 2792; x_wconf 71' lang='grc' dir='ltr'><strong>δε</strong></span> <span class='ocrx_word' id='word_1_528' title='bbox 1266 2754 1435 2793; x_wconf 87' lang='lat' dir='ltr'><strong>honores</strong></span> <span class='ocrx_word' id='word_1_529' title='bbox 1452 2752 1564 2794; x_wconf 62' lang='lat' dir='ltr'><strong>vietis</strong></span> <span class='ocrx_word' id='word_1_530' title='bbox 1582 2754 1765 2798; x_wconf 86' lang='lat' dir='ltr'><strong>Nationis</strong></span> <span class='ocrx_word' id='word_1_531' title='bbox 1793 2761 1835 2798; x_wconf 89' lang='lat' dir='ltr'><strong>il.</strong></span> 
     </span>
     <span class='ocr_line' id='line_1_47' title="bbox 0 2813 1832 2867; baseline 0.002 -12"><span class='ocrx_word' id='word_1_532' title='bbox 0 2845 2 2850; x_wconf 90' lang='lat'>.</span> <span class='ocrx_word' id='word_1_533' title='bbox 38 2817 110 2856; x_wconf 82' lang='lat' dir='ltr'><strong>lius</strong></span> <span class='ocrx_word' id='word_1_534' title='bbox 129 2818 412 2857; x_wconf 88' lang='lat' dir='ltr'><strong>communicare</strong></span> <span class='ocrx_word' id='word_1_535' title='bbox 432 2820 583 2863; x_wconf 85' lang='lat' dir='ltr'><strong>noluit;</strong></span> <span class='ocrx_word' id='word_1_536' title='bbox 613 2818 716 2858; x_wconf 91' lang='lat' dir='ltr'><strong>unde</strong></span> <span class='ocrx_word' id='word_1_537' title='bbox 731 2818 897 2867; x_wconf 68' lang='lat' dir='ltr'><strong>factum,</strong></span> <span class='ocrx_word' id='word_1_538' title='bbox 928 2826 971 2856; x_wconf 91' lang='lat' dir='ltr'><strong>ut</strong></span> <span class='ocrx_word' id='word_1_539' title='bbox 994 2816 1090 2855; x_wconf 89' lang='lat' dir='ltr'><strong>uniti</strong></span> <span class='ocrx_word' id='word_1_540' title='bbox 1106 2814 1181 2854; x_wconf 72' lang='lat' dir='ltr'><strong>una</strong></span> <span class='ocrx_word' id='word_1_541' title='bbox 1197 2813 1307 2853; x_wconf 85' lang='lat' dir='ltr'><strong>simul</strong></span> <span class='ocrx_word' id='word_1_542' title='bbox 1330 2826 1416 2853; x_wconf 89' lang='lat' dir='ltr'><strong>cum</strong></span> <span class='ocrx_word' id='word_1_543' title='bbox 1435 2813 1527 2853; x_wconf 90' lang='lat' dir='ltr'><strong>odio</strong></span> <span class='ocrx_word' id='word_1_544' title='bbox 1542 2813 1734 2857; x_wconf 85' lang='lat' dir='ltr'><strong>servarent</strong></span> <span class='ocrx_word' id='word_1_545' title='bbox 1750 2831 1832 2858; x_wconf 82' lang='lat' dir='ltr'><strong>mo-</strong></span> 
     </span>
     <span class='ocr_line' id='line_1_48' title="bbox 0 2872 1829 2930; baseline 0.002 -15"><span class='ocrx_word' id='word_1_546' title='bbox 0 2916 6 2924; x_wconf 69' lang='lat'><em>,</em></span> <span class='ocrx_word' id='word_1_547' title='bbox 28 2888 99 2916; x_wconf 66' lang='lat' dir='ltr'><strong>ses</strong></span> <span class='ocrx_word' id='word_1_548' title='bbox 117 2876 203 2916; x_wconf 84' lang='lat' dir='ltr'><strong>suos</strong></span> <span class='ocrx_word' id='word_1_549' title='bbox 218 2906 232 2926; x_wconf 85' lang='lat'>,</span> <span class='ocrx_word' id='word_1_550' title='bbox 261 2876 404 2917; x_wconf 86' lang='lat' dir='ltr'><strong>idioma</strong></span> <span class='ocrx_word' id='word_1_551' title='bbox 425 2878 531 2917; x_wconf 88' lang='lat' dir='ltr'><strong>suum</strong></span> <span class='ocrx_word' id='word_1_552' title='bbox 549 2877 586 2917; x_wconf 83' lang='lat'>&amp;</span> <span class='ocrx_word' id='word_1_553' title='bbox 601 2877 812 2930; x_wconf 87' lang='lat' dir='ltr'><strong>perfidiam,</strong></span> <span class='ocrx_word' id='word_1_554' title='bbox 829 2888 872 2918; x_wconf 88' lang='lat' dir='ltr'><strong>ut</strong></span> <span class='ocrx_word' id='word_1_555' title='bbox 891 2874 1082 2917; x_wconf 78' lang='lat' dir='ltr'><strong>necessum</strong></span> <span class='ocrx_word' id='word_1_556' title='bbox 1108 2872 1200 2913; x_wconf 75' lang='lat' dir='ltr'><strong>effer</strong></span> <span class='ocrx_word' id='word_1_557' title='bbox 1230 2873 1369 2913; x_wconf 87' lang='lat' dir='ltr'><strong>deinde</strong></span> <span class='ocrx_word' id='word_1_558' title='bbox 1386 2885 1454 2913; x_wconf 87' lang='lat' dir='ltr'><strong>eos</strong></span> <span class='ocrx_word' id='word_1_559' title='bbox 1477 2876 1636 2915; x_wconf 81' lang='lat' dir='ltr'><strong>omnino</strong></span> <span class='ocrx_word' id='word_1_560' title='bbox 1664 2876 1829 2929; x_wconf 84' lang='lat' dir='ltr'><strong>ejicere,</strong></span> 
     </span>
     <span class='ocr_line' id='line_1_49' title="bbox 939 2935 1830 2979; baseline 0.007 -6"><span class='ocrx_word' id='word_1_561' title='bbox 939 2935 980 2974; x_wconf 94' lang='lat' dir='ltr'><strong>U</strong></span> <span class='ocrx_word' id='word_1_562' title='bbox 997 2947 1022 2974; x_wconf 93' lang='lat' dir='ltr'><strong>u</strong></span> <span class='ocrx_word' id='word_1_563' title='bbox 1040 2947 1067 2973; x_wconf 90' lang='lat' dir='ltr'><strong>u</strong></span> <span class='ocrx_word' id='word_1_564' title='bbox 1791 2940 1830 2979; x_wconf 71' lang='grc' dir='ltr'><strong>ἃ.</strong></span> 
     </span>
    </p>
   </div>
   <div class='ocr_carea' id='block_1_7' title="bbox 0 2482 34 3187">
    <p class='ocr_par' dir='ltr' id='par_1_7' title="bbox 0 2482 34 3187">
     <span class='ocr_line' id='line_1_50' title="bbox 0 2482 34 3187; baseline 0 -645"><span class='ocrx_word' id='word_1_565' title='bbox 0 2482 34 3187; x_wconf 95' lang='lat' dir='ltr'><strong>         </strong></span> 
     </span>
    </p>
   </div>
   <div class='ocr_carea' id='block_1_8' title="bbox 1062 3031 1314 3042">
    <p class='ocr_par' dir='ltr' id='par_1_8' title="bbox 1062 3031 1314 3042">
     <span class='ocr_line' id='line_1_51' title="bbox 1062 3031 1314 3042; baseline 0 688"><span class='ocrx_word' id='word_1_566' title='bbox 1062 3031 1314 3042; x_wconf 95' lang='lat' dir='ltr'><strong> </strong></span> 
     </span>
    </p>
   </div>
   <div class='ocr_carea' id='block_1_9' title="bbox 815 3035 1057 3043">
    <p class='ocr_par' dir='ltr' id='par_1_9' title="bbox 815 3035 1057 3043">
     <span class='ocr_line' id='line_1_52' title="bbox 815 3035 1057 3043; baseline 0 687"><span class='ocrx_word' id='word_1_567' title='bbox 815 3035 1057 3043; x_wconf 95' lang='lat' dir='ltr'><strong> </strong></span> 
     </span>
    </p>
   </div>
   <div class='ocr_carea' id='block_1_10' title="bbox 0 3065 1829 3320">
    <p class='ocr_par' dir='ltr' id='par_1_10' title="bbox 0 3065 1829 3320">
     <span class='ocr_line' id='line_1_53' title="bbox 72 3065 1829 3156; baseline 0.013 -74"><span class='ocrx_word' id='word_1_568' title='bbox 72 3077 81 3082; x_wconf 41' lang='lat' dir='ltr'><strong>t</strong></span> <span class='ocrx_word' id='word_1_569' title='bbox 131 3067 188 3112; x_wconf 82' lang='lat' dir='ltr'><strong>(a)</strong></span> <span class='ocrx_word' id='word_1_570' title='bbox 210 3066 351 3126; x_wconf 31' lang='lat' dir='ltr'><strong>*IllecJus</strong></span> <span class='ocrx_word' id='word_1_571' title='bbox 363 3066 399 3127; x_wconf 61' lang='lat' dir='ltr'><strong>fi</strong></span> <span class='ocrx_word' id='word_1_572' title='bbox 413 3066 498 3104; x_wconf 77' lang='lat' dir='ltr'><strong>divo</strong></span> <span class='ocrx_word' id='word_1_573' title='bbox 520 3065 673 3119; x_wconf 80' lang='lat' dir='ltr'><strong>Augusto</strong></span> <span class='ocrx_word' id='word_1_574' title='bbox 697 3065 917 3107; x_wconf 72' lang='lat' dir='ltr'><strong>liberalitate</strong></span> <span class='ocrx_word' id='word_1_575' title='bbox 937 3070 1045 3107; x_wconf 69' lang='lat' dir='ltr'><strong>decies</strong></span> <span class='ocrx_word' id='word_1_576' title='bbox 1056 3068 1273 3116; x_wconf 54' lang='lat' dir='ltr'><strong>sextertium</strong></span> <span class='ocrx_word' id='word_1_577' title='bbox 1297 3069 1417 3130; x_wconf 49' lang='lat' dir='ltr'><strong>ducere</strong></span> <span class='ocrx_word' id='word_1_578' title='bbox 1441 3084 1585 3130; x_wconf 50' lang='lat' dir='ltr'><strong>uxerem</strong></span> <span class='ocrx_word' id='word_1_579' title='bbox 1599 3097 1609 3110; x_wconf 89' lang='lat'>‚</span> <span class='ocrx_word' id='word_1_580' title='bbox 1633 3084 1675 3156; x_wconf 57' lang='lat' dir='ltr'><strong>nlej</strong></span> <span class='ocrx_word' id='word_1_581' title='bbox 1687 3068 1829 3129; x_wconf 53' lang='lat' dir='ltr'><strong>chiristi:</strong></span> 
     </span>
     <span class='ocr_line' id='line_1_54' title="bbox 0 3115 1828 3226; baseline 0.003 -22"><span class='ocrx_word' id='word_1_582' title='bbox 0 3186 6 3196; x_wconf 88' lang='lat'><em>.</em></span> <span class='ocrx_word' id='word_1_583' title='bbox 41 3115 569 3226; x_wconf 54' lang='grc' dir='ltr'><strong>ἶῖἐῗῖξῖχῖἕῖἶῗεῖἶῖᾗῖζ</strong></span> <span class='ocrx_word' id='word_1_584' title='bbox 589 3120 822 3225; x_wconf 42' lang='lat' dir='ltr'><strong>{aerii-‘quise</strong></span> <span class='ocrx_word' id='word_1_585' title='bbox 835 3123 1260 3221; x_wconf 53' lang='lat' dir='ltr'><strong>‚-(¹}2{u¹i³}21-¹J}ii;m223</strong></span> <span class='ocrx_word' id='word_1_586' title='bbox 1275 3120 1828 3224; x_wconf 44' lang='grc' dir='ltr'><strong>,Σῖἷοέιῖζέωῗὲἶῗᾈῖζὲῗῖἐῇίῗ</strong></span> 
     </span>
     <span class='ocr_line' id='line_1_55' title="bbox 0 3218 1825 3280; baseline 0.007 -26"><span class='ocrx_word' id='word_1_587' title='bbox 0 3226 5 3250; x_wconf 65' lang='grc' dir='ltr'><strong>ι</strong></span> <span class='ocrx_word' id='word_1_588' title='bbox 37 3218 184 3271; x_wconf 74' lang='lat' dir='ltr'><strong>pientia.</strong></span> <span class='ocrx_word' id='word_1_589' title='bbox 201 3224 286 3262; x_wconf 88' lang='lat' dir='ltr'><strong>Tac.</strong></span> <span class='ocrx_word' id='word_1_590' title='bbox 307 3225 408 3273; x_wconf 87' lang='lat' dir='ltr'><strong>lib.4.</strong></span> <span class='ocrx_word' id='word_1_591' title='bbox 434 3228 532 3262; x_wconf 81' lang='lat' dir='ltr'><strong>Ann-</strong></span> <span class='ocrx_word' id='word_1_592' title='bbox 596 3225 664 3272; x_wconf 78' lang='lat' dir='ltr'><strong>(d)</strong></span> <span class='ocrx_word' id='word_1_593' title='bbox 686 3222 812 3263; x_wconf 76' lang='lat' dir='ltr'><strong>Urbem</strong></span> <span class='ocrx_word' id='word_1_594' title='bbox 830 3227 937 3280; x_wconf 68' lang='lat' dir='ltr'><strong>ipslma</strong></span> <span class='ocrx_word' id='word_1_595' title='bbox 953 3226 1135 3280; x_wconf 64' lang='lat' dir='ltr'><strong>magnifico</strong></span> <span class='ocrx_word' id='word_1_596' title='bbox 1156 3238 1294 3264; x_wconf 76' lang='lat' dir='ltr'><strong>ornatu.</strong></span> <span class='ocrx_word' id='word_1_597' title='bbox 1350 3229 1434 3264; x_wconf 86' lang='lat' dir='ltr'><strong>Tac.</strong></span> <span class='ocrx_word' id='word_1_598' title='bbox 1449 3227 1473 3263; x_wconf 76' lang='lat' dir='ltr'><strong>l..</strong></span> <span class='ocrx_word' id='word_1_599' title='bbox 1492 3229 1627 3263; x_wconf 85' lang='lat' dir='ltr'><strong>1.Ann.</strong></span> <span class='ocrx_word' id='word_1_600' title='bbox 1655 3227 1712 3272; x_wconf 74' lang='lat' dir='ltr'><strong>(e)</strong></span> <span class='ocrx_word' id='word_1_601' title='bbox 1723 3228 1825 3266; x_wconf 69' lang='lat' dir='ltr'><strong>idem</strong></span> 
     </span>
     <span class='ocr_line' id='line_1_56' title="bbox 42 3270 618 3320; baseline 0.005 -11"><span class='ocrx_word' id='word_1_602' title='bbox 42 3270 129 3309; x_wconf 78' lang='lat' dir='ltr'><strong>ibid.</strong></span> <span class='ocrx_word' id='word_1_603' title='bbox 179 3273 247 3320; x_wconf 89' lang='lat' dir='ltr'><strong>(f)</strong></span> <span class='ocrx_word' id='word_1_604' title='bbox 272 3278 357 3315; x_wconf 70' lang='lat' dir='ltr'><strong>Tac„</strong></span> <span class='ocrx_word' id='word_1_605' title='bbox 372 3278 394 3314; x_wconf 83' lang='lat' dir='ltr'><strong>l.</strong></span> <span class='ocrx_word' id='word_1_606' title='bbox 414 3288 472 3317; x_wconf 82' lang='lat'><strong>11.</strong></span> <span class='ocrx_word' id='word_1_607' title='bbox 491 3277 618 3314; x_wconf 60' lang='lat' dir='ltr'><strong>Annas,</strong></span> 
     </span>
    </p>
   </div>
  </div>
 </body>
</html>
