2132 3730
475 326 1423 394 SYMBoLAPoLITJCA
1614 342 1850 396 ,7427ss

90 412 232 452 eundas
250 412 462 454 functiones
478 412 521 453 fit
539 415 777 462 inidoneum,
807 398 878 453 nec
903 425 1031 453 manus
1057 414 1213 452 tremula
1237 413 1384 463 Imperii
1409 415 1560 452 clavum
1594 412 1750 464 amplius
1771 425 1853 454 moa

89 469 209 511 derari
225 471 369 524 potest,
396 485 466 513 nec
483 474 580 514 visus
603 473 813 526 perspicere
831 474 910 513 coeli
927 474 1063 520 nubes,
1086 482 1288 512 ventorum
1319 475 1414 520 vias,
1444 474 1482 512 δε
1512 475 1620 512 maris
1653 475 1851 526 scopulos,

88 539 161 572 nec
177 531 322 572 auditus
341 533 537 584 percipere
554 532 688 583 Scyssae
712 532 750 572 &
771 533 972 583 charybdis
1000 535 1162 572 latratus.
1225 532 1264 571 In
1292 536 1402 572 tantis
1424 532 1581 572 Naturae
1610 534 1760 574 miseriis
1787 535 1852 575 de.

4 618 6 629 ι
78 590 142 630 -est
156 590 317 644 Principi
331 590 556 641 constantia,
585 591 624 633 &
639 590 816 632 reduetus
838 592 1008 633 sensuum
1022 591 1244 632 humiditate
1261 592 1308 631 ad
1329 602 1476 633 aetatem
1496 595 1676 645 puerilem
1689 621 1701 639 ,
1725 598 1851 635 omnia

7 647 8 650 ’
78 650 300 704 persuaderi
315 651 383 692 sibi
405 652 568 702 patitur,
597 651 635 692 δε
662 653 740 705 regi
765 653 803 692 se
824 652 908 692 finit
924 652 945 691 a
972 653 1130 700 malitia,
1158 662 1241 702 quae
1257 654 1372 705 magis
1385 653 1498 692 solers
1527 660 1618 692 tunc
1643 653 1697 693 est
1719 654 1755 694 in
1775 656 1819 695 iis
1837 684 1850 705 ,

85 719 184 762 quos
197 711 337 750 circum
354 709 392 751 se
411 710 554 761 habet,
582 712 725 763 quique
750 713 874 752 minore
887 722 977 752 tunc
1001 718 1262 763 metupeccmzt,
1292 710 1343 756 ἐξ)
1355 714 1481 766 majore
1499 709 1568 766 (a)
1589 717 1740 764 proemio.
1760 713 1852 754 Mu-

83 770 192 809 lieres
208 769 395 810 voluntati
413 769 618 811 &arbitrio
633 769 713 822 ejus
733 769 994 820 dominantur,
1024 773 1078 810 uti
1113 773 1152 811 in
1178 769 1289 810 Livia
1306 770 1438 811 videre
1464 769 1558 820 fuit,
1590 783 1672 823 quae
1701 772 1770 825 (b)
1797 770 1852 824 se-

80 825 361 882 mmAugzstma
387 827 595 871 devinxerat
615 828 717 879 adeo,
744 837 786 870 ut
819 831 984 883 Nepotem
1015 832 1147 872 unicum
1169 830 1360 882 Agrippam
1381 828 1617 884 Ptsthumum,
1647 834 1682 871 in
1710 828 1851 875 staffilem

78 884 276 939 Planasiam
293 890 498 943 projicerem
523 891 642 930 immo
668 890 715 930 ad
738 892 851 930 talem
880 888 1026 943 redegit
1055 888 1209 939 statum,
1240 899 1283 930 ut
1310 888 1479 942 quiante
1503 899 1627 931 totum
1654 892 1787 931 orbem
1812 893 1848 932 in

79 957 173 998 pace
190 947 415 988 conservare
435 959 620 999 noverat,
649 961 700 990 ne
715 949 815 990 suam
832 950 984 1001 quidem
1003 948 1136 1002 postea
1151 947 1326 990 familiam
1344 947 1451 990 sciret
1479 948 1547 1005 (c)
1574 961 1718 1003 regere.
1767 948 1849 991 Un-

81 1003 129 1045 de
149 1017 267 1058 porro
290 1005 356 1057 fit,
384 1016 428 1048 ut
449 1007 630 1061 Maiestas
646 1009 761 1050 irrisui
785 1009 983 1050 &fastidio
999 1009 1045 1050 fit
1064 1009 1263 1057 omnibus5
1291 1009 1396 1060 cujus
1414 1012 1468 1049 rei
1484 1008 1700 1062 exemplum
1727 1009 1851 1050 Galba

76 1063 152 1117 (d)
180 1064 266 1106 fuit.
322 1065 515 1109 Nationes
534 1070 613 1109 aliae
635 1080 723 1110 eum
746 1066 987 1121 aspernantur
1011 1068 1050 1109 δι
1075 1077 1260 1109 attentant
1280 1069 1447 1121 aggredi,
1478 1070 1585 1109 velut
1599 1071 1770 1110 Arbanus
1785 1068 1849 1109 Ti-

7 1158 9 1162 .
74 1125 184 1165 berio
226 1122 307 1181 (e)
342 1125 549 1168 factitabat.
607 1130 708 1170 Perit
735 1127 915 1182 Principis
941 1128 1122 1181 decrepiti
1155 1126 1384 1178 au&oritaS,
1414 1129 1452 1171 &
1483 1127 1574 1179 juffa
1605 1128 1850 1181 spernuntur,

7 1233 10 1240 ἱ
76 1184 256 1235 quianon
277 1196 458 1237 putantur
475 1188 522 1228 ab
540 1188 606 1228 illo
619 1188 828 1240 proficisci3
856 1191 911 1229 uti
929 1188 976 1229 de
1002 1187 1144 1228 Tiberii
1177 1188 1358 1227 mandatis
1392 1189 1498 1228 multi
1527 1186 1614 1242 (f)
1644 1189 1850 1241 opinaban-

75 1252 147 1287 tur.
205 1243 375 1298 Populus
396 1248 499 1287 illum
520 1257 736 1296 execratur,
767 1249 911 1301 quippe
933 1258 1046 1298 quem
1070 1259 1141 1299 pro
1169 1247 1289 1287 inutili
1314 1247 1429 1288 habet
1451 1247 1721 1298 instrumento,
1747 1247 1851 1289 unde

8 1332 9 1356 3
73 1302 200 1343 omnia
214 1315 366 1346 manant
383 1306 666 1360 gubernationis
694 1307 940 1348 incommoda
963 1319 1007 1347 ac
1023 1307 1268 1353 detrimenta-5
1298 1318 1461 1359 cumque
1491 1318 1596 1347 amor
1613 1317 1663 1347 ex
1690 1308 1849 1348 utilitate

70 1361 155 1402 fere
168 1364 358 1414 nascatur,
388 1365 428 1406 δι
446 1368 630 1407 nutriatur
650 1364 717 1419 spe
732 1396 744 1416 ‚
773 1368 946 1420 plerique
963 1368 1070 1420 parvi
1090 1368 1192 1407 illum
1209 1364 1407 1408 aestimant:
1437 1377 1524 1406 nam
1547 1369 1706 1406 multum
1729 1365 1850 1419 largiri

8 1439 11 1476 ᾗ
71 1433 149 1464 non
163 1422 313 1474 potest,
343 1427 404 1465 cui
421 1438 555 1476 patum
574 1428 663 1463 vitae
688 1425 864 1475 superest.
925 1424 1047 1465 Velut
1073 1424 1144 1478 (g)
1165 1426 1363 1476 precarium
1383 1424 1461 1477 ejus
1478 1427 1671 1477 inpertmn,
1699 1425 1750 1471 ἐξ)
1773 1426 1851 1466 bre·

8 1482 11 1543 ᾗ
71 1483 111 1520 vi
143 1480 368 1531 tranfiturunz
386 1483 572 1530 habetur,
602 1483 658 1521 uti
679 1481 812 1521 Galbae
840 1482 916 1534 (h)
943 1481 1101 1531 accidit,
1135 1483 1171 1521 &
1199 1481 1360 1522 Ministri
1386 1486 1494 1522 velut
1516 1486 1714 1534 accipitres
1744 1484 1852 1524 Nor-

8 1553 11 1583 2
71 1541 232 1592 Wegiae,
262 1549 305 1579 ut
322 1539 422 1580 diem
443 1540 656 1588 lucrentur,
683 1550 779 1580 mox
795 1550 942 1592 ungues
955 1541 994 1579 in
1016 1540 1117 1579 bona
1135 1542 1287 1591 publica
1304 1541 1475 1590 injiciunt
1490 1569 1503 1588 ‚
1524 1542 1647 1580 officia
1669 1541 1708 1581 &
1735 1544 1847 1594 grati·

8 1590 11 1641 ἶ
69 1610 108 1638 as
128 1601 255 1653 pretio
279 1599 552 1649 divendentes‚
579 1598 740 1652 perinde
759 1608 804 1639 ut
825 1599 994 1651 ejusdem
1008 1597 1249 1651 Imperatoris
1272 1598 1406 1638 Galbae
1435 1598 1559 1639 liberti
1586 1596 1790 1640 faciebantt

241 1658 340 1699 Cum
357 1661 468 1712 igitur
482 1656 669 1711 provecta
685 1667 774 1699 aetas
789 1659 837 1698 ad
859 1660 971 1699 talem
987 1660 1206 1711 pervenerit
1229 1654 1363 1698 statum
1375 1687 1386 1707 ,
1416 1656 1660 1699 instruetione
1683 1659 1846 1713 Principi

9 1729 11 1772 5
69 1727 167 1771 opus
187 1716 260 1766 est,
290 1721 407 1771 magis
424 1730 464 1759 ut
489 1720 591 1760 suam
619 1719 795 1772 agnoscat
827 1717 1119 1768 inhabilitatem,
1151 1717 1188 1757 &
1222 1718 1369 1770 imperii
1399 1730 1495 1758 onus
1522 1719 1562 1759 in
1587 1718 1848 1762 Succefforem

70 1776 291 1828 transferat,
320 1777 434 1831 quam
451 1778 691 1819 documentis
719 1778 768 1818 ad
792 1774 892 1818 illud
902 1776 1216 1827 continuandum
1272 1777 1339 1818 Ne
1356 1774 1432 1818 falli
1453 1777 1489 1818 se
1503 1778 1596 1818 sinat
1612 1779 1820 1821 ambitione
1835 1808 1847 1830 ,

9 1857 12 1887 3
67 1837 289 1888 opinionem
306 1836 344 1878 δε
359 1837 527 1891 plausum
540 1838 772 1891 praeteritum
788 1837 857 1878 fibi
874 1838 1059 1891 ponendo
1079 1838 1130 1878 ob
1147 1838 1280 1878 oculos
1292 1849 1436 1889 :neque
1451 1839 1550 1878 enim
1563 1838 1736 1879 homines
1746 1839 1849 1880 Prin-

9 1903 12 1957 3
68 1896 215 1948 cipem,
243 1899 362 1950 qualis
386 1896 526 1948 fuerit,
553 1897 618 1938 sed
645 1899 764 1951 qualis
779 1897 898 1939 modo
918 1898 989 1948 sit,
1018 1896 1267 1939 considerant.
1327 1897 1418 1938 Nec
1441 1897 1571 1938 sufficit
1597 1897 1679 1939 aliis
1701 1909 1846 1940 metum

10 1958 11 1963 ’
67 1955 269 2008 aliquando
285 1956 482 2008 incufliffe,
512 1957 578 1998 nisi
595 1958 670 2010 jam
695 1969 851 2010 quoque
867 1959 989 1999 timeri
1005 1958 1045 1998 se
1072 1959 1154 2011 quis
1176 1956 1312 2005 faciat3
1341 1959 1397 1997 uti
1424 1969 1497 1997 nec
1535 1958 1634 1998 bene
1661 1960 1751 1999 olim
1781 1971 1847 2012 gu·

10 2019 11 2058 ζ
65 2015 260 2066 bernass'e‚
290 2017 317 2057 fi
331 2029 434 2058 nunc
449 2017 519 2057 rite
543 2015 698 2069 praeeffe
712 2028 840 2069 neque
863 2018 994 2070 possit,
1022 2029 1148 2070 neque
1165 2015 1288 2059 norit:
1317 2014 1518 2070 Imperium
1538 2019 1638 2058 enim
1660 2019 1770 2058 maris
1781 2021 1844 2061 :in-

47 2072 137 2116 >star
154 2074 228 2125 est,
258 2077 363 2128 quod
383 2076 568 2118 cadavera
583 2078 726 2117 inutilia
739 2088 833 2118 mox
860 2079 898 2119 in
914 2079 1019 2119 littus
1034 2077 1148 2129 ejicit.
1206 2076 1385 2129 Princeps
1406 2079 1451 2116 ab
1470 2078 1601 2117 animae
1623 2077 1747 2118 forma
1756 2077 1847 2118 aesti-

10 2148 13 2199 f
66 2145 218 2185 matur,
248 2133 322 2187 qua
345 2137 481 2187 jubet,
509 2137 670 2189 imperat
691 2164 703 2186 ,
732 2137 867 2189 punit,
896 2136 935 2177 δι
950 2138 1186 2189 praemiatur3
1215 2135 1364 2187 quodsi
1392 2139 1453 2176 illa
1463 2149 1536 2175 una
1553 2148 1640 2176 cum
1658 2146 1768 2176 aetate
1781 2136 1847 2177 de÷

64 2187 194 2243 ficiat,
223 2197 320 2246 perit
337 2194 584 2244 existimatio,
613 2206 727 2248 atque
752 2196 849 2236 adeo
880 2196 1076 2248 prudentis
1106 2198 1175 2235 erit
1210 2196 1411 2249 agnoscere
1440 2197 1604 2247 tempori
1630 2196 1787 2246 injurias?
1806 2197 1844 2238 &

12 2288 13 2295 ,
69 2263 336 2306 contemptum
359 2256 501 2305 aetatis,
529 2255 567 2296 &
595 2256 804 2295 subducere
827 2256 864 2294 se
886 2257 956 2295 illis
965 2286 976 2305 ‚
1005 2264 1206 2307 antequam
1222 2257 1413 2295 eveniant.
1476 2255 1513 2294 Si
1540 2257 1692 2306 negotia
1708 2255 1846 2296 Princi-

12 2323 13 2368 ᾗ
63 2314 102 2366 pi
112 2313 327 2355 valedicere
337 2314 513 2365 debeant,
523 2315 632 2355 satius
645 2314 712 2358 est.
725 2315 938 2366 Principem
958 2317 1026 2355 illis
1038 2315 1263 2355 valedicere.
1292 2313 1493 2368 Egregium
1503 2312 1646 2354 facinus
1657 2314 1721 2362 est,
1730 2316 1847 2356 suam‘

11 2392 14 2430 3
64 2382 145 2412 met
157 2375 360 2424 agnoscere
366 2374 617 2428 fragilitatem,
627 2375 665 2415 &
674 2374 773 2414 ultro
781 2376 892 2414 etiam
902 2373 1140 2426 MaJestatem
1151 2374 1347 2427 deponere
1355 2373 1456 2423 ante,
1465 2386 1576 2425 quam
1585 2387 1685 2413 mors
1696 2377 1842 2415 violen-

12 2436 13 2464 3
65 2441 123 2471 ter
133 2442 218 2471 eam
226 2435 358 2484 eripiat
371 2452 382 2482 ‚>
393 2446 445 2474 ne
454 2434 599 2473 dicatur
607 2434 676 2474 sibi
686 2436 836 2486 ignotus
845 2433 975 2474 obiiss'e
984 2463 997 2485 ‚
1010 2436 1077 2487 qui
1084 2436 1179 2474 vixit
1188 2443 1302 2474 notus
1316 2435 1504 2474 omnihus.
1532 2433 1687 2487 Cogitet
1702 2434 1845 2487 Regale

12 2502 14 2529 ε
67 2491 170 2532 suum
180 2491 366 2542 sceptrum
381 2491 440 2547 (ι)
450 2493 577 2533 herbae
589 2494 640 2533 illi
649 2493 731 2542 ,cui
741 2492 842 2533 idem
865 2493 998 2546 sceptri
1008 2505 1150 2534 nomen
1159 2493 1229 2542 est,
1240 2493 1314 2534 effe
1325 2493 1443 2534 slmile
1452 2521 1464 2539 ‚
1483 2505 1567 2545 quae
1578 2493 1687 2534 brevi
1696 2503 1847 2545 tempo-

10 2580 14 2616 ζ
63 2563 102 2590 re
114 2552 388 2592 invermiculos
400 2554 657 2600 convertitur3
679 2551 754 2593 &fi
763 2553 956 2593 universus
969 2561 1077 2593 terrae
1084 2553 1220 2606 globus
1232 2554 1300 2594 vix
1306 2551 1438 2605 puncti
1454 2551 1563 2592 instar
1583 2550 1639 2592 est
1645 2551 1693 2591 ad
1703 2551 1845 2594 coelum

66 2621 305 2662 comparatus
318 2641 332 2661 ,
346 2611 438 2664 quid
448 2614 521 2655 erit
534 2614 644 2653 unica
653 2612 900 2661 Monarchia,
921 2612 1011 2665 quid
1026 2614 1180 2654 unicum
1195 2611 1400 2666 Regnum?
1415 2610 1563 2651 Etlicet
1589 2612 1846 2663 amplissimum

14 2712 15 2715 ,
65 2672 179 2712 etiam
199 2668 337 2722 fuerit,
363 2673 457 2714 nihil
488 2672 598 2729 inde,
624 2673 692 2713 nifi
715 2672 835 2713 solum
861 2671 934 2727 (k)
963 2672 1200 2725 sepulchrum
1235 2671 1391 2719 efferet;
1422 2681 1486 2710 aut
1525 2670 1621 2710 ficut
1648 2669 1843 2712 Saladinus

841 2732 1105 2785 Pppppz
1789 2730 1845 2771 di-

159 2879 219 2925 (ει)
245 2882 327 2914 Cam
342 2874 437 2928 apud
448 2873 640 2925 infirmam,
665 2873 711 2917 ἀ·
725 2873 898 2912 credulum
907 2875 1037 2911 minore
1051 2883 1161 2914 metu,
1187 2871 1231 2916 &-
1244 2873 1521 2932 mty‘orepraemio
1528 2880 1742 2923 peccaretur.
1758 2875 1846 2912 Tac.

14 2903 15 2908 Ἰ
67 2926 126 2967 lib.
146 2940 176 2967 ι.
192 2928 283 2967 Hist.
337 2930 398 2976 (b)
420 2927 504 2965 Tae.
521 2927 583 2965 lib.
609 2940 638 2965 1.
656 2924 785 2964 Annal-
837 2928 894 2972 (ε)
921 2925 1214 2979 Nuffa'inpraesbns
1229 2923 1425 2976 fbrmtdme
1437 2949 1447 2964 ,
1467 2923 1552 2960 dum
1571 2923 1745 2976 Aqustus
1758 2935 1845 2965 ante

65 2979 210 3018 validas
226 3007 236 3022 ‚
250 2979 354 3034 Je'que
370 2978 415 3023 ἀ
436 2979 588 3025 domum,
614 2979 660 3022 ὠ
666 2977 1024 3032 pacemsicstentavit.
1074 2976 1431 3030 Pestquamproverfta
1441 2978 1526 3024 jam
1533 2975 1690 3021 se'necflus
1704 2975 1749 3019 ςέ-
1759 2990 1846 3031 agro

64 3040 194 3082 corpore
197 3030 455 3086 fatigabatur,
480 3031 670 3093 aderatque
679 3031 767 3081 finis
782 3030 826 3074 ό-
838 3029 914 3083 spes
928 3044 1041 3068 novae:
1057 3033 1165 3083 pauci
1179 3028 1267 3066 bona
1291 3028 1468 3065 libertatis
1488 3027 1650 3076 incaffimt
1676 3028 1842 3075 disserere.

67 3084 154 3121 Ibid.
182 3087 251 3134 (d)
277 3085 351 3139 IPffi
364 3094 447 3122 atas
462 3082 572 3121 Galba
591 3096 636 3126 (y-
649 3082 768 3130 irrist'ct‘
792 3082 837 3126 ό·
849 3081 1000 3134 fastidio
1020 3092 1111 3120 erat.
1142 3083 1226 3120 Tac.
1255 3081 1316 3118 lib.
1347 3094 1378 3118 1.
1410 3081 1498 3117 Hist.
1550 3085 1608 3126 (e)
1631 3082 1845 3120 senectutem

73 3134 213 3177 Tiberii,
237 3146 278 3174 ut
294 3139 461 3176 inermem
473 3134 661 3190 despiciens.
684 3136 770 3173 Tac.
797 3135 857 3172 lib.
882 3138 918 3173 6.
934 3136 1062 3172 Annal.
1113 3136 1129 3181 s
1138 3134 1158 3171 f
1161 3138 1179 3181 )
1203 3133 1318 3180 Faffizs
1343 3133 1483 3174 literas,
1507 3131 1552 3175 dv·
1569 3134 1724 3185 Princtpe
1746 3136 1846 3172 invi.

67 3197 103 3224 to
119 3189 272 3225 exitium
284 3189 399 3227 domui
410 3190 481 3237 ejus
500 3187 638 3225 intendi
649 3187 825 3225 clamitat⁴
837 3189 922 3224 Tac.
941 3187 1002 3224 lib.
1023 3198 1058 3236 5.
1073 3188 1143 3224 An.
1193 3188 1253 3236 (g)
1278 3187 1378 3223 Idem
1393 3185 1454 3222 lib.
1475 3197 1506 3222 1⁶
1520 3183 1609 3221 Hist.
1660 3186 1727 3234 (h)
1750 3184 1845 3236 Jam

65 3237 264 3288 afferebant
281 3242 430 3278 venalia
447 3243 590 3281 cunc‘laf
614 3250 832 3293 praepotentes
858 3237 987 3277 liberti.
1061 3245 1247 3276 Servorum
1259 3250 1383 3276 manus
1400 3233 1531 3284 ficbitis
1546 3235 1676 3277 avide,
1701 3236 1746 3280 ό-
1762 3246 1844 3275 tan-

65 3288 171 3342 q'itam
189 3291 283 3345 apud
294 3292 411 3339 finem
427 3291 652 3345 festinantes.
681 3294 766 3329 Tac.
787 3292 847 3330 lib.
877 3304 907 3329 1.
929 3292 1016 3342 Hist.
1069 3291 1119 3339 (i)
1146 3293 1309 3341 Theoph.
1337 3291 1359 3328 l.
1384 3291 1427 3326 de
1449 3289 1558 3339 plant.
1608 3291 1669 3337 (k)
1694 3292 1845 3344 Spiritus

66 3354 159 3379 meus
192 3344 438 3382 attenuabitur
456 3372 464 3386 .
489 3345 563 3385 dies
591 3347 658 3383 mei
690 3342 965 3385 breviabuntur.
995 3342 1040 3387 <22²-
1060 3343 1171 3390 filum
1208 3341 1297 3380 mihi
1312 3341 1461 3395 ficperest
1480 3338 1711 3394 fipulcbrum,
1760 3344 1843 3393 Job.

74 3407 129 3441 17·
165 3407 198 3437 ι.
1227 3425 1231 3429 ,
