2132 3730
444 198 1428 249 SYMBOLAPOLITICA.
1787 222 1843 264 27

41 287 262 337 sincereque
278 284 425 335 judicet
447 298 605 338 oportet
613 297 628 339 3
654 297 696 327 ut
712 287 773 326 sua
796 299 915 339 regno
941 288 1088 328 constet
1118 291 1287 339 aequitas,
1318 290 1424 338 cujus
1453 290 1620 330 bilances
1648 303 1844 342 nunquam

42 349 80 386 in
106 345 312 397 aequilibrio
339 344 565 395 consistent,
588 347 615 386 fi
638 346 793 387 affeftui
810 358 873 387 aut
906 349 1133 400 pastionibus
1159 350 1267 387 loeus
1286 349 1351 398 fit,
1381 360 1445 389 aut
1468 349 1517 389 ad
1548 349 1662 390 redtae
1687 352 1843 391 rationis

42 408 219 445 trutinam
246 415 327 443 non
352 407 481 445 omnia
505 407 779 459 ponderentur.
841 407 935 447 Eam
963 409 1014 448 ob
1040 420 1120 447 rem
1153 407 1344 459 singularis
1367 408 1638 461 Magistrorum
1670 423 1760 451 cura
1787 422 1844 451 re-

44 466 200 517 quiritur
227 474 342 515 atque
357 465 556 514 industria,
574 468 637 518 qui
654 467 836 519 Principis
859 478 1028 507 mentem
1043 465 1168 520 probe
1192 466 1392 515 instruant,
1420 466 1509 508 istos
1532 472 1774 510 voluntatum
1787 482 1842 510 er-

42 537 170 572 rores,
197 523 234 562 &
254 524 536 575 persuasionum
566 528 776 566 vanitatem
802 527 1046 580 detegendo,
1071 536 1114 565 ut
1155 525 1176 564 a
1206 527 1434 578 passionibus
1465 527 1560 568 liber
1582 531 1619 570 &
1641 530 1844 583 expeditus

42 585 227 625 smeerum
245 583 294 622 de
312 582 465 636 quaque
478 596 518 625 re
530 586 714 637 judicium
731 586 832 627 ferre
859 589 996 626 valeat.
1059 585 1212 625 Etenim
1237 586 1264 625 s1
1294 599 1381 626 cum
1407 589 1538 627 animis
1566 585 1700 629 nostris
1724 591 1845 630 confi-

44 644 304 683 deraverimus
332 651 393 683 tot
422 646 580 697 imperia
604 647 785 698 collapsa,
812 656 871 686 tot
896 646 1011 686 status
1030 646 1276 693 immutatos,
1301 655 1361 685 tot
1386 645 1514 700 Reges
1529 660 1572 686 ac
1587 648 1778 701 Principes
1797 650 1846 690 de

42 705 120 743 vita
155 703 294 754 pariter
326 715 370 742 ac
403 716 522 757 regno
550 707 797 756 exturbatos,
825 708 984 759 primam
1017 704 1100 744 fere
1129 707 1313 755 originem
1347 705 1456 745 fuiffe
1488 706 1842 758 deprehendemus,
1889 736 1892 739 «

41 762 147 814 quod
165 762 324 802 affectus
340 763 601 805 obedientiam
626 766 855 817 abjecerint,
881 766 918 805 δε
934 767 1091 812 rationi,
1119 767 1178 804 cui
1197 764 1283 818 lege
1302 775 1446 805 naturae
1466 766 1620 817 subjecti
1646 767 1752 816 sunt,
1779 783 1843 820 pa-

40 835 124 862 rere
140 824 345 862 noluerint.
407 823 500 864 Nec
529 827 603 865 ulla
630 827 867 878 Reipublicae
885 826 1081 877 capitalior
1100 824 1214 877 pestis
1233 824 1307 875 est,
1326 824 1448 876 quam
1475 829 1667 878 appetitus
1685 828 1846 867 indomia

45 884 98 932 ti,
120 892 185 922 aut
204 881 300 922 fines
325 881 380 922 isti
401 885 668 935 particulares,
693 894 791 938 quos
813 885 881 925 fibi
907 882 1063 937 quisque
1090 897 1162 936 pro
1184 886 1294 925 libitu
1320 881 1459 924 statuit.

194 940 229 993 §.
261 941 361 982 Non
378 942 471 983 illud
500 956 574 998 ego
592 957 695 986 nunc
712 945 930 994 contendo,
961 956 1003 984 ut
1033 944 1192 986 affeerus
1218 945 1268 984 illi
1305 947 1484 985 tollantur
1507 941 1663 997 penitus
1697 954 1761 985 aut
1784 957 1850 985 ex-

41 1001 256 1041 scindantur
282 1004 320 1042 in
341 1003 536 1056 Principe:
567 1005 708 1057 absque
732 1005 801 1044 illis
827 1007 928 1044 enim
955 1004 1002 1044 ad
1030 1016 1165 1044 omnes
1201 1004 1370 1045 ac'tiones
1400 1005 1662 1058 generosiores
1698 1006 1849 1058 prorsus

41 1061 133 1101 esset
159 1060 362 1102 inidoneus
375 1094 385 1110 ‚
403 1064 490 1103 curn
508 1076 640 1104 natura
659 1075 738 1104 non
759 1063 893 1104 frustra
913 1074 1102 1113 amorem,
1125 1066 1235 1113 iram,
1253 1066 1378 1117 spem,
1404 1075 1570 1114 metum,
1586 1066 1746 1117 aliasque.
1767 1064 1847 1112 pas-

42 1123 166 1161 siones
188 1120 324 1162 ssmiles
354 1123 466 1163 nobis
488 1124 687 1172 indiderit,
706 1134 790 1175 quae
812 1125 879 1165 etsi
900 1126 1062 1164 virtutes
1081 1137 1161 1164 non
1179 1125 1270 1174 sint,
1302 1125 1384 1164 sunt
1408 1133 1534 1164 tamen
1557 1123 1701 1164 illarum
1728 1126 1844 1164 comi-

43 1193 98 1220 tes
117 1182 154 1221 δε
171 1182 316 1230 media,
342 1181 419 1221 fine
446 1184 583 1234 quibus
611 1186 680 1223 illae
712 1196 785 1223 nee
811 1186 953 1236 acquiri
982 1183 1087 1224 redte
1113 1216 1124 1233 ,
1153 1194 1226 1224 nec
1258 1185 1426 1224 exerceri
1453 1184 1618 1236 poil'unt.
1679 1185 1850 1225 Abusum

42 1241 162 1280 solnm
196 1241 403 1280 earundem
421 1242 795 1283 &inordinationem
814 1246 1020 1296 improbot
1048 1244 1174 1284 isthaec
1205 1244 1428 1296 corrigenda
1462 1244 1568 1292 sunt,
1597 1252 1641 1283 ut
1669 1240 1850 1295 Princeps

39 1304 77 1340 in
97 1300 310 1340 actionibus
328 1300 399 1340 suis
427 1313 507 1341 non
528 1302 729 1342 affectibus
749 1303 934 1353 ducatur,
954 1304 1019 1344 sed
1040 1302 1061 1342 e
1080 1304 1260 1356 prudenti
1287 1305 1444 1356 politica
1460 1308 1587 1343 omnia
1611 1304 1846 1343 moderetur.

40 1360 115 1415 (a)
148 1361 281 1413 Regum
296 1358 343 1413 est
360 1362 413 1400 ita
427 1363 571 1411 vivere,
588 1364 627 1401 at
645 1376 709 1402 non
726 1362 816 1403 mods>
835 1364 957 1403 homini
970 1396 981 1413 ,
989 1360 1055 1414 fied
1075 1377 1116 1403 ne
1135 1364 1316 1416 cupiditati
1335 1363 1465 1416 quidem
1473 1361 1627 1414 stzrvias.
1689 1363 1850 1403 Carolus

40 1420 93 1459 V.
113 1420 139 1460 fi
162 1420 316 1472 quando
334 1421 396 1459 irae
423 1421 460 1460 &
485 1422 734 1474 indignationi
750 1423 946 1476 indulgere
967 1423 1107 1475 aliquid
1132 1426 1270 1472 vellet,
1293 1425 1492 1475 privatim,
1517 1424 1553 1462 &
1573 1424 1619 1462 ab
1648 1423 1850 1463 hominum

41 1490 213 1522 remotus
236 1479 391 1519 arbitrio
412 1481 451 1520 id
470 1480 656 1531 faciebat,
674 1492 754 1523 non
779 1484 818 1524 in
837 1483 1023 1536 publico,
1042 1484 1198 1535 quando
1220 1483 1419 1535 personam
1447 1483 1483 1522 &
1517 1480 1759 1534 Majestatem
1779 1483 1852 1523 Im-

39 1549 227 1595 peratoris
258 1539 472 1581 sustinebat.
589 1539 751 1595 Nempe
781 1553 874 1584 tune
903 1543 1085 1596 Princeps
1115 1540 1241 1583 ideam
1272 1543 1549 1583 Gubernatoris
1581 1542 1656 1596 agit
1685 1542 1816 1595 potius
1838 1570 1851 1592 ,

41 1601 156 1654 quarn
200 1601 399 1641 hominem
423 1611 431 1640 ὲ
478 1598 759 1643 Gubernatoris
780 1633 794 1652 ,
842 1605 998 1654 inquam
1015 1634 1027 1652 ,
1076 1600 1237 1644 aliorum
1287 1605 1404 1655 magis
1447 1614 1559 1653 quam
1619 1603 1672 1642 sui
1722 1601 1851 1654 ipfius.

41 1660 153 1700 Nihil
189 1669 282 1699 tunc
312 1670 361 1700 ex
400 1661 542 1702 affectu
582 1662 863 1711 statuendum3
897 1663 961 1703 sed
997 1662 1045 1702 ad
1093 1666 1249 1703 rationis
1297 1665 1462 1713 regulam
1495 1663 1533 1701 &
1574 1672 1749 1702 normam
1787 1669 1854 1702 ex-

42 1719 247 1773 pendenda
277 1721 418 1761 omnia.
537 1720 637 1760 Non
675 1734 725 1760 ex
753 1720 908 1772 ingenio
940 1723 1101 1772 proprio
1124 1750 1136 1768 ,
1180 1721 1243 1759 sed
1275 1729 1366 1759 arte.
1482 1719 1622 1759 Mores
1668 1721 1854 1773 Principis

43 1780 191 1832 politici
221 1781 339 1831 magis
369 1779 442 1818 sint
473 1787 632 1831 oportet
654 1809 667 1827 ,
698 1779 812 1830 quam
843 1781 1042 1819 naturales.
1160 1779 1253 1830 Ejus
1299 1779 1457 1819 consilio
1490 1776 1512 1818 e
1550 1777 1670 1819 corde
1706 1781 1854 1832 Reipu-

43 1841 153 1880 blicae
197 1839 329 1891 potius
367 1836 558 1890 proficisci
595 1839 740 1876 debent
767 1867 779 1885 ,
815 1846 931 1888 quarn
972 1839 1040 1876 suo
1082 1838 1197 1888 ipsius
1235 1839 1408 1888 proprio.
1491 1836 1684 1877 Homines
1712 1841 1853 1891 privati

47 1898 264 1939 commodis
284 1897 322 1938 δι
347 1898 572 1935 utilitatibus
593 1894 664 1935 suis
682 1896 810 1936 omnia
829 1896 954 1935 metiri
978 1896 1120 1943 solent;
1147 1895 1340 1947 Principes
1369 1893 1514 1935 bonum
1539 1895 1738 1948 publicum
1773 1911 1854 1951 prae

46 1960 166 2000 oculis
184 1958 327 1997 habere
342 1952 492 1996 neceffe
510 1951 572 1995 est.
633 1954 675 1995 In
691 1957 846 2007 privato
871 1952 899 1995 fi
917 1956 1102 2007 paffiones·
1125 1955 1341 2005 distimulet,
1363 1955 1487 1995 minus
1514 1956 1664 1997 candidi
1690 1957 1728 1998 ἀ
1746 1970 1850 2010 aper⁴⁷

45 2021 73 2058 ti
89 2016 257 2070 pectoris
283 2026 438 2068 putatur
462 2015 644 2056 indicium
658 2028 670 2062 ς
686 2017 724 2055 in
746 2015 985 2067 Principibus
1004 2017 1117 2055 etiam
1143 2017 1239 2055 ratio
1258 2011 1374 2055 status
1407 2015 1446 2055 id
1468 2015 1702 2069 quandoque
1722 2020 1851 2071 exigit.

45 2075 201 2119 Nullius
219 2073 380 2117 affectus
403 2074 504 2127 signa
521 2085 602 2115 tum
625 2074 731 2115 dedit
748 2076 946 2122 Tiberim,
969 2083 1057 2116 cum
1079 2075 1162 2115 Piso
1178 2075 1264 2128 post
1278 2076 1464 2116 sublatum
1488 2075 1509 2115 e
1535 2077 1637 2116 vivis
1659 2077 1739 2129 ejus
1754 2077 1852 2130 jussu

47 2138 342 2185 Germanicum,
367 2135 442 2175 sese
472 2137 522 2177 illi
550 2137 728 2187 praetulit.
758 2142 760 2144 ’
788 2132 831 2175 Id
864 2135 970 2187 quod
1000 2135 1139 2176 deinde
1170 2136 1343 2176 Pisonem
1372 2132 1559 2175 solicitum
1587 2137 1736 2177 habuit:
1779 2137 1852 2193 (b)

49 2199 151 2239 Nullo
174 2200 275 2238 enim
293 2197 400 2249 magis
414 2199 581 2237 exter-itus
608 2194 676 2251 est,
703 2208 806 2249 quam
824 2195 917 2250 quid
942 2196 1109 2236 Iiberium
1127 2194 1201 2247 fine
1219 2193 1444 2247 miſsa-atione,
1478 2209 1528 2235 me
1547 2194 1603 2236 imi
1624 2195 1851 2251 obstinatum,

47 2255 252 2311 clazifimzque
274 2256 388 2307 vidit,
408 2270 449 2296 ne
471 2270 536 2312 quo
555 2252 682 2308 affec7u
698 2262 994 2307 perrunqoeretur.
1056 2256 1135 2309 Qui
1158 2258 1329 2309 pluribus
1355 2257 1537 2307 imperat,
1564 2265 1652 2296 cum
1680 2258 1853 2309 pluribus

49 2320 193 2358 variare
213 2316 373 2358 affetffms
396 2316 535 2365 debet,
565 2326 629 2355 aut
651 2326 834 2367 quantum
863 2315 943 2355 fieri
968 2315 1114 2367 potest,
1143 2318 1352 2356 immunem
1386 2315 1461 2355 sese
1486 2317 1533 2355 ab
1561 2316 1605 2355 iis
1636 2315 1852 2363 ostendere,

49 2376 115 2430 (ε)
145 2378 241 2418 lllud
257 2376 423 2429 denique
445 2384 607 2416 conetur
630 2377 830 2428 Princeps,
858 2385 901 2416 ut
923 2384 998 2415 una
1026 2376 1240 2428 eademque
1271 2377 1385 2424 hora,
1412 2386 1483 2429 pro
1515 2375 1759 2417 occasionum
1787 2390 1853 2417 va·

50 2440 211 2486 rietate,
235 2438 409 2478 severum
427 2437 464 2476 &
480 2438 708 2488 benignum3
720 2435 859 2486 justum
878 2436 915 2475 &
939 2437 1191 2485 clementen13
1215 2437 1410 2476 liberalem
1440 2436 1477 2475 &
1501 2448 1658 2492 parcum
1682 2438 1719 2477 se
1747 2438 1855 2478 exhi-

50 2498 157 2536 beat:
188 2494 260 2551 (d)
292 2497 391 2538 Nam
411 2498 550 2549 tempori
562 2497 681 2548 aptari
699 2495 800 2536 decet.
862 2493 950 2548 Qua
969 2497 1006 2536 in
1027 2507 1068 2536 re
1089 2496 1266 2537 Tiberius
1293 2498 1485 2536 excellens
1504 2495 1595 2545 fuit,
1622 2498 1727 2549 cujus
1746 2509 1853 2538 men-

53 2566 131 2597 tem
152 2557 253 2597 haud
266 2555 379 2596 facile
401 2554 596 2608 quisquam
615 2555 796 2608 dispicere
829 2557 981 2608 potuit,
1012 2555 1082 2610 (e)
1111 2556 1192 2597 adet)
1210 2560 1323 2597 vertit
1338 2555 1389 2601 &⁰³
1412 2552 1537 2607 miscuit
1563 2559 1628 2597 irae
1647 2556 1698 2601 &⁹
1719 2557 1853 2599 clemen-

50 2618 110 2657 tiae
145 2628 236 2668 tgna.
293 2616 424 2656 Bonus
454 2617 633 2667 Princeps
656 2616 723 2656 fibi
758 2613 999 2666 dominatur,
1035 2617 1072 2656 δε·
1100 2618 1214 2657 servit
1241 2616 1404 2669 populo.
1468 2614 1589 2668 Quod
1612 2616 1639 2656 fi
1665 2619 1852 2658 naturales

53 2678 165 2716 animi
186 2680 351 2727 impetus
373 2686 436 2716 aut
449 2676 646 2728 frangere,
670 2677 973 2717 aut-diffimulare
996 2679 1228 2729 neglexerit,
1255 2675 1421 2716 eundem
1451 2674 1598 2728 semper
1638 2678 1786 2717 tenebit
1814 2680 1853 2718 in

53 2734 202 2789 agendo
221 2735 402 2784 modum3
428 2749 507 2789 quo
534 2736 622 2785 fiet,
646 2746 688 2775 ut
715 2736 827 2776 facile
851 2738 976 2788 quivis
1009 2737 1155 2777 visurus
1177 2736 1242 2785 sit,
1268 2735 1347 2787 quo
1383 2735 1545 2776 consiliis
1567 2737 1637 2776 suis
1665 2738 1853 2786 collimet,

55 2807 188 2836 contra
206 2798 437 2848 praecipuam
458 2797 626 2836 Politicae
645 2799 831 2849 regulam,
851 2809 935 2848 quae
954 2795 1017 2836 vel
1040 2798 1129 2837 ideo
1153 2797 1283 2836 suadet
1309 2797 1455 2835 variare
1477 2795 1613 2849 agendi
1636 2799 1823 2838 rationem
1841 2827 1852 2845 ‚

56 2866 97 2895 ut
117 2869 167 2895 ne
185 2868 291 2896 mens
315 2854 499 2908 Principis
517 2856 693 2896 omnibus
714 2859 937 2897 innotescat.
999 2855 1091 2897 Nec
1116 2856 1200 2897 sane
1216 2857 1388 2909 periculo
1408 2867 1540 2906 vacat,
1568 2856 1596 2896 fi
1619 2867 1790 2898 naturam
1816 2858 1853 2898 δε

56 2914 214 2956 affe6ms
234 2916 418 2969 Principis
446 2917 504 2955 alii
524 2925 745 2968 penetrent:
761 2919 862 2958 nulla
885 2918 986 2957 enim
1001 2919 1065 2957 via
1094 2916 1241 2957 facilior
1269 2917 1316 2956 ad
1336 2917 1605 2969 occupandum
1631 2917 1746 2969 ipfius
1776 2922 1853 2957 ani-

56 2988 160 3015 mum
176 3007 189 3025 ,
213 2989 328 3028 quem
353 2975 510 3028 expedit
537 2976 696 3016 liberum
714 2976 862 3017 servare
879 2978 1026 3029 semper
1051 2978 1089 3017 ἃ.
1109 2977 1274 3017 clausum
1302 2977 1402 3026 aliis,
1421 2978 1447 3016 si
1479 2977 1634 3029 quidem
1652 2977 1758 3017 τεὲὶὲ
1781 2977 1854 3016 Im-

57 3037 164 3086 perio
181 3035 334 3088 praeess'e
365 3036 563 3076 desideret.
626 3035 706 3076 Ubi
728 3036 892 3077 Ministri
911 3037 1095 3090 Principis
1119 3039 1402 3077 inclinationem
1436 3038 1548 3077 semel
1569 3038 1850 3090 perspexerint,

58 3106 151 3135 mox
165 3096 290 3138 eidem
310 3096 473 3146 adulari,
497 3096 534 3136 &
551 3095 704 3136 eosdem
728 3109 805 3149 prae
828 3097 866 3138 se
887 3097 987 3137 ferre
1003 3097 1162 3139 affe6tus
1186 3099 1383 3150 incipiunt⁶
1443 3097 1482 3138 Si
1512 3108 1584 3150 qua
1613 3099 1651 3137 in
1675 3108 1716 3136 re
1749 3095 1851 3136 Prin-

907 3158 946 3197 G
977 3167 1002 3199 2
1759 3168 1852 3207 ceps

163 3237 219 3281 (a)
246 3238 298 3273 M.
322 3238 416 3274 Tull.
443 3237 480 3273 in
505 3239 607 3274 Orat.
640 3249 704 3286 pro
737 3238 806 3286 Syl.
859 3240 919 3285 (b)
945 3237 1058 3280 Tacit⁴
1083 3238 1105 3275 l.
1137 3251 1167 3285 3.
1196 3240 1325 3274 Annal.
1380 3241 1436 3286 (c)
1464 3236 1548 3289 Istuc
1563 3234 1752 3288 cstsf'ipere,
1769 3237 1846 3288 qui»

60 3283 245 3339 ubicunque
259 3298 335 3341 opus
340 3288 414 3339 stt,
427 3291 586 3327 animum
598 3287 697 3342 possit
701 3285 856 3341 flec‘t'ere.
875 3292 1022 3327 Terent.
1075 3292 1135 3336 (d)
1163 3292 1243 3327 Sen-
1266 3290 1304 3327 in
1325 3292 1421 3328 Med.
1474 3292 1531 3336 (c)
1558 3288 1674 3326 Tacit.
1687 3288 1711 3325 l.
1734 3302 1765 3335 3.
1779 3291 1849 3324 An-
