2132 3730
476 230 1447 280 SYMB'OLAPOLITJCA.
1793 248 1870 291 345

0 309 7 337 T
73 317 134 360 tiis
152 316 283 368 favet,
312 317 489 358 tarditate
517 317 741 369 adjuvatur3
771 330 809 359 at
829 319 859 360 fi
892 321 935 359 iis
964 324 1193 360 contrarium
1227 320 1368 371 fuerit,
1398 316 1593 361 celeritate
1620 320 1805 368 vincitur,
1835 321 1873 360 δε

0 430 10 479 ἰ,

72 390 154 420 tum
174 379 332 432 prosunt
359 375 526 433 maxime
544 377 753 418 Consiliarii
774 380 930 418 vivaces
949 378 987 420 δι
1001 381 1110 432 ignei.
1172 378 1346 433 Negotia
1368 383 1457 430 alia,
1487 382 1526 420 in
1547 380 1684 433 quibus
1706 381 1872 431 tempori

67 437 178 478 locus
201 435 276 486 est,
307 449 396 478 cum
416 437 632 477 maturitate
657 436 821 489 quadam
839 439 982 479 debent
1000 441 1154 492 peragi:
1180 441 1272 480 nihil
1298 442 1399 480 enim
1420 441 1536 492 magis
1567 439 1778 491 prudentiae
1809 438 1858 478 ad

69 497 262 545 versatur,
291 506 408 548 atque
425 497 597 536 celeritas
619 496 658 537 δι
678 499 743 537 ira.
805 497 914 539 Male
935 499 1072 538 cundi&
1097 498 1278 539 ministrat
1302 501 1468 553 impetus
1483 526 1493 546 ,
1524 499 1561 538 δε
1591 511 1714 538 rerum
1740 510 1874 552 geren·

6 566 11 592 ε
68 558 200 597 darum
220 568 380 597 examen
406 567 451 594 ac
478 555 821 598 considerationem
856 557 1072 603 confundit.
1133 558 1227 599 Earn
1254 560 1307 599 ob
1335 572 1417 599 rem
1442 561 1589 610 semper
1613 558 1695 598 fere
1719 558 1874 598 consilia

66 614 217 655 fervida
249 616 287 656 &
303 617 500 656 temeraria
517 617 638 667 prima
654 615 784 657 fronte
810 628 914 670 grata
939 619 1044 667 sunt,·
1072 620 1110 657 in
1131 620 1363 659 executione
1378 619 1496 667 dura,
1527 618 1566 658 in
1588 619 1791 658 eventibus
1810 619 1872 657 tri-

65 674 156 724 stia,
188 675 226 715 δι
253 676 318 727 qui
351 687 396 714 ea
421 675 649 727 suggerunt,
688 677 837 717 tametsi
878 678 1042 730 primiim
1069 677 1311 718 audentiores
1341 679 1379 718 se
1407 678 1622 730 praebeant,
1653 676 1785 729 postea
1817 687 1869 716 tau

65 746 180 782 men,
211 734 277 774 ubi
290 736 430 776 volunt
454 737 612 787 exequi,
644 731 715 775 suis
746 737 783 777 se
813 737 976 777 consiliis
999 738 1216 788 implicant:
1248 739 1325 791 (a)
1345 735 1526 793 festinatio
1553 739 1653 777 enim
1679 735 1870 787 improvida

64 792 112 848 est
130 793 181 838 ὃ)
197 807 296 834 coeca.
355 793 430 849 (h)
456 792 591 834 scelera
616 797 741 847 impetu
761 826 774 847 ,
802 798 930 836 conzia
957 809 1053 836 mora
1067 793 1229 847 valescere
1243 794 1361 848 solent.
1423 795 1474 836 Et
1496 795 1586 837 licet
1615 796 1750 848 vulgus
1779 796 1873 835 effc-

65 852 149 892 c'tus
171 864 258 893 ante
285 853 418 895 videre
435 855 586 906 cupiat,
619 855 731 906 quam
757 856 882 895 causas
897 855 1075 907 adeoque
1101 857 1254 896 consilia
1283 856 1389 895 tarda
1404 855 1552 907 semper
1571 856 1737 904 incuset,
1768 855 1870 894 Prin-

64 914 191 964 cipem
218 923 346 954 tamen
374 913 556 953 adversus
575 914 761 965 ejusmodi
787 914 1088 955 obtrectationes
1107 919 1289 956 armatum
1315 915 1390 957 esse
1408 925 1593 968 oportet,
1622 927 1710 956 narn
1737 912 1872 967 postca

63 971 248 1013 successus
264 973 416 1014 felicior
433 986 508 1024 eas,
519 976 557 1014 in
579 972 643 1029 (c)
671 974 802 1015 laudes
829 976 944 1014 etiam
968 985 1183 1015 convertet.

215 1032 480 1074 Veruntamen
499 1033 691 1074 cunctatio
712 1044 815 1073 tanta
837 1033 910 1074 effe
935 1047 1015 1075 non
1030 1034 1166 1081 debet,
1195 1044 1238 1074 ut
1255 1035 1495 1081 executionis
1512 1033 1683 1074 elebatur
1700 1032 1869 1082 occasio,

62 1092 264 1142 quomodo
282 1092 439 1134 Valenti
459 1093 682 1149 Imperatori
702 1093 861 1142 accidit,
895 1095 959 1145 qui
975 1094 1087 1134 inutili
1116 1095 1326 1134 cunstatione
1342 1093 1463 1147 agendi
1483 1102 1634 1145 tempora
1653 1090 1864 1144 coefidtando

56 1149 256 1204 cmglzmissfit.
315 1152 360 1193 In
388 1165 438 1194 eo
465 1163 629 1206 peccant
661 1152 871 1193 Confiliarii
907 1155 1031 1194 minus
1058 1153 1294 1206 prudentes,
1323 1155 1389 1205 qui
1413 1155 1657 1206 negotiorum
1677 1154 1865 1206 gravitate

60 1212 293 1262 perturbati,
324 1224 397 1253 nec
422 1213 592 1266 pericula
615 1212 699 1252 satis
733 1213 962 1266 agnoscunt,
992 1225 1065 1254 nec
1085 1216 1178 1254 certi
1199 1214 1340 1266 aliquid
1364 1213 1519 1266 possunt
1547 1212 1729 1261 statuere,
1761 1212 1867 1254 unde

62 1272 189 1310 omnia
203 1281 400 1321 metuunt,
430 1271 548 1312 immo
565 1269 638 1312 hac
656 1273 736 1325 ipsa
755 1273 818 1313 sua
833 1274 988 1325 ancipiti
1023 1273 1264 1314 dubitatione
1290 1274 1499 1327 prudentes
1528 1272 1651 1311 videri
1688 1274 1862 1324 cupiunt.

63 1329 230 1370 Consilia
257 1330 438 1371 differunt
458 1361 471 1380 ‚
500 1332 628 1371 donec
660 1341 812 1384 ternpus
843 1333 964 1384 ipsum
995 1345 1040 1372 ea
1065 1333 1310 1385 suppeditet,
1343 1333 1380 1372 δε
1402 1334 1468 1372 ubi
1500 1331 1707 1372 decernere
1730 1334 1864 1384 incipi-

59 1399 129 1428 unt
166 1389 241 1440 jam
266 1389 419 1429 occasio
450 1390 556 1429 abiit.
613 1390 744 1441 Atque
769 1389 860 1430 ideo
882 1391 1102 1431 maturanda
1132 1393 1215 1431 sunt
1241 1391 1416 1439 consilia,
1447 1403 1528 1431 non
1553 1391 1862 1443 approperanda.

59 1449 182 1502 Quod
207 1461 396 1489 maturum
424 1447 500 1498 est,
527 1459 600 1488 nec
619 1446 769 1488 animia
795 1451 980 1501 temporis
1003 1461 1137 1500 mora,
1166 1462 1239 1490 nec
1262 1449 1284 1489 a
1313 1452 1505 1490 celeritate
1531 1450 1760 1502 reprehendi
1792 1463 1864 1502 po-

59 1509 144 1554 test,
203 1507 364 1561 Optime
385 1506 478 1548 illud
496 1508 671 1559 expreffit
695 1507 884 1561 Augustus
906 1510 1104 1559 symbolo,
1137 1521 1216 1562 quo
1234 1510 1433 1558 utebatur,
1459 1509 1645 1562 Delphini
1664 1511 1702 1549 in
1721 1510 1865 1549 ancho-

57 1580 97 1607 ra
116 1571 284 1608 contorti
300 1581 389 1609 cum
417 1568 489 1606 hac
512 1568 779 1618 inscriptione,
808 1567 886 1621 (d)
898 1566 1034 1621 festina
1054 1570 1159 1617 lente,
1192 1571 1254 1609 cui
1279 1580 1358 1609 non
1380 1581 1566 1621 repugnat
1583 1568 1675 1609 illud
1693 1571 1861 1610 Alexan-

58 1627 116 1668 dri
147 1627 304 1682 Magni,
335 1627 439 1668 Nihil
451 1625 653 1666 emanando.-
678 1625 771 1666 illud
792 1628 892 1667 enin]
915 1627 964 1667 de
987 1629 1091 1680 pacis
1105 1658 1117 1677 ,
1146 1629 1224 1668 hoc
1245 1628 1294 1668 de
1317 1626 1407 1668 belli
1423 1629 1584 1680 negotiis
1610 1627 1728 1669 debet
1752 1631 1865 1669 intel-

57 1689 143 1740 iigi,
173 1691 211 1728 in
231 1701 310 1741 quo
337 1687 543 1739 plurimum
559 1684 687 1738 potest
700 1684 895 1737 celeritas,
925 1699 999 1739 qua
1026 1699 1086 1728 res
1106 1690 1278 1728 maximae
1289 1697 1532 1740 peraguntur,
1591 1686 1682 1727 Sanc>
1714 1689 1860 1728 Cerialis

48 1756 181 1800 pamm
203 1750 363 1801 temporis
381 1745 432 1786 ad
439 1744 629 1799 exequenda
643 1747 785 1797 imperia
805 1745 912 1786 dabat
918 1760 932 1796 >¹
951 1744 1089 1798 fithitus
1107 1746 1264 1799 confiliis,
1283 1744 1348 1798 ſsd
1368 1755 1493 1787 eventu
1521 1747 1649 1787 claras.
1710 1746 1862 1788 Verum

58 1808 207 1849 tametsi
227 1809 264 1849 in
291 1807 394 1848 bello
419 1817 552 1858 magna
571 1804 746 1858 praestare
773 1805 891 1846 soleat
915 1808 1106 1859 impetus,
1138 1807 1352 1847 cavendum
1379 1816 1530 1854 tamen,
1559 1818 1608 1845 ne
1641 1818 1767 1847 coecus
1794 1808 1858 1847 ille

56 1867 104 1908 iit
129 1868 166 1908 ἃ
187 1867 441 1914 inconsultus,
471 1867 502 1906 is
518 1866 618 1905 enirn
641 1866 749 1906 initio
769 1867 997 1918 plerumque
1008 1865 1176 1916 validus,
1204 1867 1324 1919 spatio
1352 1865 1421 1921 (e)
1449 1867 1665 1920 languescit.
1726 1867 1860 1921 Quan-

57 1927 111 1967 do
139 1940 198 1968 res
229 1928 306 1981 ipsa
329 1937 476 1968 moram
503 1926 666 1977 patitur,
698 1924 737 1965 &
766 1925 1029 1967 deliberationi
1059 1930 1169 1967 locus
1199 1925 1274 1975 est,
1303 1925 1388 1979 plus
1424 1926 1507 1965 haec
1536 1924 1713 1978 prodest,
1744 1927 1861 1978 quarn

54 1985 142 2042 (j)
172 1989 375 2028 temeritas.
434 1985 623 2038 Quamvis
651 1995 727 2025 tam
746 1987 786 2025 in
812 1997 910 2034 uno,
941 1985 1054 2038 quam
1075 1987 1114 2026 in
1132 1987 1251 2025 altero
1269 1984 1470 2038 prudentia
1489 1994 1640 2037 tempus
1654 1988 1777 2026 metiri
1794 1987 1859 2026 de-

56 2047 168 2096 beat,
195 2059 246 2088 ne
264 2057 328 2088 aut
345 2047 441 2086 illius
459 2042 614 2085 defectu
631 2044 785 2084 consilia
812 2045 1008 2085 nascantur
1036 2057 1160 2095 coeca,
1192 2057 1329 2086 canum
1349 2043 1478 2094 instar,
1508 2054 1573 2084 aut
1594 2056 1683 2087 cum
1702 2045 1859 2086 difficul-

57 2116 178 2148 tatum
202 2108 241 2147 &
276 2104 612 2149 incommodorum
632 2104 764 2156 spinis,
796 2104 904 2144 velut
924 2107 1105 2156 erinacei,
1137 2106 1224 2157 quia
1245 2107 1355 2145 nimis
1379 2103 1486 2144 tarda
1507 2103 1602 2145 sunt.

232 2167 268 2219 §.
299 2166 400 2206 Cum
417 2165 528 2216 igitur
547 2162 569 2202 a
587 2175 702 2203 manu
724 2163 906 2215 Principis
923 2164 1077 2204 decreta
1111 2165 1345 2216 prodierint,
1373 2162 1546 2215 perfeffli
1573 2162 1645 2203 sint
1673 2173 1857 2215 oportet,

57 2234 103 2266 ut
121 2227 224 2266 nulla
248 2229 288 2266 in
304 2226 536 2266 executione
555 2222 730 2263 confufio
748 2225 914 2272 oriatur,
954 2234 1018 2264 aut
1044 2224 1245 2264 dubitatio.
1304 2223 1459 2263 Etenim
1485 2220 1638 2263 ministri
1657 2233 1858 2273 quantum-

54 2287 117 2325 vis
133 2285 362 2338 prudentes,
389 2294 583 2334 nunquam
599 2281 670 2322 rite
690 2284 830 2335 exequi
843 2293 1029 2335 poterunt
1047 2283 1245 2331 mandata,
1275 2294 1359 2334 quae
1388 2283 1495 2324 rudia
1523 2281 1668 2331 adhuc,
1699 2283 1736 2322 &
1759 2285 1857 2322 male

53 2345 257 2387 efformata
283 2345 331 2386 ad
365 2343 524 2385 eosdem
549 2344 792 2394 perveniunt.
853 2342 1076 2395 Imperantis
1102 2342 1156 2383 est
1179 2342 1343 2383 formam
1370 2342 1637 2393 praeicribere,
1664 2341 1856 2382 inferioris

56 2405 218 2446 eandem
236 2405 326 2446 dare
353 2403 603 2449 executioni3
633 2401 672 2442 δι
701 2402 729 2443 si
754 2403 793 2443 in
821 2413 988 2454 utroque
1010 2403 1165 2443 istorum
1195 2401 1366 2442 distincta
1388 2414 1468 2442 non
1488 2401 1684 2440 serventur
1707 2402 1855 2451 officia,

56 2477 157 2516 opus
178 2465 348 2505 manebit
364 2460 645 2516 imperfestum.
706 2463 888 2515 Princeps
905 2463 1015 2515 igitur
1032 2462 1185 2503 artificis
1204 2463 1293 2501 loco
1316 2461 1382 2510 sit,
1412 2461 1449 2501 &
1470 2459 1645 2501 Minister
1670 2473 1858 2501 executo-

55 2526 106 2565 ris
134 2523 313 2576 fungatur
348 2521 479 2576 opera.
539 2520 740 2575 Princeps,
771 2523 836 2573 qui
873 2523 1001 2561 omnia
1039 2520 1301 2563 Ministrorum
1328 2522 1514 2572 permittit
1547 2521 1702 2559 arbitrio
1735 2520 1771 2559 δε
1800 2520 1856 2560 di-

54 2583 275 2637 spofitioni,
301 2593 367 2624 aut
379 2585 554 2637 ignorans
570 2579 645 2629 est,
674 2593 739 2621 aut
760 2581 887 2621 officio
915 2580 1098 2633 Principis
1134 2581 1210 2621 sese
1237 2582 1344 2632 cupit
1368 2591 1521 2619 exuere.
1581 2578 1691 2618 Male
1720 2578 1856 2620 consti·

54 2653 184 2684 tutum
212 2643 415 2695 Imperium
441 2641 517 2690 est,
547 2641 613 2680 ubi
627 2652 747 2694 penes
766 2642 909 2681 multos
929 2638 984 2681 est
1014 2641 1222 2685 arbitrium.
1279 2639 1402 2679 Immo
1433 2638 1638 2691 Imperium
1671 2650 1750 2678 non
1779 2638 1872 2689 est,··

39 2703 166 2756 *quod
182 2704 228 2742 ab
245 2715 324 2742 uno
342 2703 423 2743 solo
449 2714 530 2742 non
546 2702 697 2753 regitur.
757 2700 894 2741 Omnis
909 2700 1049 2753 peribit
1078 2698 1281 2740 auctoritas
1309 2697 1347 2736 ὅτ.
1371 2698 1654 2750 gubernationis
1674 2697 1792 2747 ordo,
1824 2698 1852 2740 si

54 2774 177 2816 penes
201 2761 398 2803 Ministros
413 2763 607 2802 arbitrium
629 2760 686 2801 fit.
745 2759 858 2800 Tunc
884 2760 1004 2800 solum
1037 2758 1262 2812 suspendere
1284 2755 1439 2810 possunt
1466 2757 1504 2796 &
1531 2755 1676 2797 debent
1700 2757 1855 2798 manda-

54 2834 184 2863 torum
207 2824 501 2870 executionem,
532 2820 620 2860 cum
642 2819 690 2860 de
710 2820 922 2861 eorundem
947 2818 1120 2871 injustitia
1141 2817 1342 2859 evidenter
1369 2816 1595 2857 constiterit:
1623 2815 1727 2869 prius
1753 2820 1854 2859 enim

55 2881 151 2924 Deo
167 2884 246 2923 nati
265 2883 373 2932 sunt,
402 2881 516 2934 quam
533 2881 709 2933 Principi.
768 2880 937 2935 Quando
954 2881 1047 2919 item
1073 2878 1248 2920 mandata
1265 2877 1448 2930 Principis
1469 2875 1583 2928 ipsius
1600 2877 1853 2929 patrimonio,

905 2939 930 2979 S
948 2952 965 2980 s
982 2952 999 2978 s
1015 2951 1032 2978 s
1791 2948 1856 2978 aut

153 3092 174 3134 (
177 3094 216 3138 a)
241 3092 380 3130 Livius.
433 3091 502 3141 (b)
525 3090 639 3128 Tacit.
657 3089 718 3128 lib.
744 3103 775 3128 1.
792 3091 881 3129 Hist.
934 3094 998 3141 (c)
1024 3090 1195 3143 festinare
1217 3091 1365 3144 quodvis
1377 3095 1553 3146 negotium
1561 3094 1686 3145 gignit
1706 3102 1852 3137 errores,

56 3143 149 3181 unde
164 3147 329 3182 maxima
343 3144 559 3182 detrimenta
573 3144 707 3180 exoriri
713 3141 826 3189 so'lent
835 3158 850 3187 ;
874 3154 917 3180 at
934 3146 973 3181 in
987 3144 1179 3181 curtando
1192 3141 1280 3180 bona
1293 3143 1412 3191 instent
1421 3172 1431 3188 ,
1458 3143 1556 3198 quaesi
1571 3156 1637 3179 non
1652 3142 1778 3191 statim
1794 3155 1853 3182 taz

58 3195 113 3232 lia
141 3195 355 3239 videantur,
378 3199 418 3234 in
438 3207 586 3248 tempere
601 3193 690 3232 bona
717 3197 796 3249 quis
817 3195 876 3243 effi’
897 3198 1056 3249 reperiet.
1089 3197 1227 3233 Herod.
1277 3198 1340 3245 (d)
1364 3199 1479 3235 Tacit.
1509 3197 1567 3233 lib.
1597 3209 1627 3241 5.
1650 3196 1738 3232 Hist.
1792 3201 1853 3247 (e)

61 3248 193 3286 Omnia
206 3247 385 3294 inconstalti
399 3251 546 3302 impetus
560 3258 669 3300 caepta
687 3248 803 3284 initiis
819 3248 965 3289 valida,
981 3246 1097 3301 spatio
1117 3247 1351 3301 languesc'unt.
1378 3249 1493 3286 Tacit.
1509 3248 1570 3285 lib.
1594 3262 1622 3295 3.
1642 3248 1730 3285 Hist.
1783 3248 1851 3298 (f)

59 3305 171 3339 Duces
177 3300 392 3354 providendo
415 3300 649 3349 consultando.
674 3298 1034 3355 cundationefipiun
1060 3314 1166 3353 quam
1187 3303 1392 3340 temeritate
1406 3298 1561 3355 prodeffi’,
1587 3302 1685 3338 Idem
1708 3300 1797 3339 ibid.
