2132 3730
221 267 307 311 340
655 250 1005 297 DID'ACI
1059 251 1604 302 SA'AVEDRAE.

219 340 276 381 dit
301 339 568 382 Usocchorum
590 367 604 387 ,
633 338 699 390 qui
714 338 752 377 in
776 336 930 378 Croatia
954 339 1064 389 sunt,
1092 340 1349 382 incursiones:
1378 344 1489 383 maris
1505 345 1723 385 libertatem
1745 322 1848 385 tueri·
1864 344 1902 384 se
1923 322 2025 385 uelle

218 401 388 449 simulat,
418 400 456 438 &
478 393 576 437 terra
596 398 738 437 bellum
761 395 923 450 suscipit.

390 456 664 510 saepenumero
688 456 840 505 majoris
869 459 997 510 gloriae
1028 457 1167 498 divinae
1188 459 1438 510 procurandae
1468 461 1580 501 titulo
1612 460 1811 502 sumuntur
1832 474 1954 510 arma,
1984 460 2025 501 <St

218 520 344 561 eidem
367 518 539 558 officiunt
558 519 709 569 potius:
737 516 927 557 interdum
953 518 1078 569 specie
1098 517 1326 569 Religionis,
1359 520 1579 560 &eandem
1596 523 1761 573 graviter
1780 522 1942 569 laedunt,·
1971 524 2028 561 in·-

218 579 369 620 terdum
396 587 471 630 pro
493 577 763 629 tranquillitate
793 577 973 627 publica,
1005 577 1042 617 &
1071 588 1155 616 eam
1185 578 1435 629 perturbant:
1464 580 1653 620 interdurn
1684 593 1757 633 pro
1786 580 2026 621 subditorum

215 639 414 688 libertate,
443 635 483 677 &
502 647 572 677 eos
595 636 839 689 opprimunt:
868 636 1058 677 interdum
1082 648 1156 690 pro
1179 635 1392 677 eorundem
1417 636 1536 677 tutela
1553 638 1590 677 δι
1604 639 1852 690 defensione,
1883 642 1920 679 in
1938 652 2024 679 eos-

218 707 294 750 que
310 695 551 748 tyrannidem
567 704 769 736 exercent:
798 697 989 738 interdum
1006 708 1078 749 pro
1101 695 1198 737 statu
1216 698 1378 750 proprio
1399 697 1663 737 conservando
1677 728 1690 747 ,
1720 699 1759 739 δτ,
1775 701 1940 740 alienum
1958 711 2026 739 oc·

215 769 360 811 cupere
373 759 557 811 satagunt.
617 754 656 797 Ο
678 754 893 805 Homines,
924 757 950 797 ὸ
974 756 1131 810 Populi,
1161 753 1186 796 ὂ
1213 755 1479 809 Respubficae,
1512 756 1537 796 ὸ
1554 754 1713 808 Regna!
1741 770 1906 810 quorum
1920 767 2023 799 tran.

217 820 380 873 quinitas
405 818 443 859 Gt
461 817 622 858 felicitas
645 827 695 856 ex
712 817 943 866 ambitione,
972 815 1010 856 &
1036 818 1240 869 repentino
1264 827 1475 869 paucorum
1499 817 1648 868 impetu
1676 816 1893 869 dependet!

369 883 407 933 ς.
439 875 611 931 Quando
644 875 741 915 fines
774 874 967 917 actionum
997 875 1146 917 honesti
1168 876 1324 929 quidem
1348 875 1455 924 sunt,
1487 877 1675 917 incertum
1693 885 1852 925 tamen,
1871 889 1919 917 an
1952 889 2024 918 eos

215 937 326 994 eque
345 942 384 980 in
404 939 604 979 meliorem
624 946 772 987 partem
791 936 1073 989 interpretaturi
1098 937 1170 977 sint
1186 938 1270 984 alii;
1303 945 1368 975 aut
1386 935 1540 987 quando
1558 937 1769 987 periculum
1780 935 1844 985 est,
1861 947 1912 976 ne
1933 937 1961 976 si
1982 939 2023 977 in

218 1000 439 1047 notescam,
466 996 633 1038 obtineri
665 1004 878 1046 nequeant,
908 998 1039 1037 licebit
1066 1008 1135 1036 eos
1151 995 1195 1036 ea
1210 998 1357 1036 ratione
1373 995 1597 1047 disponere,
1625 1006 1669 1035 ut
1693 995 1864 1036 astiones
1887 995 2025 1036 nostrae

215 1060 401 1100 diversam
418 1057 522 1110 quasi
539 1056 706 1108 speciem
733 1056 866 1095 mundi
887 1059 1008 1096 oculis
1024 1057 1255 1106 exhibeant,
1286 1055 1323 1095 δε
1350 1063 1535 1107 putentur
1560 1067 1610 1094 ex
1634 1056 1713 1095 aliis
1737 1054 1906 1095 honestis
1931 1068 2022 1095 cau·

214 1120 260 1159 fis
280 1116 483 1171 proficisci.
545 1117 634 1170 Qua
650 1116 688 1154 in
714 1126 756 1154 re
780 1117 881 1155 nulla
898 1115 1000 1156 fraus
1027 1117 1074 1156 ab
1102 1128 1151 1155 eo
1179 1117 1455 1163 committitur,
1486 1116 1551 1167 qui
1583 1115 1634 1154 lic
1662 1116 1758 1167 agit:
1787 1114 1893 1155 recte
1919 1118 2026 1156 enim

213 1179 252 1219 id
275 1178 366 1219 facit
387 1190 431 1217 ac
448 1175 569 1224 licite,
602 1174 664 1215 sed
681 1176 830 1215 malitiae
847 1174 967 1216 solum
988 1175 1224 1215 simulacrum
1241 1174 1396 1227 aliquod
1416 1181 1505 1215 ante
1524 1176 1660 1214 oculos
1678 1175 1811 1226 objicit
1827 1206 1839 1224 ,
1869 1187 1947 1226 quo
1967 1176 2024 1215 se-

213 1240 250 1280 se
276 1239 352 1290 ipsa
371 1237 537 1290 decipiat
550 1265 563 1285 ,
593 1245 636 1274 ut
649 1245 700 1275 ne
723 1233 828 1286 justis
846 1237 1009 1276 conliliis
1033 1235 1216 1287 Principis
1237 1232 1402 1275 obsistat.
1458 1233 1607 1286 Neque
1627 1233 1726 1274 vero
1737 1234 1812 1274 ulla
1830 1237 1934 1288 cogit
1953 1247 2023 1274 ne·-

214 1299 357 1339 cesfitas
374 1328 386 1346 ,
417 1307 461 1337 ut
498 1298 681 1347 scopum,
711 1293 791 1346 quo
814 1296 978 1336 intendit
995 1326 1005 1344 ‚
1037 1297 1181 1347 aperiat
1208 1297 1307 1342 aliis,
1335 1293 1454 1334 immi)
1491 1294 1676 1346 attingere
1704 1303 1846 1335 metam
1881 1306 2028 1335 certam

211 1370 293 1399 non
311 1356 436 1411 posset
449 1387 461 1406 ,
490 1355 558 1397 nisi
576 1355 717 1394 eodem
735 1362 912 1406 tempore
934 1357 972 1395 in
991 1356 1078 1394 alias
1102 1354 1309 1394 'colline-are
1329 1353 1536 1398 videretur.

366 1416 400 1469 §.
430 1416 522 1456 Nec
557 1414 680 1454 minus
701 1415 740 1452 in
769 1413 1067 1466 Rebuspublicis
1093 1413 1304 1466 periculosa
1331 1411 1386 1452 est
1415 1412 1561 1464 species
1584 1411 1673 1452 ficta
1697 1411 1893 1463 cujusdem
1916 1413 2024 1462 zeli,

213 1489 293 1530 quo
308 1477 481 1517 simulant
505 1474 698 1521 nonnulli,
728 1472 766 1511 se
791 1473 941 1513 bonum
961 1475 1158 1525 publicum
1189 1485 1267 1524 prae
1293 1472 1414 1511 oculis
1440 1472 1604 1519 habere,
1630 1472 1668 1511 ὅτ.
1690 1484 1771 1511 non
1788 1473 1857 1512 nili
1892 1475 2023 1524 priva-

212 1547 294 1578 tum
329 1549 373 1576 ac
394 1536 593 1588 proprium
619 1530 804 1583 specstant.
863 1533 1080 1573 Praetexunt
1111 1532 1396 1583 gubernationis
1430 1531 1763 1579 emendationem,
1792 1541 1836 1569 ut
1864 1544 2025 1573 omnem.

211 1598 308 1637 illius
328 1594 593 1634 auctoritatem
609 1589 852 1630 labefactent.
913 1590 1141 1642 Proponunt
1159 1589 1303 1637 media,
1334 1589 1372 1628 δι
1389 1587 1543 1628 consilia
1556 1587 1758 1642 suggerunt
1773 1589 1861 1641 post
1879 1592 2020 1641 casum,

211 1666 256 1697 ut
281 1666 428 1696 errores
445 1648 683 1705 commiss‘os,
710 1647 774 1688 sed
793 1647 993 1700 postquam
1015 1649 1242 1689 medicinam
1261 1648 1423 1701 amplius
1455 1659 1535 1688 non
1564 1648 1795 1698 admittunt,
1825 1652 1863 1690 in
1895 1652 2024 1692 lucem

208 1714 422 1769 proferant.
487 1711 719 1751 Libertatem
740 1706 948 1759 praeferunt
962 1738 977 1758 ‚
1009 1718 1051 1749 ut
1071 1710 1205 1761 populi
1228 1709 1398 1761 plausum
1417 1718 1551 1748 contra
1561 1707 1825 1760 magistratum
1847 1709 2022 1751 fibicon-

211 1776 360 1824 efflent,
392 1770 705 1824 &perturbatam
732 1767 1026 1822 Rempublicam
1045 1769 1118 1809 suae
1133 1767 1272 1809 deinde
1296 1768 1468 1808 servituti
1502 1767 1580 1820 (a)
1610 1768 1807 1821 subjiciant
1836 1769 1909 1823 (b)
1944 1772 2024 1812 (ἵζε-

212 1845 324 1877 terum
341 1834 483 1875 libertas
497 1861 510 1880 ,
539 1828 590 1873 &²³
597 1824 739 1880 speciosa
753 1830 885 1868 nomina
891 1836 1141 1883 praetexuntur
1153 1857 1166 1878 ,
1196 1842 1254 1868 nec
1266 1826 1440 1882 quffqtcam
1458 1828 1604 1868 alienum
1608 1825 1795 1879 fi’rvitium
1810 1828 1861 1874 &²
1873 1829 2026 1870 abmina-

210 1898 331 1937 tionem
336 1893 405 1946 sibi
423 1891 634 1942 cmcupivit,
662 1895 703 1927 ut
721 1900 785 1927 non
810 1887 922 1928 eadem
939 1887 1005 1942 ssa
1018 1888 1183 1928 vocabula
1209 1886 1401 1940 ufiuparet.
1464 1888 1564 1940 Quae
1587 1897 1805 1940 argumenta
1814 1901 1893 1929 non
1913 1890 2022 1930 dedit

209 1953 389 1995 Tiberius
418 1947 658 1991 restituendae
683 1947 866 1987 libertatis
902 1946 1108 1997 Romanae,
1137 1947 1225 1987 cum
1265 1946 1426 1987 eandem
1454 1950 1641 2000 cogitaret
1672 1944 1738 2002 (c)
1769 1950 2025 2002 opprimere?⁴

215 2012 369 2056 Eodem
389 2009 549 2051 artificio
572 2006 657 2047 usus
677 2004 732 2045 est
754 2005 934 2059 Princeps
960 2007 1146 2047 Auriacus
1173 2018 1217 2046 ut
1241 2007 1462 2047 Provincias
1493 2006 1664 2059 Belgicas
1692 2010 1739 2046 ad
1765 2008 2021 2049 rebellionem

217 2074 446 2114 concitaret:
474 2068 608 2109 iisdem
625 2066 706 2118 ejus
719 2074 877 2106 utuntur
890 2065 1057 2119 posteri,
1087 2076 1130 2105 ut
1150 2066 1361 2107 Provinciis
1379 2064 1504 2105 Unitis
1530 2065 1785 2107 dominentur.
1848 2067 2023 2119 Tempus

212 2133 383 2174 maximo
404 2141 491 2170 cum
514 2128 582 2168 suo
599 2127 739 2165 damno
762 2137 824 2165 eas
842 2126 1050 2174 edocebit,
1081 2135 1265 2177 quantum
1283 2128 1380 2166 inter
1405 2126 1613 2174 legitimum
1636 2126 1851 2172 Dominum
1878 2128 1915 2167 &
1939 2128 2022 2178 Ty-

213 2203 373 2234 rannum
399 2187 565 2234 intersit,
595 2185 632 2227 &
660 2195 753 2225 tunc
774 2187 966 2239 optabunt
992 2184 1045 2237 (d
1055 2188 1068 2228 )
1096 2198 1161 2225 71on
1183 2182 1222 2236 fi’
1255 2186 1494 2225 conttmmciam
1517 2197 1592 2224 cum
1614 2188 1785 2236 pemicie,
1814 2199 1916 2238 quam
1938 2185 2022 2238 obft‘-

213 2255 330 2308 quium
344 2263 418 2290 cmn
430 2242 794 2300 securitaternaluiffe,
824 2245 864 2286 id
881 2245 986 2298 quod
1009 2244 1100 2285 olim
1123 2244 1414 2284 Trevirensibus
1442 2243 1550 2283 suasit
1573 2245 1741 2287 Cerialis.
1768 2287 1770 2289 ,
1816 2247 2016 2287 Convolat

214 2323 324 2353 coeco
349 2309 518 2362 quodam
534 2308 681 2359 impetu
705 2307 874 2360 populus
894 2305 941 2345 ad
958 2305 1096 2345 illicem
1123 2304 1305 2344 libertatis
1335 2302 1518 2350 fistulam,
1547 2315 1621 2343 nec
1643 2305 1744 2344 suam
1777 2307 1943 2355 agnoscit
1967 2310 2021 2346 le<⁵

214 2374 397 2418 vitatem,
427 2368 554 2408 donec
581 2364 704 2406 amissa
720 2365 873 2417 penitus
889 2366 1065 2406 libertate
1083 2365 1273 2403 iervitutis
1293 2363 1434 2413 laqueis
1451 2363 1634 2403 irretitum
1659 2365 1696 2402 se
1714 2365 1865 2403 viderit.
1926 2365 2019 2405 Mo-

214 2433 299 2473 veri
326 2430 363 2470 se
382 2428 464 2469 smit
479 2427 577 2468 flecis
594 2425 891 2467 crocodilorum
910 2423 1064 2464 istorum
1096 2424 1322 2472 lachrymis,
1350 2422 1388 2461 ἃς
1410 2422 1534 2461 minus
1558 2423 1671 2462 caute
1694 2422 1774 2463 suas
1801 2424 1868 2463 illis
1896 2424 2020 2464 fortu—

213 2502 281 2532 nas
301 2490 339 2531 &
358 2489 476 2529 vitam
495 2486 714 2527 committit.
774 2484 929 2539 Quanta
948 2495 1018 2536 per
1036 2484 1170 2523 orbem
1193 2482 1283 2522 effer
1304 2484 1432 2534 quies,
1460 2482 1486 2521 sl
1500 2481 1648 2523 nossent
1665 2483 1826 2530 subditi,
1856 2484 1933 2523 five
1952 2498 2021 2536 pe-

212 2563 284 2593 nes
311 2550 524 2602 populum,
554 2547 634 2587 five
656 2556 776 2597 penes
803 2546 966 2591 multos,
996 2543 1077 2583 five
1105 2554 1224 2595 penes
1258 2555 1398 2589 unum,
1430 2542 1614 2582 summum
1646 2541 1763 2582 suerit
1795 2544 2020 2595 imperium,

214 2611 356 2652 nullam
379 2619 547 2660 unquam
570 2606 657 2648 fore
687 2606 1001 2657 gubernationem
1034 2604 1178 2655 absque
1205 2601 1483 2651 incommodis,
1514 2601 1553 2642 δι
1572 2602 1717 2653 absque
1739 2604 1860 2654 aliqua
1893 2614 2018 2652 tyran-

213 2670 314 2712 nidis
339 2670 465 2721 specie
480 2669 500 2707 .9
529 2679 615 2707 nam
636 2666 705 2705 etsi
723 2666 929 2719 speculatio
960 2662 1063 2703 forte
1089 2660 1301 2716 perfeotam
1319 2662 1481 2713 aliquam
1509 2662 1803 2714 Rempublicam
1825 2665 2018 2716 excogita-

214 2739 275 2770 ret
285 2759 306 2779 -,
336 2740 425 2768 cum
445 2739 489 2768 ea
510 2728 708 2768 hominum
732 2725 806 2766 esse
826 2725 990 2772 debeat,
1018 2735 1098 2763 non
1117 2724 1379 2775 Angelorum,
1407 2720 1549 2761 laudari
1565 2723 1709 2774 poterit
1720 2720 1885 2772 facilius,
1904 2721 2019 2774 quam
2076 2742 2077 2745 =
2130 2743 2132 2749 <

214 2789 285 2844 (e)
314 2789 485 2833 evenire.
546 2788 677 2838 Atque
693 2785 791 2826 adeo
814 2798 893 2826 non
911 2783 1250 2836 consistitlibertas
1275 2784 1313 2822 in
1330 2783 1402 2822 hac
1420 2782 1484 2821 vel
1509 2783 1569 2822 illa
1592 2782 1876 2835 gubernationis
1892 2781 2018 2822 forma

215 2847 462 2901 inquirenda,
493 2846 555 2887 sed
579 2849 617 2888 in
638 2847 732 2886 illius
756 2845 887 2899 potius
904 2843 1220 2892 conservatione,
1250 2854 1363 2894 quam
1384 2841 1520 2895 longus
1540 2841 1628 2882 usus
1649 2839 1865 2891 constituit,
1895 2840 1931 2880 δε
1951 2852 2020 2882 ex-

215 2908 403 2963 perientia
423 2908 678 2960 approbavit,
709 2908 748 2946 in
773 2919 847 2959 qua
875 2903 1012 2958 iustitia
1034 2906 1188 2958 vigeat,
1216 2901 1255 2943 ἅτ,
1278 2902 1526 2943 conservetur
1556 2903 1664 2955 quies
1688 2901 1862 2955 publica,
1889 2901 2023 2954 posito

1907 2962 2017 3010 quod

319 3066 342 3111 ζ
344 3068 383 3112 a)
417 3070 463 3102 Ut
479 3066 661 3118 imperium
676 3075 857 3105 evertant,
875 3061 1079 3123 libertarent
1092 3058 1304 3123 praesb-runt:
1317 3061 1358 3113 st
1370 3061 1662 3120 impetraverint3
1687 3058 1796 3119 ipfhm·
1811 3058 2020 3120 aggredien-

221 3128 295 3157 tur.
320 3121 407 3156 Tac.
435 3117 497 3155 lib.
519 3121 576 3159 16.
596 3118 726 3155 Annal.
781 3120 848 3166 (b)
875 3118 973 3155 Idem
1000 3116 1062 3155 hb.
1090 3130 1127 3163 4.
1150 3113 1240 3152 Hist.
1294 3116 1360 3164 (c)
1387 3110 1533 3168 speciosis
1557 3111 1692 3152 verbts,
1716 3124 1755 3147 re
1782 3123 1926 3152 mama.
1952 3123 2022 3151 aut.

209 3170 356 3217 sicbdola
371 3186 383 3209 :
409 3179 603 3224 quantoque
621 3169 752 3216 majore
777 3168 956 3207 libertatis
974 3169 1130 3221 imagine
1149 3162 1377 3219 tegebantur,
1402 3176 1506 3204 tanto
1518 3172 1685 3253 εναίηινπ
1701 3163 1753 3200 ad
1771 3160 2019 3214 inftnliassbr.

219 3273 339 3364 firgus
361 3273 684 3366 Zudarifacilius.
709 3288 817 3328 quam
833 3274 996 3315 evenire.
1021 3272 1087 3312 vel
1083 3271 1126 3320 ſs
1144 3275 1284 3314 evenit.
1308 3270 1409 3310 haud
1431 3270 1606 3308 diuturna
1625 3266 1685 3316 ff
1698 3265 1821 3322 potest.
1847 3270 1934 3307 Tac.
1951 3269 1978 3308 li

221 3341 260 3377 4.
310 3339 358 3364 nn
394 3353 405 3364 .

2088 3428 2090 3462 l

220 3224 369 3260 vitium.
396 3225 482 3260 Tac.
505 3221 566 3261 lib.
588 3235 621 3261 r.
640 3222 770 3261 Annal.
825 3224 886 3267 (d)
914 3222 1012 3259 Idem
1025 3221 1050 3258 l.
1068 3234 1105 3269 4.
1125 3219 1215 3258 Hist.
1266 3224 1325 3268 (e)
1350 3218 1492 3257 Ditem
1507 3231 1554 3255 ex
1596 3217 1647 3256 is.
1671 3214 2016 3307 άεοηβὶικΐαλίεἱζ.

2093 3263 2105 3390 l
