2132 3730
478 236 1450 287 STMBOLAPOLJTICA.
1769 259 1847 299 193

2 355 3 365 ,
69 338 116 365 ea
136 328 242 378 igitur
262 325 356 361 intra
376 332 531 372 pravata
555 323 771 373 Principum
789 325 986 362 conclavia
1005 326 1158 376 reperiri
1181 337 1260 364 non
1291 328 1422 377 possit,
1451 327 1627 368 industria
1643 341 1742 380 opus
1765 329 1846 378 est,

69 386 117 425 ad
140 395 218 424 eam
255 382 340 420 alibi
371 380 631 433 indagandam.
718 380 795 435 (a)
827 383 948 422 Gloria
970 383 1104 436 Regum
1123 415 1137 433 ‚
1166 383 1368 437 investigare
1393 384 1584 437 sermonem.
1644 389 1732 428 Rex
1760 390 1848 429 Phi-

3 462 4 466 =
68 446 189 496 lippus
205 439 250 485 ΙΙ.
279 439 424 480 famulo
440 442 619 480 utebatur
635 440 704 480 fibi
722 443 761 480 in
787 444 915 493 paucis
931 443 1047 482 charo
1063 473 1075 491 ‚
1105 455 1176 494 per
1195 455 1309 495 quem
1334 447 1546 487 rescisceret
1562 449 1713 497 onmia,
1744 461 1844 500 quae-

3 507 5 538 ζ
67 511 214 552 cunque
231 499 278 539 de
303 500 338 539 se
357 501 452 540 intra
467 500 504 540 &
525 510 632 541 extra
650 501 831 553 palatium
851 500 910 541 alii
942 504 1199 553 loquerentur.
1260 504 1356 543 Illud
1378 515 1504 545 tamen
1528 508 1808 548 observandum
1829 539 1845 557 ,

65 560 195 614 populi
216 558 425 608 sermones,
457 561 521 611 qui
547 562 719 612 principe
745 561 898 601 absente
914 561 1011 600 fiunt
1027 592 1037 609 ‚
1067 561 1157 601 licet
1175 561 1198 600 ὲ
1214 574 1313 602 vero
1336 564 1407 604 sint
1421 593 1433 611 ‚
1463 565 1491 604 fi
1517 574 1646 607 tamen
1662 568 1713 608 ad
1736 580 1846 608 aures

3 645 6 652 ·
62 620 139 671 ejus
159 618 395 670 perferantur
418 650 431 669 ‚
462 632 582 660 vanos
611 619 698 660 fore
723 650 734 669 ‚
766 621 803 660 δι
833 621 1091 668 adulatorios;
1122 622 1240 661 immo
1267 624 1305 661 in
1334 624 1441 663 causa
1457 636 1526 663 cur
1545 637 1654 666 coeco
1674 628 1845 679 quodam

61 677 178 720 modo
206 679 388 719 vitiorum
413 679 565 720 suorum
601 681 775 732 sequatur
805 683 1021 732 impetum,
1050 692 1099 719 ex
1121 684 1315 721 communi
1332 685 1396 722 illo
1417 685 1597 735 applausu
1617 686 1846 738 fibipersua·

0 743 1 747 ’
59 737 186 778 dendo
215 737 384 779 actiones
411 740 491 779 suas
514 741 666 792 probari
688 741 735 780 ab
756 742 945 780 omnibus.
1004 739 1160 779 Nullius
1178 742 1403 793 gubernatio
1429 745 1545 796 magis
1570 748 1764 793 tyrannica
1774 760 1848 787 un·

59 809 171 848 quam
186 796 260 837 fuit
276 829 288 848 ,
318 799 432 850 quam
451 798 614 847 Tiberii3
643 802 766 839 nullus
776 801 939 850 Principi
956 799 1170 839 familiarior
1184 801 1315 851 majori
1331 803 1370 841 in
1387 802 1479 841 odio
1496 832 1509 851 ,
1538 815 1652 855 quam
1672 804 1851 856 Sejanus;

4 874 8 915 3
58 856 96 896 &
119 866 244 897 tamen
262 858 350 898 cum
371 858 526 911 Capreis
549 859 665 899 essent
682 890 695 908 ‚
726 857 798 913 (h)
820 859 949 898 crebris
963 859 1125 911 precihus
1148 860 1358 913 efflagitabat
1373 861 1532 902 Senatus
1548 893 1561 914 ,
1587 860 1714 913 visendi
1721 862 1779 914 sui
1793 878 1850 904 co-

46 919 143 969 piam
159 914 331 969 facerent.
392 918 594 959 Neronem
619 919 670 959 fic
695 917 827 958 misere
846 918 1077 970 dicipiebant
1106 922 1241 972 populi
1263 921 1498 961 adulationes
1517 952 1530 972 ‚
1561 932 1603 962 ut
1628 923 1742 975 plane
1761 936 1852 964 cre-s·

54 976 164 1016 deret
183 1007 196 1028 ,
228 988 317 1018 eum
337 978 539 1018 absentiam
559 979 658 1018 suam
682 979 727 1017 ab
738 979 832 1017 urbe
852 979 979 1018 Roma
1000 977 1101 1018 ferre
1132 993 1211 1020 non
1239 980 1346 1032 posse
1364 996 1377 1030 ,-
1405 983 1677 1034 imaginabatur
1696 983 1765 1023 fibi
1785 986 1847 1024 ni—

54 1038 189 1076 mirum
216 1037 300 1091 (c)
321 1036 437 1092 vidzffi}
451 1041 576 1079 civium
592 1037 719 1092 moestos
737 1038 858 1077 vultus
873 1069 885 1087 ,
914 1038 1035 1078 audire
1046 1035 1197 1089 fhcretas
1217 1043 1442 1093 querimonias
1456 1073 1469 1092 ,
1499 1042 1589 1095 quod
1604 1050 1739 1082 tantum
1766 1043 1847 1084 adi·

54 1103 154 1136 turus
174 1094 248 1149 cffit
267 1100 334 1138 iter
352 1129 364 1147 ‚
392 1100 488 1153 cas'us
511 1113 551 1138 ne
567 1097 704 1138 modicos
717 1097 847 1152 quidem
867 1099 1011 1153 egrcffiis
1031 1099 1216 1140 tolerarent
1230 1131 1241 1149 ,
1262 1098 1353 1151 fileti
1375 1099 1556 1152 adverficm
1571 1099 1730 1151 fortuita
1752 1099 1846 1154 aspe-

5 1160 8 1165 '
53 1155 111 1194 έῗιι
130 1156 304 1209 Principis
322 1154 477 1208 rejfhveri
492 1172 506 1207 ,-
537 1160 602 1209 qui
620 1158 707 1196 alias
727 1167 805 1197 tam
828 1159 967 1197 invisus
988 1169 1067 1198 erat
1080 1190 1093 1208 ,
1123 1156 1194 1214 (d)
1213 1170 1255 1199 ut
1273 1160 1421 1200 Senatus
1437 1159 1489 1204 ἐξ)
1496 1164 1666 1213 primores
1687 1164 1849 1203 imorcer«

5 1210 8 1243 ἓ
52 1222 86 1254 to
105 1213 201 1268 efflent
221 1247 234 1265 ,
255 1217 378 1268 procul
393 1248 405 1266 ,
433 1230 479 1256 an
502 1231 612 1257 coram
628 1220 775 1257 atrocior
795 1217 989 1258 haberetur.

6 1284 9 1291 ¹
203 1275 238 1326 ς.
270 1274 399 1315 Essent
428 1276 611 1327 praeterea
643 1277 681 1315 δε
701 1276 769 1315 alia
794 1277 918 1315 media
941 1278 987 1316 ad
1015 1277 1289 1330 agnoscendam
1315 1277 1602 1327 adulationem3
1632 1280 1695 1322 sed
1726 1281 1852 1332 pauci

7 1382 9 1387 ⁴
50 1332 244 1385 Principes
261 1336 304 1372 iis
323 1336 376 1372 uti
396 1336 574 1386 cupiunt,
604 1338 690 1385 quia
708 1335 906 1374 affectibus
921 1348 1054 1376 eorum
1076 1337 1112 1376 δε
1128 1340 1315 1388 appetitui
1333 1340 1491 1378 naturali
1508 1340 1582 1378 sese
1600 1341 1659 1378 illa
1685 1351 1850 1378 accom«

6 1406 9 1411 ·
51 1392 194 1432 modat.
265 1393 321 1432 Ita
339 1393 513 1432 videmus
537 1395 574 1433 in
598 1403 837 1434 monetarum
859 1395 1132 1435 adulteratores
1155 1397 1404 1436 animadverti
1424 1400 1618 1445 acerbius,
1649 1398 1763 1449 quam
1800 1400 1846 1439 in.

7 1469 10 1477 =
51 1451 291 1506 assentatores
306 1484 316 1501 ‚
347 1453 494 1494 tametsi
518 1454 556 1492 hi
588 1455 704 1506 magis
727 1463 894 1493 noceant
911 1468 924 1493 .·
953 1468 1040 1494 narn
1063 1457 1113 1495 illi
1132 1455 1286 1507 quidem
1303 1468 1542 1497 monetarum
1556 1459 1659 1510 leges
1680 1459 1848 1506 violant:

8 1542 10 1561 3
48 1512 88 1551 hi
119 1512 214 1553 vero
249 1525 312 1553 eas
328 1543 339 1560 ‚
370 1525 453 1564 quae
480 1515 573 1553 vitia
596 1513 1058 1566 prohibent‚faciuntque
1082 1525 1124 1555 ut
1141 1516 1292 1555 virtutis
1317 1517 1482 1568 speciem
1506 1518 1676 1557 induant.
1717 1516 1851 1557 Gran„

8 1596 9 1601 =
51 1570 99 1610 de
114 1572 205 1612 illud
227 1572 407 1612 damnum
429 1572 506 1621 est,
539 1572 645 1624 quod
670 1585 862 1625 nunquam
884 1586 963 1614 non
987 1576 1160 1626 culpatur
1178 1605 1190 1623 ‚
1221 1575 1259 1614 &
1277 1576 1423 1627 semper
1440 1587 1568 1617 tamen
1591 1579 1696 1630 viget
1713 1578 1752 1616 in
1775 1589 1852 1616 au·-

8 1658 10 1686 5
51 1632 94 1670 lis
118 1631 335 1683 Principum
357 1663 367 1679 ‚
398 1634 464 1672 ubi
485 1632 641 1672 minime
669 1634 797 1672 secura
818 1633 872 1673 est
899 1633 1051 1673 Veritas
1072 1664 1084 1683 ‚
1114 1633 1319 1684 praesertim
1355 1632 1845 1691 (eJapztdamtesfiffierbas

49 1690 100 1734 (ἒ)
122 1689 478 1745 cffi’ifionjproniores.
540 1690 624 1744 Ipsa
646 1702 772 1732 morte
796 1695 865 1732 luit
885 1692 1098 1731 Bernardus
1119 1691 1285 1732 Cabrera
1307 1724 1321 1743 ,
1352 1693 1458 1745 quod
1479 1695 1632 1734 Petrum
1654 1695 1722 1733 IV.
1752 1692 1848 1747 (f)

7 1769 9 1772 ⁴
49 1751 198 1803 Regem
226 1754 460 1802 Aragonium
481 1750 531 1790 de
548 1753 661 1791 rebus
681 1751 905 1803 quibusdam
932 1750 1052 1791 amice
1069 1751 1298 1801 monuisset,
1327 1765 1407 1792 non
1429 1753 1663 1793 obstantibus
1678 1763 1737 1793 tot
1759 1756 1847 1793 exi--

8 1824 10 1827 ’
49 1812 132 1850 iniis
153 1811 342 1862 obsequiis
365 1839 376 1857 ,
406 1823 490 1862 quae
510 1810 728 1863 praestiterat
745 1842 758 1861 ,
785 1821 848 1851 aut
863 1811 968 1863 quod
989 1812 1136 1863 Regem
1162 1811 1239 1862 ipse
1257 1812 1477 1852 moderator
1492 1816 1646 1865 optimis
1667 1814 1845 1853 moribus

8 1881 11 1887 ·
49 1869 292 1912 informasset.
354 1870 435 1924 Qui
457 1871 568 1923 aliurn
597 1880 751 1921 monet,
781 1870 980 1911 &instruit
1000 1900 1012 1918 ‚
1041 1871 1211 1910 actiones
1233 1870 1403 1921 ejusdem
1419 1872 1571 1912 videtur
1588 1872 1777 1921 incusare,
1800 1873 1840 1912 δε

42 1929 188 1980 judicio
210 1943 254 1970 ac
272 1930 464 1981 probitate
478 1929 514 1967 se
532 1929 708 1979 praeferte
740 1929 846 1968 alteri
867 1959 879 1978 ‚
910 1941 1023 1978 quam
1051 1931 1292 1970 eminentiam
1317 1930 1509 1983 Principes
1526 1931 1625 1971 ferre
1641 1945 1722 1971 non
1740 1930 1845 1971 susti·

46 2000 160 2037 nent3
192 1988 402 2028 existimant
418 1989 517 2027 enim
537 2000 616 2027 non
637 1988 690 2027 sat
711 1989 866 2028 honoris
896 1988 963 2027 sibi
984 1988 1123 2028 deferri
1137 1990 1183 2028 ab
1210 2000 1285 2037 eo,
1312 1991 1379 2041 qui
1400 1999 1477 2030 tarn
1502 1990 1632 2043 aperte
1648 1993 1690 2031 iis
1715 1992 1845 2042 loqui·-

47 2059 120 2088 tur.
180 2048 250 2103 (g)
273 2048 413 2089 Animo
431 2047 578 2086 sincero
602 2079 614 2096 ,
647 2048 683 2086 δε
706 2048 870 2088 candido
889 2048 985 2100 Regi
1004 2049 1117 2088 Petro
1143 2048 1298 2088 Crudeli
1325 2049 1516 2089 referebat
1533 2050 1734 2090 Guterrius
1750 2050 1780 2090 F
1782 2063 1840 2090 er-

48 2106 246 2149 nandefius
261 2107 470 2147 Toletanus
490 2138 501 2156 ,
535 2106 624 2159 quid
651 2107 729 2159 ipse
755 2109 803 2148 de
829 2108 999 2159 ejusdem
1015 2108 1290 2160 gubernatione
1306 2109 1487 2161 sentiret.
1516 2111 1844 2162 hortabaturque,

10 2214 14 2219 Δ
45 2179 88 2208 ut
111 2169 273 2220 rigorem
296 2167 402 2207 suum
428 2169 586 2207 nimium
614 2167 876 2208 moderaretur
897 2180 911 2215 ς
940 2180 1053 2219 quam
1080 2170 1334 2209 monitionem
1362 2171 1526 2221 proemio
1549 2172 1661 2210 etiam
1686 2170 1843 2222 dignam.

46 2241 120 2280 pro
145 2237 251 2269 tanto
271 2226 412 2267 delicto
438 2227 524 2267 Rex
556 2228 714 2276 habuit,
743 2239 785 2268 ut
810 2229 862 2267 ob
893 2229 1107 2267 libertatem
1146 2227 1251 2267 istam
1282 2230 1407 2280 capite
1423 2227 1528 2269 illum
1553 2229 1842 2281 pleffijufferit.

46 2287 145 2328 Eum
171 2299 213 2328 ut
224 2288 392 2340 judicem
410 2297 564 2328 veretur
589 2287 768 2340 Princeps
784 2319 796 2338 ‚
827 2289 891 2340 qui
912 2285 1081 2328 affiones
1103 2288 1182 2339 ejus
1196 2288 1472 2337 observat‚nec
1490 2291 1605 2340 aequis
1615 2291 1750 2328 intueri
1766 2302 1843 2341 po-

11 2340 13 2342 *
47 2346 118 2387 test
132 2351 252 2389 oculis
272 2380 284 2397 ‚
314 2349 375 2387 cui
395 2348 466 2389 illae
487 2348 656 2400 probatae
675 2361 755 2389 non
784 2349 866 2389 sunt
887 2362 895 2386 :
926 2348 1025 2388 Nam
1037 2345 1182 2399 fitadere
1205 2348 1365 2400 Principi
1382 2379 1394 2398 ‚
1425 2348 1515 2402 quod
1531 2357 1682 2400 oporteat
1699 2380 1710 2398 ‚
1741 2350 1837 2388 multi

47 2407 416 2461 lahori52&periculi;
446 2407 516 2462 (h)
545 2406 642 2448 Non
667 2408 759 2449 illud
780 2440 792 2459 ‚
823 2407 930 2460 quod
960 2409 1038 2461 ipse
1068 2408 1168 2448 ultro
1188 2410 1348 2461 appetit.
1410 2409 1508 2461 Quae
1537 2408 1644 2448 causa
1663 2407 1739 2457 est,
1768 2420 1838 2448 cur

49 2466 214 2507 timidior
249 2468 294 2508 fit
319 2469 458 2508 veritas
482 2498 494 2518 ‚
524 2467 561 2507 &
579 2467 743 2509 adulatio
762 2469 982 2509 audaciores
1003 2468 1121 2508 sumat
1133 2470 1294 2508 animos.
1353 2468 1391 2507 Si
1405 2470 1488 2525 quis
1511 2479 1639 2508 tamen
1655 2468 1838 2520 Princeps

48 2536 124 2565 tam
149 2526 235 2567 fore
255 2528 456 2580 generosus
473 2559 485 2578 ‚
515 2538 557 2566 ut
577 2529 660 2580 capi
684 2528 930 2570 affentatione
954 2528 1178 2569 indecorum
1211 2528 1369 2568 duceret
1386 2558 1398 2575 ‚
1431 2528 1467 2567 δε
1492 2537 1757 2579 contemptum
1781 2540 1837 2567 ar-

47 2587 247 2626 bitraretur
265 2618 276 2634 ‚
307 2587 334 2626 fi
367 2586 464 2628 fictis
490 2587 536 2626 ad
566 2587 728 2638 speciem
757 2588 930 2628 laudibus
963 2598 1266 2631 eumconentur
1293 2587 1473 2639 decipere
1503 2589 1562 2626 alii
1583 2616 1597 2636 »,
1626 2587 1839 2638 malintque

48 2657 137 2685 cum
180 2645 258 2698 ejus
302 2645 456 2687 fortuna
477 2678 490 2696 ,
530 2646 641 2698 quam
678 2646 835 2701 persona
862 2649 969 2700 loqui
996 2658 1009 2692 t
1069 2648 1182 2688 facile
1218 2647 1310 2687 illud
1353 2647 1591 2686 adulatorum
1622 2659 1744 2698 genus
1782 2659 1839 2685 ar-

46 2705 152 2745 cebit
173 2736 185 2754 ‚
217 2706 396 2745 armando
420 2708 496 2748 sese
513 2717 646 2747 contra
670 2710 754 2749 illos
774 2709 1000 2750 severitatet
1031 2720 1148 2747 nemo
1171 2708 1272 2747 enim
1289 2708 1374 2746 talia
1396 2705 1550 2746 audebit
1567 2708 1604 2746 in
1622 2707 1839 2758 Principem

43 2773 201 2817 gravem
218 2778 261 2804 ac
281 2764 412 2805 serium
429 2797 441 2815 ‚
471 2768 536 2818 qui
556 2778 680 2808 rerum
700 2771 902 2809 veritatem
924 2768 1168 2820 intelligentia
1191 2765 1505 2819 comprehendit,
1534 2766 1573 2806 &
1589 2767 1758 2806 honores
1771 2778 1838 2807 va-

46 2836 118 2864 nos
141 2835 387 2865 contemnere
406 2825 548 2866 didicit.
607 2824 780 2868 Tiberius
802 2826 938 2868 eadem
955 2827 1084 2867 vultus
1107 2825 1594 2867 constantia&libertatem
1612 2826 1754 2866 Pisonis
1777 2838 1842 2866 ac·

47 2886 177 2936 cepit,
206 2885 243 2925 &
260 2885 359 2924 Galli
388 2884 474 2938 (i)
489 2885 754 2929 adulationem.
814 2888 866 2928 Et
883 2887 1031 2928 tametsi
1051 2887 1307 2936 dissimularet‚
1335 2886 1497 2927 intellexit
1518 2896 1645 2927 tamen
1667 2885 1734 2926 ista
1752 2898 1838 2926 ver»

983 2946 1079 2986 Ccc
1695 2948 1835 2986 borum

141 3062 199 3105 (a)
218 3060 327 3095 Prov.
349 3069 410 3103 25.
435 3072 468 3095 2.
523 3059 583 3106 (b)
603 3058 717 3095 Tacit.
735 3057 796 3095 lib.
821 3073 859 3108 4.
875 3059 1003 3095 Annal.
1062 3059 1118 3105 (c)
1139 3059 1238 3095 Idem
1254 3058 1277 3094 l.
1299 3070 1356 3104 15.
1378 3057 1506 3095 Annal.
1559 3061 1618 3106 (d)
1644 3058 1758 3094 Tacit.
1770 3058 1834 3107 l.4.

53 3109 177 3147 Annal.
231 3112 294 3157 (e)
318 3112 407 3147 Mar.
426 3109 504 3147 hist.
524 3109 623 3160 Hisp.
645 3110 706 3148 lib.
729 3123 784 3158 17.
805 3124 836 3148 c.
856 3124 892 3158 7.
945 3109 1010 3159 (f)
1024 3110 1160 3147 Ibidem
1190 3111 1276 3147 Tac.
1291 3109 1381 3157 l.15.
1400 3110 1498 3146 idem
1510 3122 1588 3158 c.4.
1644 3113 1704 3158 (g)
1718 3110 1834 3148 Tacit.

52 3158 112 3197 lib·
145 3173 176 3199 1.
228 3163 359 3200 Histor.
414 3164 475 3208 (h)
498 3164 617 3199 Etiam
640 3176 698 3215 ego
717 3190 725 3204 ,
746 3173 841 3199 actu
856 3161 1097 3216 stmplictffi'me
1124 3163 1220 3199 inter
1240 3175 1299 3199 nos
1319 3161 1418 3201 hodie
1434 3161 1604 3214 loquimur
1615 3177 1630 3206 ;
1658 3164 1769 3199 caeteri
1791 3162 1834 3199 li-

52 3210 186 3248 bentius
206 3228 281 3251 cum
294 3213 452 3265 fortuna
465 3213 579 3267 nestra
593 3242 601 3255 ,
635 3229 740 3268 quam
756 3211 830 3253 nobi
842 3229 929 3253 cum.
982 3215 1130 3253 Tacit.l.
1149 3227 1182 3253 «ι,
1198 3214 1287 3254 Hist.
1342 3216 1397 3262 (i)
1422 3212 1672 3253 ‚Audientehac
1691 3214 1834 3258 Tiberio,

17 3266 19 3269 ⁴
55 3275 95 3301 ac
114 3261 240 3308 silente.
256 3267 354 3304 Idem
375 3269 400 3304 1.
419 3282 454 3305 2.
474 3268 603 3305 Annal.
