2132 3730
227 277 313 325 332
664 258 1013 304 DIDACI
1063 253 1600 299 SAAVEDRAE.

225 357 265 397 di
303 357 489 396 libertate.
547 347 592 386 In
622 346 692 385 iilis
713 374 726 393 ,
755 345 909 396 inquam
924 373 935 391 ‚
967 340 1042 393 (a)
1073 338 1292 391 sapientibus
1311 341 1435 393 quietis
1461 338 1512 383 &⁵
1535 336 1740 388 Respublicae
1765 349 1851 378 cura
1876 350 1887 376 ,-
1915 335 2033 392 levjffi.

222 429 299 458 mus
320 416 460 469 qulsqtae
484 403 668 457 &futuri
683 402 895 456 improvidus
915 433 926 451 ,
948 397 1007 452 (spe
1035 411 1134 440 vana
1153 406 1283 439 tumens
1311 397 1366 438 est
1391 428 1403 446 ‚
1433 396 1600 448 cumque
1627 398 1665 437 in
1696 396 2035 439 deliberationibus

223 479 471 517 numerentur
490 466 643 521 potius,
663 463 777 516 quam
795 461 1057 515 ponderentur
1078 468 1172 497 vota
1187 487 1200 507 ‚
1230 458 1268 497 &
1285 459 1323 497 in
1345 457 1684 498 communitatibus
1706 459 1883 498 omnibus
1903 459 2036 512 plures
2103 490 2104 493 ,

225 528 466 585 inexperti&
493 526 685 567 temerarii
707 523 943 575 reperiantur
964 551 976 568 .,
1008 516 1121 570 quam
1148 517 1296 557 cordati
1317 547 1330 566 ,
1360 521 1490 569 gravia
1510 518 1599 558 inde
1616 517 1713 558 nasci
1738 519 1858 559 solent
1889 520 2039 559 incom-
2102 517 2104 519 ’

225 593 353 636 moda.
415 587 640 629 Etiamnum
658 583 777 624 hodie
803 594 892 621 cum
916 581 1084 620 maximo
1112 577 1377 628 tranquilitatis
1404 579 1568 629 publicae
1582 579 1966 628 bono&,communi
1997 593 2040 620 o·
2101 570 2104 610 ἶ

224 654 370 695 mnium
396 645 578 702 applausu
599 644 792 685 observari
807 638 1019 681 videmusa
1038 637 1279 678 laudatiffima
1299 638 1361 676 illa
1378 637 1594 689 Republica
1620 640 1742 680 bonas
1769 643 1915 693 regulas
1942 642 2041 693 poli-
2102 671 2104 677 ,

224 715 318 753 ticas
338 742 350 760 ‚
379 717 521 762 utpote
537 711 623 759 qtrae
642 705 728 758 paci
751 701 949 742 universali
977 696 1119 739 studuit
1143 697 1292 749 semper
1309 728 1320 746 ,
1351 697 1388 736 δε
1421 696 1659 737 constantem
1691 712 1778 740 cum
1802 702 2040 754 Principibus
2102 707 2104 711 ·

223 771 393 813 finitimis
429 768 550 808 coluit
594 765 798 805 amicitiam
829 791 842 811 ‚
883 771 1010 810 neque
1039 770 1208 809 unquam
1244 758 1374 796 locum
1407 756 1497 798 dare
1532 759 1657 798 voluit
1685 763 1875 801 continuis
1926 760 2041 801 Fran·
2102 748 2104 776 ³

222 834 292 872 ciae
345 826 675 870 sollicitationibus
706 854 718 872 ‚
778 830 844 860 aut
873 819 982 860 bellis
1022 817 1271 869 praesentibus
1323 816 1399 856 sese
1448 817 1670 857 immiscere.
1788 821 1919 874 Quare
1958 833 2041 861 non

224 889 346 933 solnm
388 886 623 929 Austriacam
644 885 711 923 sibi
747 881 923 921 Domum
950 877 1046 919 mire
1084 877 1296 926 devinxit,
1336 875 1401 916 sed
1433 876 1670 930 semetipsam
1711 880 1825 919 etiam
1865 892 2039 920 commu-

226 954 266 994 ni
283 950 422 992 Martis
460 946 582 987 furori
616 943 827 996 prudenter
854 938 1059 986 subduxit,
1090 937 1189 977 adeo
1218 946 1262 976 ut
1288 939 1373 990 plus
1409 948 1453 976 ea
1476 938 1624 977 ratione
1647 938 1885 990 profecerit,
1928 938 2042 991 quam
2104 929 2106 951 ‘

226 1014 269 1052 vi
297 1011 333 1050 &
362 1009 471 1048 armis
494 1006 669 1046 obtinere
688 999 882 1054 potuiffet.
940 997 1129 1038 Vicinitas
1151 996 1303 1050 majoris
1321 998 1507 1049 potentiae
1535 1010 1616 1037 non
1643 999 1789 1052 semper
1808 998 1949 1039 damno
1968 997 2043 1039 effe
2104 997 2106 1025 ἴ

227 1072 323 1112 solet
340 1100 352 1119 ,
384 1078 448 1107 aut
471 1065 594 1106 fraudi
614 1079 623 1104 z
653 1061 846 1102 interdum
868 1060 979 1100 maris
998 1056 1109 1098 instar
1129 1056 1183 1097 est
1199 1087 1211 1107 ‚
1243 1060 1351 1108 quod
1371 1058 1543 1097 aliorsum
1565 1057 1737 1107 recedit,
1768 1058 1804 1098 &
1821 1053 2042 1100 Provincia's

230 1133 393 1182 integras
419 1124 612 1167 subduffis
631 1122 740 1162 undis
766 1119 909 1160 Vicino
928 1119 1150 1158 transcribit.
1215 1117 1409 1169 Principes
1422 1129 1502 1157 non
1520 1119 1634 1170 pauci
1652 1119 1935 1170 &Respublicae
1950 1130 2043 1157 con,
2105 1122 2107 1134 ;

228 1191 484 1231 servationem
517 1186 619 1225 suam
641 1183 678 1222 δι
703 1179 993 1233 amplitudinem
1015 1179 1105 1217 huic
1126 1176 1271 1217 debent
1302 1176 1557 1218 Monarchiae.
1633 1178 1856 1219 Periculosae
1887 1180 2044 1230 plenum

229 1263 330 1304 opus
358 1247 412 1288 est
443 1247 534 1287 aleae
552 1276 565 1295 ,
594 1244 694 1283 bella
718 1241 865 1292 semper
884 1239 1096 1291 potentiori
1122 1238 1361 1287 machinari,
1394 1237 1430 1277 ἅτ
1449 1238 1527 1277 hoc
1554 1238 1673 1278 solum
1700 1250 1810 1291 agere
1829 1268 1840 1288 ,
1872 1247 1913 1277 ut
1942 1238 2044 1278 Prin-

229 1313 378 1362 cipatus
419 1308 587 1347 minores
613 1310 748 1343 contra
777 1302 883 1340 illum
907 1309 1103 1350 nunquam
1134 1310 1215 1337 non
1239 1300 1276 1337 in
1313 1299 1425 1338 armis
1464 1298 1536 1337 sint
1555 1329 1567 1347 ,
1606 1307 1648 1337 ut
1681 1300 1767 1338 alibi
1800 1296 2044 1338 ostendimus,

228 1368 370 1422 Longe
386 1367 627 1421 potentiores
660 1363 744 1402 sunt
766 1358 1008 1412 Respublica:
1037 1357 1057 1396 a
1074 1357 1177 1396 bona
1191 1370 1278 1396 cum
1301 1357 1540 1409 Principibus
1560 1359 1735 1408 amicitia,
1753 1357 1866 1410 quam
1878 1357 1923 1397 ab
1936 1357 2046 1396 armis

232 1432 271 1470 &
295 1430 481 1470 exercitu.
538 1424 718 1464 Foeminae
737 1420 821 1460 sunt
839 1417 1000 1465 astutae3
1032 1429 1116 1467 quae
1137 1416 1240 1455 facili
1263 1418 1423 1469 negotio
1453 1418 1600 1456 animos
1630 1417 1781 1457 illorum
1810 1417 1848 1456 δε
1868 1419 2044 1457 volunta·
2100 1448 2103 1450 ,

232 1501 291 1530 tes
313 1490 382 1529 sibi
406 1483 624 1531 conciliant,
640 1482 677 1521 δε
698 1480 779 1519 suas
790 1477 1037 1518 moderantur
1059 1474 1241 1522 ac‘tiones,
1255 1475 1303 1515 ad
1318 1474 1415 1516 fines
1436 1476 1522 1516 suos
1539 1477 1785 1528 particulares
1803 1487 1866 1515 eas
1884 1476 2043 1528 dirigen-

233 1549 374 1604 gendo.
436 1547 525 1586 Plus
566 1544 791 1595 plerumque
811 1549 898 1577 cum
918 1538 961 1576 iis
977 1535 1086 1574 velut
1108 1547 1195 1574 cum
1214 1536 1306 1574 sexu
1325 1536 1501 1574 muliebri
1529 1565 1538 1582 ,
1569 1535 1682 1586 quarn
1698 1546 1785 1574 cum
1810 1535 2047 1586 Principibus

233 1611 311 1650 aliis
325 1607 557 1648 connivetur
578 1630 590 1650 ‚
617 1610 710 1640 nota
728 1597 932 1650 praesertim
965 1593 1211 1646 Magistratus
1233 1602 1370 1633 natura
1389 1623 1401 1643 ‚
1431 1595 1469 1633 in
1499 1605 1578 1645 quo
1607 1595 1722 1646 probi
1757 1595 1902 1646 absque
1935 1596 2046 1645 culpa

233 1670 329 1709 sunt.
374 1664 442 1706 Ne
460 1664 570 1716 igitur
589 1659 731 1700 turbari
752 1656 789 1696 se
816 1655 938 1696 sinant
958 1684 971 1703 ,
1003 1653 1032 1694 fi
1055 1653 1250 1705 Principes
1267 1652 1461 1693 interdum
1476 1654 1648 1693 iratiores
1668 1653 1846 1694 videant:
1876 1666 1960 1694 narn
1973 1653 2045 1708 (h)

231 1729 419 1769 anmntimn
444 1727 502 1764 ira
518 1722 644 1761 attioris
676 1717 920 1768 redintegratio
944 1712 1003 1771 est.
1061 1713 1240 1753 Suasmet
1267 1712 1399 1764 potius
1427 1714 1580 1754 umbras
1599 1713 1636 1753 &
1654 1713 1880 1766 suspiciones
1908 1718 2049 1766 impro-

235 1791 329 1829 bent
348 1817 358 1836 ‚
391 1785 528 1837 quibus
549 1782 760 1820 amicorum
782 1775 899 1816 fidem
926 1772 1161 1826 quandoque
1175 1775 1213 1814 in
1235 1773 1395 1814 dubium
1417 1783 1563 1814 vocant
1580 1805 1593 1824 ,
1624 1772 1731 1827 quod
1761 1775 1897 1813 vitium
1923 1776 2046 1814 multi.

235 1849 376 1889 tudinis
401 1843 456 1884 est
475 1874 488 1893 ‚
519 1853 578 1882 res
603 1839 701 1892 ipsas
719 1849 800 1877 non
828 1836 990 1882 ratione,
1006 1833 1069 1874 sed
1087 1834 1299 1886 suspicione
1325 1835 1553 1886 plerumque
1568 1836 1667 1874 inani
1685 1835 1890 1875 metientis,

390 1905 425 1957 §.
448 1906 577 1955 Atque
597 1909 697 1939 artes
726 1896 802 1936 istae
818 1893 1024 1936 seminandi
1049 1894 1254 1935 discordias
1270 1924 1284 1946 ,
1315 1894 1352 1934 δε
1381 1906 1499 1934 unum
1518 1896 1556 1934 in
1572 1894 1723 1935 alterius
1741 1895 1897 1934 exitium
1920 1894 2047 1933 concl-

240 1967 346 2008 tandi
370 1996 383 2015 ‚
412 1965 634 2015 frequentes
660 1961 699 1998 in
730 1957 822 1996 aulis
844 1955 927 1995 sunt
946 1953 985 1994 &
1004 1954 1154 1994 Palatiis
1174 1986 1187 2004 ‚
1219 1954 1257 1994 &
1285 1953 1368 1994 fere
1388 1966 1438 1993 ex
1468 1956 1678 1994 ambitione
1709 1954 1808 1993 nasci
1837 1954 2051 1993 consueve..

242 2038 328 2068 runt
346 2039 358 2073 3
390 2024 478 2064 cum
497 2022 598 2061 enim
623 2018 699 2070 jam
719 2015 914 2056 distributa
939 2013 1011 2053 fint
1031 2016 1188 2065 proemia
1203 2044 1214 2062 ,
1245 2013 1283 2053 &
1306 2013 1440 2052 formae
1464 2026 1579 2053 novae
1595 2015 1739 2065 absque
1759 2015 1911 2052 aliarum
1923 2013 2051 2052 interi-

242 2099 284 2128 tu
307 2083 497 2126 introduci
523 2086 716 2131 nequeant
735 2106 747 2125 ‚
775 2087 846 2128 per
865 2074 1090 2113 calumniam
1109 2084 1172 2112 aut
1195 2075 1274 2113 vim
1298 2073 1348 2112 eo
1377 2073 1634 2113 contenditur.
1692 2072 1886 2112 Interdum
1906 2084 1984 2112 non
1996 2073 2050 2111 ni-

244 2150 272 2189 s1
298 2145 486 2186 aemulatio
515 2141 568 2181 est
586 2170 599 2189 ‚
630 2135 703 2189 qua
720 2133 897 2175 Minister
918 2146 1015 2172 unus
1039 2134 1188 2172 invidet
1211 2135 1316 2172 alteri
1346 2134 1580 2172 excellentes
1605 2133 1718 2172 animi
1739 2132 1850 2171 dotes
1873 2162 1885 2181 ,
1915 2133 2052 2184 quibus

243 2205 368 2261 pollet
381 2235 393 2254 ,
425 2203 593 2252 ideoque
610 2199 688 2238 hoc
702 2197 777 2248 agit
797 2195 1027 2246 potiffifflUm
1044 2224 1056 2242 ‚
1085 2202 1129 2232 ut
1148 2204 1211 2232 ant
1230 2194 1356 2232 officio
1372 2203 1557 2240 arceatur,
1577 2192 1645 2230 ubi
1662 2193 1732 2231 illae
1751 2192 1866 2244 magis
1886 2193 2052 2239 elucent,

244 2276 367 2308 autut
398 2272 630 2314 conceptam
657 2257 704 2296 de
732 2257 775 2295 iis
801 2255 1027 2307 opinionem
1051 2253 1248 2305 deponant
1279 2255 1350 2293 alii.
1442 2253 1573 2306 Quem
1606 2253 1645 2292 in
1671 2250 1787 2292 finem
1818 2250 1908 2293 falsa
1938 2253 2052 2292 etiam
2088 2247 2094 2252 ’

245 2326 418 2369 nonnulli
447 2324 525 2363 aliis
549 2322 754 2372 imponunt
779 2316 933 2355 crimina
949 2343 961 2364 ‚
991 2313 1029 2353 &
1054 2313 1082 2353 fi
1099 2314 1239 2353 veritas
1269 2313 1459 2353 obscurari
1481 2323 1562 2351 non
1586 2310 1715 2364 potest
1730 2341 1743 2363 ,
1772 2320 1931 2352 utuntur
1956 2309 2050 2352 fleto

245 2390 339 2436 risu,
367 2385 464 2438 jocis
482 2383 637 2432 aliisque
656 2376 787 2418 verbis
819 2373 945 2414 minus
973 2371 1197 2413 honorificis
1217 2403 1229 2421 ‚
1261 2374 1328 2412 sub
1352 2368 1515 2425 quadam
1549 2371 1720 2411 amicitiae
1743 2371 1868 2424 specie
1887 2401 1901 2422 ,
1929 2379 1971 2411 ut
1987 2371 2053 2423 qui

244 2449 321 2501 jam
347 2447 386 2485 in
413 2444 527 2484 rebus
546 2438 756 2480 levioribus
777 2433 1043 2474 minoritatem
1062 2431 1229 2485 perdidit
1247 2465 1258 2483 ,
1288 2430 1423 2473 eadem
1445 2430 1579 2486 postea
1608 2432 1720 2472 etiam
1743 2432 1782 2472 in
1812 2431 2049 2485 gravioribus

249 2506 484 2548 destituatur.
543 2493 924 2547 ArtificiaeJ'usmodi
949 2493 1153 2542 malitiosa,
1171 2495 1373 2545 minusque
1393 2491 1617 2546 finceraipfi
1628 2502 1785 2545 quoque
1806 2490 1950 2532 autitori
1965 2502 2051 2544 per-

247 2566 388 2609 niciosa
417 2565 528 2611 sunt,
552 2555 878 2613 quemadmodum
903 2556 941 2593 in
970 2553 1145 2606 Hispone
1161 2556 1319 2607 ejusque
1335 2554 1558 2605 sequacibus
1574 2552 1783 2604 prudenter
1801 2549 1868 2608 (c)
1885 2550 2051 2592 advertit

249 2628 420 2668 Tacitus.
479 2622 530 2662 Et
563 2617 712 2660 tametsi
728 2615 910 2656 Lucinius
934 2613 1119 2654 Proculus
1145 2610 1248 2654 alios
1264 2614 1341 2667 (A)
1368 2612 1574 2654 criminando
1593 2644 1605 2661 ,
1634 2608 2052 2666 qztodfacillitnumfaffia

250 2688 297 2744 ‘st
323 2717 336 2736 ν
357 2695 503 2738 ΡΜὌΜ
519 2681 570 2727 &⁶³
590 2676 731 2719 callidi&
748 2677 765 2726 ὀ
795 2675 892 2715 [701103
909 2673 961 2719 &²
979 2673 1136 2729 modestos
1149 2674 1302 2714 anteibat
1322 2687 1333 2713 :
1362 2672 1459 2713 istud
1477 2683 1605 2713 tamen
1631 2682 1712 2713 tum
1735 2671 1829 2712 solet
1855 2671 2051 2720 accidere,

255 2747 345 2787 cum
364 2745 535 2798 probitas
560 2741 597 2781 δε
612 2735 797 2779 modestia
818 2737 915 2775 intra
943 2736 1033 2774 vitae
1046 2736 1204 2786 privatae
1226 2735 1363 2773 limites
1387 2733 1462 2773 sese
1476 2735 1674 2774 continent
1693 2763 1706 2782 ‚
1738 2733 1775 2773 &
1794 2733 1963 2773 honores
1985 2743 2056 2783 pu.

252 2808 377 2848 blicos
394 2816 437 2843 ac
459 2803 614 2855 gratiam
643 2798 860 2848 Principum
881 2795 1143 2847 aspernantur3
1173 2802 1216 2834 ut
1231 2792 1360 2833 facere
1379 2793 1501 2834 solent
1515 2795 1541 2834 ii
1556 2823 1569 2842 ‚
1600 2795 1663 2845 qui
1696 2793 1848 2833 suismet
1868 2790 1972 2833 diffifi
1996 2792 2051 2830 vi—

254 2868 357 2908 ribus
378 2864 501 2903 minus
522 2861 684 2901 idoneos
708 2857 783 2896 sese
807 2864 986 2908 reputant
1008 2854 1056 2893 ad
1082 2855 1235 2908 negotia
1263 2854 1416 2906 publica
1433 2856 1579 2907 aliaque
1592 2853 1742 2905 majoris
1770 2853 1954 2893 momenti
1969 2862 2055 2903 per-

256 2923 462 2968 trauaida.
524 2921 628 2960 Viris
655 2918 791 2958 talibus
815 2916 955 2956 malitia
975 2914 1090 2955 solers
1110 2945 1123 2965 ,
1153 2914 1190 2954 &
1215 2913 1262 2953 ad
1295 2914 1542 2966 occupandos
1563 2915 1707 2953 animos
1724 2915 1893 2960 intenta,
1926 2910 2055 2951 debita

257 2989 444 3027 virtutum
467 2982 623 3033 proemia
646 2976 758 3018 facile
784 2976 951 3027 praeripit
975 2985 989 3023 ;
1018 2974 1219 3026 quomodo
1238 2972 1445 3026 Tigellinus
1460 2973 1657 3014 fa&itabat
1672 3004 1685 3023 ,
1714 2968 1779 3027 (e)
1793 2969 2054 3022 Prcqfefflsram

258 3047 400 3099 vigilum
429 3075 440 3092 2
471 3040 521 3086 &⁹
539 3040 701 3092 Ρνίῗΐθνῖἱ
721 3069 732 3086 ,
762 3035 812 3081 69
829 3036 899 3076 alia
918 3037 1067 3090 proemia
1082 3037 1256 3075 virtutmn
1278 3034 1424 3075 velocius
1445 3036 1546 3075 vitiis
1576 3033 1729 3085 adeptus.
1790 3030 1937 3071 Verum
1962 3031 2055 3071 tales

259 3119 357 3147 artes
382 3099 516 3143 eadem
538 3130 550 3150 ,
583 3096 657 3150 qua
675 3098 874 3136 nascuntur
897 3127 910 3146 ,
940 3097 1133 3135 celeritate
1154 3094 1297 3134 rursum
1322 3096 1515 3135 intereunt
1539 3107 1552 3143 ς
1582 3104 1626 3133 ut
1653 3095 1692 3133 in
1713 3089 1852 3132 eodem
1871 3090 2050 3145 Tigillino

1949 3150 2057 3190 vide—

368 3278 422 3319 (α)
442 3276 526 3309 Tac.
546 3273 566 3308 l.
591 3284 621 3306 1.
646 3270 733 3306 Hist.
788 3271 847 3313 (b)
873 3266 1076 3305 Terentius.
1127 3266 1189 3308 (c)
1215 3265 1404 3301 perniciem
1417 3264 1518 3305 aliis,
1532 3258 1862 3315 acpcssremumstbi
1877 3263 2053 3301 invenere.

267 3327 386 3362 Tac.l.
410 3338 439 3361 1.
458 3329 553 3361 Ann.
610 3325 675 3371 (d)
700 3323 866 3359 Tac.l.1.
887 3320 978 3357 Hist.
1031 3320 1100 3370 (e)
1130 3320 1230 3355 Idem
1251 3317 1315 3355 lib.
1339 3316 1478 3359 1.Hist.
