2132 3730
264 211 346 248 270
699 193 1048 236 DJDACI
1097 192 1630 237 SAAVEDRAE,

260 295 463 322 venerunt.
525 277 596 332 (a)
627 277 719 316 Illud
733 278 864 315 clarum
886 275 1110 330 testatumque
1125 277 1280 329 exemplis
1299 276 1367 332 eft,
1399 276 1491 331 quod
1513 279 1656 317 homines
1668 275 1873 328 felicitatem
1896 277 2067 331 aſjeqaan-
2114 283 2117 317 ἶ

261 350 322 382 tur
341 343 541 394 benignitate
560 339 595 376 in
622 336 704 374 alios
722 366 734 384 ,
765 334 817 379 ὃ)
838 334 924 375 bona
941 334 981 375 de
985 331 1025 386 se
1049 336 1204 387 opinione.
1266 335 1370 376 Iidem
1401 348 1474 375 cnm
1500 336 1615 388 adepti
1629 367 1642 385 ,
1671 349 1748 390 quce
1774 338 1982 385 voluerant,
2010 336 2063 376 ad
2114 326 2116 374 s

260 403 409 452 injurias
437 396 734 448 &impotentiam
758 396 793 434 in
815 396 963 446 inperiis
993 393 1217 444 dilabuntur,
1237 393 1289 448 fit
1313 396 1514 450 meritffmo
1527 427 1538 444 ‚
1570 404 1611 436 ut
1637 408 1708 435 una
1729 409 1803 436 cum
1829 398 2068 449 imperantium

260 462 442 502 mutatione
463 454 525 508 ipfi
534 449 713 506 fithditiss
743 452 796 498 &³
816 451 964 507 affatius
988 461 1129 494 mutent.
1189 453 1286 494 Haec
1312 455 1421 496 causa
1447 454 1540 504 fuit,
1573 466 1641 495 cur
1674 453 1988 509 Carthaginenses
2017 467 2068 495 ex
2113 491 2116 496 .

260 518 439 571 Hispania
466 512 579 566 ejecti
601 511 765 561 fuerint,
795 514 884 565 quia
900 515 1076 553 nimirum
1096 524 1177 553 non
1204 513 1472 562 adverterant,
1502 515 1645 554 artibus
1665 513 1822 564 iisdem,
1852 517 1991 567 quibus
2005 526 2068 554 ac-
2114 504 2115 509 ¹

259 581 457 632 quiruntur
478 575 628 623 Status,
656 583 726 613 eos
744 574 860 613 etiam
878 575 1094 613 conservari
1113 582 1297 625 oportere
1311 581 1328 614 τ
1359 584 1435 624 qua
1463 572 1513 612 de
1536 585 1578 613 re
1603 576 1721 626 magis
1745 574 1879 615 soliciti
1902 574 1977 616 effe
2011 572 2068 612 so-

257 641 337 678 lent
360 638 406 686 ii,
438 636 503 687 qui
521 634 634 687 primi
659 632 851 685 ejusmodi
865 632 1087 674 Provincias
1110 634 1220 673 armis
1246 633 1497 683 subegerunt,
1529 644 1642 685 quam
1668 634 1881 675 eorundem
1911 634 2068 674 Succes-

256 699 370 738 sores.
431 695 488 736 Illi
511 695 613 734 enIm
644 704 761 733 omne
790 694 905 734 animi
935 694 972 733 &
996 695 1135 744 ingenii
1161 693 1212 732 sui
1243 693 1361 732 robur
1382 691 1430 731 ad
1460 703 1523 731 eas
1553 693 1801 744 acquirendas
1825 695 2068 746 tuendasque

255 756 525 802 contulerunt3
555 762 688 794 contra
712 765 806 792 vero
825 756 901 795 hos
926 753 1002 805 ipsa
1024 753 1199 792 succeffio
1221 753 1456 806 negligentes
1481 764 1525 791 ea
1541 753 1579 791 in
1607 763 1649 792 re
1673 751 1711 791 &
1739 754 1862 792 minus
1886 754 2068 793 sollicitos

253 817 380 857 efficit.
443 814 514 869 (h)
545 813 662 853 Unde
678 812 720 852 fit
733 822 775 852 ut
796 815 857 866 qui
873 819 1079 864 occcmarunt
1104 813 1273 865 himerio,
1303 824 1418 852 eorum
1435 811 1594 865 plerique
1610 811 1723 851 eadem
1752 815 1958 853 retinuerint
1965 828 1977 861 ,-
2005 813 2068 866 qm'

255 890 340 917 vero
361 875 498 916 tradita
521 873 566 913 ab
580 873 659 913 aliis
680 871 855 926 aecesscfre,
884 869 1139 927 histatimfere
1163 885 1272 912 omnes
1293 867 1474 921 amiserint.
1531 870 1615 925 (c)
1648 870 1810 922 Spiritus
1840 872 1955 912 sancti
1983 883 2068 911 ora-

255 939 384 977 culum
402 934 478 982 est,
507 934 632 985 Regna
653 932 693 971 de
711 939 810 983 gente
835 932 871 971 in
890 938 1022 984 gentem
1041 930 1236 973 transferri
1242 938 1390 984 propter
1413 929 1621 986 im'istitias,
1651 928 1704 977 ὃ)
1724 932 1894 986 injurias,
1919 931 1970 977 &⁹
1988 945 2068 972 con-

255 997 428 1044 tumelias,
458 993 508 1038 ἐξ)
523 987 673 1042 diversos
690 990 789 1032 dolos.

426 1051 633 1092 Concludo
655 1050 878 1103 praesentem
899 1050 1094 1089 materiam
1116 1049 1268 1089 duobus
1289 1048 1554 1092 documentis:
1570 1050 1736 1102 primum
1751 1048 1827 1098 est,
1858 1048 1933 1103 (d)
1957 1047 2067 1101 quod
2112 1050 2113 1053 ’

251 1111 495 1166 confhrvantur
526 1111 739 1163 Respublica?
765 1122 829 1150 non
846 1106 969 1161 fhlnm,
998 1111 1081 1162 quia
1097 1110 1222 1160 procul
1246 1106 1322 1156 fimt
1350 1109 1479 1158 abiis,
1506 1122 1584 1162 quce
1612 1111 1787 1150 interitum
1805 1107 1983 1162 afferunt,
2001 1105 2071 1158 fid
2112 1120 2114 1123 ·

250 1176 352 1214 etiam
375 1176 458 1226 quia
474 1181 581 1225 prope
593 1167 691 1222 fimt,
750 1170 850 1210 Nam
871 1173 972 1209 timor
999 1167 1171 1219 intemiore
1192 1180 1278 1207 cura
1311 1168 1516 1220 Reipublicae
1542 1165 1700 1220 confidere
1717 1171 1811 1221 cogit.
1883 1170 2060 1208 Alterum

251 1233 325 1282 est,
357 1232 464 1285 quod
489 1231 526 1272 &
543 1233 580 1271 in
604 1230 686 1283 ipso
710 1229 912 1280 Principe,
940 1228 1035 1267 &in
1063 1239 1229 1280 corpore
1253 1227 1492 1281 Reipublicae
1525 1227 1612 1283 (e)
1636 1230 1777 1269 maxime
1807 1230 1948 1268 omnimn
1974 1225 2068 1280 quod

251 1296 407 1345 exignum
425 1291 472 1347 est
489 1292 610 1332 caveri
631 1289 762 1329 debeat.
820 1288 1079 1329 Detrimentum
1101 1289 1187 1328 enim
1201 1288 1346 1327 latenter
1368 1287 1518 1340 obrepit,
1546 1290 1630 1343 quia
1650 1301 1714 1328 non
1742 1295 1850 1328 totum
1866 1286 1970 1338 finntl
1989 1300 2064 1326 con-

251 1353 436 1401 trahitur3
469 1362 506 1391 at
521 1349 724 1404 postquam
740 1349 965 1396 invaluerit,
997 1346 1208 1386 remedium
1231 1359 1310 1386 non
1341 1346 1520 1391 admittit.
1579 1346 1769 1386 Minimus
1794 1348 1909 1386 etiam
1937 1348 2064 1385 verni-

252 1413 360 1452 culus
383 1410 488 1451 cedri
505 1408 709 1450 medullam
731 1408 926 1460 paullatim
947 1405 1103 1454 exedit,
1132 1405 1170 1445 &
1199 1417 1282 1445 eam
1307 1405 1473 1457 denique
1494 1406 1600 1446 humi
1629 1404 1771 1446 sternit.
1832 1405 1991 1445 Navem
2009 1406 2063 1445 se·
2111 1414 2113 1420 ’

252 1471 480 1513 cundiffimis
500 1469 696 1522 impulsam
714 1469 840 1507 ventis
868 1478 943 1506 una
965 1464 1055 1505 sistit
1073 1465 1294 1505 Echaeneis:
1327 1476 1472 1516 quanto
1494 1466 1681 1505 velocitas
1700 1467 1797 1505 illius
1815 1466 1935 1516 maJ‘or
1954 1465 2008 1504 est
2025 1465 2064 1504 &

252 1531 542 1578 vehementior,
573 1538 681 1567 tanto
701 1526 848 1567 facilius
872 1527 911 1565 in
927 1525 1106 1576 scopulos
1136 1525 1232 1563 allisa
1256 1522 1481 1568 dissolvitur.
1540 1523 1742 1563 Levisfima
1766 1523 1902 1563 damna
1919 1524 2063 1564 Roma-

250 1604 339 1632 nam
365 1589 635 1630 Monarchiam
657 1593 893 1626 everterunt.
955 1583 1044 1622 Plus
1062 1583 1253 1623 interdum
1277 1592 1380 1622 creat
1402 1584 1565 1635 periculi
1584 1584 1680 1622 levis
1704 1584 1829 1634 aliqua
1850 1584 2059 1625 humorum

250 1650 514 1701 intemperies,
545 1646 658 1698 quarn
678 1646 803 1698 gravis
835 1642 1054 1691 infirmitas,
1085 1644 1173 1695 quia
1192 1641 1253 1682 illa
1275 1641 1358 1682 fere
1394 1643 1615 1696 negligitur,
1644 1643 1735 1682 huic
1758 1654 1854 1682 vero
1887 1647 2062 1695 gnaviter

254 1707 654 1763 paraturremedium.
712 1704 780 1744 De
808 1702 908 1743 febri
931 1701 1097 1742 curanda
1119 1714 1213 1742 mox
1244 1703 1370 1743 sumus
1403 1702 1571 1750 solliciti3
1610 1712 1648 1741 at
1673 1702 1722 1742 de
1749 1702 1972 1743 defluxione
1996 1705 2061 1743 ali·
2108 1746 2109 1752 ¹

252 1771 377 1821 quain
407 1767 544 1823 pectus
573 1763 779 1806 decidente
799 1774 1006 1817 perparum
1026 1761 1274 1805 laboramus:
1304 1761 1408 1804 unde
1433 1771 1560 1804 tamen
1580 1763 1707 1803 morbi
1734 1764 1931 1817 graviores
1961 1764 2059 1804 nasci
2108 1787 2110 1814 g

255 1830 392 1875 solent.

695 1979 1368 2065 SYMBOLUM
1449 1996 1606 2063 LXI.

383 2139 783 2183 ECACHORDUM
806 2137 1131 2190 (instrumentum
1156 2134 1391 2188 Muficum>
1422 2134 1634 2186 perfectam
1662 2133 1804 2176 format
1821 2136 2056 2178 Aristocrati-
2127 2184 2130 2189 Ι

254 2139 379 2280 D
413 2216 472 2243 am
491 2200 729 2241 constantem
754 2212 803 2239 ex
822 2199 1079 2238 Monarchico
1096 2196 1258 2248 imperio
1284 2195 1321 2234 δε
1340 2194 1636 2234 Democratico.
1698 2195 1948 2248 intelligentia
1964 2211 2059 2250 prae-

413 2263 528 2311 fidet,
558 2263 746 2314 imperant
767 2261 897 2312 plures
915 2258 1041 2311 digiti,
1070 2266 1179 2309 paret
1198 2267 1293 2296 vero
1311 2266 1520 2295 nervorum
1547 2255 1777 2303 multitud03
1808 2257 1910 2307 quasi
1930 2270 2056 2311 popu-

253 2328 312 2366 lus
332 2323 507 2376 quidam,
537 2323 602 2374 qui
643 2320 884 2372 attemperati
923 2318 1009 2358 sunt
1049 2328 1184 2357 omnes
1228 2318 1325 2354 inter
1357 2314 1395 2353 se
1431 2314 1468 2353 &
1506 2313 1720 2354 concordes
1745 2317 1783 2355 in
1819 2317 2014 2357 harmonia
2044 2347 2058 2368 ,

253 2398 334 2425 non
362 2383 578 2435 particulari
628 2381 666 2421 δι
685 2382 855 2432 privata,
884 2376 951 2418 sed
976 2376 1174 2417 communi
1208 2374 1245 2414 &
1266 2374 1443 2426 publica,
1484 2376 1534 2414 ita
1566 2383 1608 2413 ut
1648 2374 1809 2425 majores
1856 2376 1877 2417 ὲ
1903 2377 2059 2417 minori.
2126 2374 2131 2387 ¹

252 2446 325 2485 bus
369 2443 526 2482 minime
574 2440 776 2481 dissonent.
861 2435 1124 2478 Decachordo
1170 2434 1295 2475 similis
1341 2432 1396 2473 est
1431 2435 1663 2487 Respublica
1701 2433 1848 2487 aliqua,
1897 2438 1937 2476 in
1982 2449 2058 2489 qua

252 2507 388 2557 longus
415 2513 541 2542 rerum
571 2500 656 2540 usus
687 2499 725 2540 δι
755 2498 993 2554 experientia
1019 2496 1112 2536 alios
1138 2493 1293 2547 praeess'e
1320 2494 1466 2543 voluit,
1501 2494 1659 2534 obedire
1687 2495 1803 2544 alios,
1821 2495 1980 2537 sancivit
2005 2498 2059 2537 le·

248 2577 345 2617 ges,
377 2560 572 2602 constituit
593 2558 858 2612 Magistratus,
903 2555 1070 2596 distinxit
1117 2555 1267 2604 officia,
1308 2563 1434 2594 certos
1471 2553 1690 2606 praescripsit
1730 2556 1941 2608 imperandi
1970 2568 2054 2597 mo·

256 2624 327 2663 dos
345 2635 389 2662 ac
408 2621 552 2662 formas
567 2649 581 2670 ,
612 2620 650 2660 &
685 2618 787 2672 apud
810 2617 1002 2658 Nationes
1020 2627 1154 2656 omnes
1179 2626 1267 2654 eum
1301 2612 1457 2654 instituit
1482 2614 1718 2666 Reipublicae
1745 2615 1942 2666 ordinem,
1991 2619 2056 2668 qui

250 2693 394 2723 naturae
425 2682 610 2732 cujusque
629 2681 795 2720 maxime
814 2676 1025 2719 conformis
1044 2675 1137 2717 ess'et
1156 2675 1194 2715 δε
1212 2674 1498 2714 consentaneus.
1558 2673 1675 2713 Unde
1690 2673 1759 2723 fit,
1789 2685 1832 2714 ut
1848 2677 1999 2727 antiqua
2015 2678 2057 2717 il-

250 2745 286 2783 la
312 2741 508 2793 dispositio
526 2739 604 2780 fine
633 2740 807 2792 periculo
831 2736 1022 2777 immutari
1047 2735 1150 2776 haud
1169 2734 1291 2787 poffit.
1353 2733 1653 2774 Decachordum
1673 2733 1764 2774 illud
1782 2735 2055 2788 Regnorum&

250 2801 637 2851 Rerumpublicarum
663 2811 751 2839 cum
781 2798 960 2838 omnibus
993 2796 1067 2836 suis
1095 2795 1265 2848 partibus
1292 2793 1368 2844 jam
1395 2792 1642 2833 constiturum
1670 2793 1752 2843 est,
1782 2798 1891 2834 nervi
1917 2807 2054 2835 omnes

254 2861 535 2912 contemperati
563 2861 660 2899 inter
689 2858 746 2907 se,
778 2857 814 2897 &
839 2858 910 2897 suis
935 2858 1077 2908 quique
1101 2856 1194 2896 locis
1222 2853 1417 2906 dispositi,
1447 2852 1485 2893 &
1507 2853 1654 2893 tametsi
1684 2853 1788 2893 forte
1813 2856 1971 2905 cuipiam
1999 2858 2052 2895 vi.

252 2921 414 2967 deatur,
443 2931 563 2958 unum
583 2921 747 2970 aliquem
776 2919 883 2957 aliter
909 2918 1152 2956 immutatum
1180 2915 1378 2954 meliorem
1404 2913 1512 2961 fore3
1541 2911 1626 2965 plus
1661 2924 1787 2953 tamen
1813 2914 1958 2964 semper
1989 2918 2052 2953 tri,

251 2980 449 3022 buendum
472 2978 684 3031 prudentiae
706 2984 742 3019 &
766 2976 1060 3017 considerationi
1088 2974 1281 3025 Majorum
1298 3003 1310 3022 ‚
1340 2985 1438 3025 quos
1469 2974 1605 3025 longus
1637 2974 1721 3012 usus
1749 2975 1785 3012 δε
1819 2975 2054 3023 experientia

252 3042 429 3082 edocuit:
458 3040 624 3079 rationes
659 3039 760 3078 enim
791 3049 836 3077 ac
865 3036 974 3077 modi
1003 3033 1259 3089 gubernandi,
1289 3035 1378 3073 licet
1400 3032 1573 3087 quaedam
1594 3033 1759 3073 habeant
1783 3033 2051 3084 incommoda,
2098 3067 2100 3070 .

1929 3105 2051 3133 mmo*

349 3213 405 3251 (a)
433 3206 550 3243 Polib.
608 3205 668 3248 ·b)
696 3203 799 3242 Arist.
817 3205 879 3243 lib.
900 3217 932 3250 5.
968 3203 1075 3242 Polit.
1100 3216 1130 3239 c.
1152 3216 1185 3246 9.
1241 3206 1299 3252 (c)
1324 3203 1419 3240 Eccl.
1443 3215 1497 3240 to.
1520 3210 1553 3245 8.
1608 3202 1675 3248 (d)
1704 3199 1807 3237 Arist.
1826 3201 1848 3238 l.
1880 3215 1911 3248 ς.
1939 3201 2049 3239 polit.

255 3273 329 3309 cap.
356 3268 390 3306 g.
443 3264 500 3305 (e)
528 3258 626 3294 Idem
646 3256 732 3292 ibid.
2098 3248 2101 3264 ²
