2132 3730
415 217 1382 288 SYMBOLAPOLITICA.
1747 248 1825 288 υς

1320 297 1832 311 -.--.--.--.«

39 340 136 383 Ῑυάῑζ
184 344 308 385 neque
328 330 474 381 semper
494 327 628 367 eadem
659 325 783 364 eidem
812 322 1017 376 respondet
1047 321 1219 361 facinori.
1278 319 1352 373 (a)
1383 317 1504 372 Quod
1533 316 1702 370 Sagunto
1738 322 1836 359 acci-

39 402 95 442 dit
131 370 275 446 fistepae
293 400 450 442 quoque
472 389 624 434 evenit,
656 385 693 424 δε
721 384 830 435 hujus
851 394 979 423 tamen
1007 383 1075 421 vix
1103 380 1226 430 aliqua
1251 378 1418 431 superest
1441 380 1651 426 memoria,
1681 380 1835 419 tenuior

39 432 212 504 nimirum
243 452 376 491 civitas
401 448 557 502 gloriam
578 444 683 485 istam
707 455 784 483 non
801 445 984 483 obtinuit:
1013 453 1100 481 nam
1130 440 1168 478 in
1186 437 1401 488 Majoribus
1422 437 1564 478 laudari
1582 438 1679 491 saepe
1705 437 1803 478 solet
1822 469 1836 489 ,

39 519 144 575 quod
163 517 202 554 in
219 510 297 551 aliis
318 509 528 549 minoribus
549 516 666 545 nemo
684 503 848 546 aestimat.
907 502 1014 542 Idem
1035 499 1186 552 prorsus
1202 499 1241 536 in
1269 500 1474 537 virtutibus
1504 499 1711 548 usuvenit3
1745 510 1836 551 pro-

36 590 122 636 pter
149 573 284 615 eadem
302 570 484 619 Princeps
508 578 606 606 unus
630 565 731 604 bene
753 565 898 612 audiet,
929 563 1020 602 alius
1046 557 1161 599 male:
1190 567 1410 609 temporum
1438 558 1515 597 hoc
1541 561 1677 599 vitium
1701 558 1777 609 est,
1799 558 1839 598 ὅτ,

37 637 284 687 subditorum.
342 628 384 670 Si
413 627 610 669 Nobilitas
635 623 789 666 excuffo
817 623 940 665 froeno
968 621 1126 662 solutior
1155 617 1230 668 fit,
1261 618 1300 657 δι
1327 618 1496 670 Populus
1522 619 1719 672 licentior,
1749 618 1840 661 mali

52 2090 237 2143 Principis
266 2097 397 2129 notam
421 2098 499 2127 non
516 2084 697 2137 effugiet,
727 2085 755 2125 si
775 2084 859 2125 iilos
884 2085 921 2126 in
940 2087 1096 2128 rationis
1112 2099 1247 2140 gyrum
1272 2088 1459 2128 reducere
1478 2089 1659 2129 voluerit.
1720 2086 1871 2128 Unum-

54 2151 238 2202 quodque
267 2161 424 2201 regnum
446 2148 659 2197 Principem
683 2156 843 2197 cuperet
861 2147 931 2186 suis
951 2148 1193 2188 conformem
1218 2151 1410 2188 moribus:
1440 2149 1542 2188 unde
1564 2147 1629 2197 fir,
1661 2159 1703 2186 ut
1722 2145 1871 2187 tametsi

55 2223 153 2250 unus
183 2211 314 2259 aliquis
343 2207 523 2258 Princeps
549 2205 681 2244 iisdem
703 2206 814 2244 bonis
843 2207 984 2246 artibus
1014 2207 1311 2259 Rempublicam
1338 2208 1584 2257 moderetur,
1617 2208 1754 2258 quibus
1780 2209 1872 2246 alius

59 2267 315 2321 gloriosissime
334 2266 495 2307 eandem
512 2264 732 2305 moderatus
751 2263 804 2304 est
817 2295 829 2313 ,
861 2265 969 2317 aeque
993 2277 1121 2306 tamen
1144 2279 1328 2319 acceptus
1347 2268 1497 2306 futurus
1513 2281 1591 2307 non
1610 2268 1654 2306 sit
1670 2297 1681 2315 ,
1712 2278 1785 2306 nec
1806 2279 1872 2318 pa-

57 2341 137 2369 rem
160 2329 356 2369 habiturus
382 2325 554 2374 laudem,
583 2323 651 2363 nifi
669 2323 907 2365 subditorum
929 2326 1127 2378 utriusque
1143 2338 1301 2379 quoque
1331 2326 1500 2367 Naturas
1532 2325 1641 2379 aeque
1662 2328 1803 2378 probas
1822 2324 1873 2365 es-

59 2388 97 2428 se
119 2389 332 2440 contigerit.

232 2447 337 2486 Hinc
381 2446 553 2498 periculo
587 2453 666 2483 non
719 2452 851 2491 caret,
882 2443 911 2482 fi
934 2440 1116 2497 Princeps
1147 2444 1195 2486 ad
1215 2447 1373 2487 aliorum
1400 2446 1578 2499 exempla
1602 2445 1722 2486 solum
1747 2445 1785 2487 se
1807 2457 1875 2485 ve-

62 2507 104 2545 lit
131 2504 308 2558 dirigere:
326 2504 380 2545 est
401 2507 502 2544 enim
528 2502 751 2555 perdifficile
767 2514 816 2542 ne
837 2500 962 2543 dicam
990 2507 1149 2545 omnino
1169 2507 1415 2560 impoffibile‚
1446 2516 1489 2546 ut
1513 2509 1551 2546 in
1569 2519 1649 2546 uno
1669 2509 1797 2557 aliquo
1816 2518 1876 2545 ca-

64 2566 103 2605 su
131 2565 371 2605 conditiones
390 2565 532 2604 eaedem
551 2575 593 2601 ac
615 2563 780 2602 rationes
801 2573 937 2602 omnes
965 2575 1219 2616 concurrant,
1251 2579 1335 2619 quae
1363 2567 1401 2605 in
1426 2567 1512 2606 alio.
1572 2564 1648 2605 Hae
1678 2566 1795 2605 causae
1823 2565 1876 2605 se-

65 2625 201 2664 cundae
219 2624 422 2664 coelestium
439 2626 590 2663 orbium
607 2623 752 2674 semper
771 2624 1009 2673 volvuntur,
1040 2636 1249 2678 novosque
1268 2626 1432 2666 siderum
1454 2625 1491 2664 δε
1509 2622 1692 2664 astrorum
1709 2625 1878 2665 formant

65 2682 262 2736 aspthus,
292 2685 428 2734 quibus
442 2685 528 2724 suos
551 2682 771 2728 producunt
797 2681 981 2732 effectus,
1014 2683 1051 2723 &
1079 2696 1204 2725 rerum
1231 2687 1464 2725 mutationes
1493 2685 1682 2725 efficiunt:
1711 2684 1749 2725 &
1783 2685 1880 2725 ficut

66 2742 230 2783 accessus
249 2742 487 2795 recessusque
517 2741 700 2781 stellarum
723 2742 835 2783 semel
858 2742 947 2781 facti
971 2755 1051 2783 non
1076 2744 1214 2784 iterum
1232 2744 1372 2785 eodem
1393 2745 1514 2784 modo
1531 2745 1643 2791 facile
1670 2746 1880 2794 eveniunt,

0 2832 3 2839 .
66 2806 118 2843 ita
134 2815 262 2854 neque
279 2801 431 2842 easdem
456 2804 493 2842 in
512 2803 595 2841 haec
611 2800 788 2841 inferiora
811 2802 955 2841 habent
982 2806 1228 2855 operationes
1244 2835 1256 2853 ,
1288 2805 1325 2844 δε
1350 2804 1501 2844 variatis
1532 2804 1758 2857 quibusdam
1790 2817 1882 2845 con-

71 2863 304 2909 ditionibus,
334 2863 526 2901 variantur
547 2860 616 2912 ipsi
636 2860 839 2910 successus,
871 2863 908 2901 in
926 2864 1064 2914 quibus
1082 2863 1185 2903 casus
1196 2863 1279 2904 fere
1299 2866 1385 2917 plus
1403 2864 1551 2916 potest,
1584 2864 1696 2917 quum
1716 2865 1883 2918 pruden-

69 2924 132 2962 tia.
193 2921 385 2973 Equidem
399 2934 480 2961 non
508 2922 632 2961 minus
661 2920 896 2974 Principibus
923 2922 1047 2962 fraudi
1073 2922 1181 2963 fuiffe
1205 2923 1403 2974 existimo,
1435 2926 1594 2965 aliorum
1623 2927 1728 2977 sequi
1755 2937 1882 2965 exem-

0 3005 7 3030 ;
69 2984 156 3034 pla,
188 2981 301 3033 quem
328 2979 441 3032 plane
465 2982 579 3021 nulla.
643 2979 773 3032 Quare
805 2982 1122 3022 considerandum
1147 2983 1365 3036 diligenter,
1397 2985 1488 3036 quid
1513 2987 1687 3026 evenerit
1715 2986 1812 3032 aliis,
1840 2990 1883 3021 ut

0 3034 10 3078 ζ
71 3041 227 3081 Politica
248 3041 416 3093 prudens
441 3040 608 3090 evadat3
637 3052 717 3078 non
734 3050 777 3080 ut
799 3041 861 3080 sua
885 3044 1012 3082 omnia
1035 3043 1081 3081 ad
1116 3044 1275 3083 aliorum
1307 3056 1479 3084 normam
1501 3043 1657 3095 dirigat,
1688 3054 1885 3095 exponen-

0 3119 14 3140 ι-
72 3099 126 3140 do
151 3101 188 3140 se
203 3100 326 3141 dubiis
347 3102 560 3141 &incertis
591 3098 749 3139 casibus,
809 3102 984 3142 Aliorum
1018 3112 1160 3143 eventa
1186 3103 1422 3144 documento
1462 3104 1534 3158 (h)
1563 3106 1654 3153 sint,
1684 3115 1763 3142 non
1791 3115 1885 3155 prae-

889 3161 918 3200 F
935 3161 957 3201 f
981 3175 1008 3203 2
1821 3174 1884 3202 ce-

150 3240 227 3327 A(a)
253 3242 342 3327 piar.
357 3240 448 3278 Hist.
466 3239 566 3289 Hisp.
588 3239 650 3277 lib.
672 3253 707 3277 0.
728 3252 802 3290 cap.
830 3254 851 3278 2
857 3254 890 3289 3.
941 3243 1004 3287 (b)
1033 3242 1150 3280 Plures
1165 3241 1314 3281 aliorum
1332 3246 1471 3281 eventis
1486 3243 1660 3281 docentur.
1687 3242 1801 3280 Tacit.
1823 3243 1885 3288 lib,

77 3305 115 3341 ῳ
186 3304 253 3328 nna
266 3316 277 3327 .
