2132 3730
451 254 1423 304 SYMBOLAPOLITICA.
1769 276 1853 316 327

437 446 1083 517 SYMBOLUM
1146 451 1427 520 LXXIV.

169 1904 419 1949 Nimantibus
437 1905 458 1949 ὲ
475 1918 609 1950 natura
631 1909 818 1950 tributum
848 1908 903 1950 est
923 1940 936 1959 ,
965 1919 1009 1950 ut
1027 1910 1075 1951 ad
1088 1910 1376 1953 individuorum
1402 1912 1556 1954 suorum
1585 1913 1850 1954 conservatio·

196 1980 287 2009 nem
306 1970 528 2009 incumbant
540 1969 674 2019 solum,
698 1970 736 2009 δι
754 1970 782 2009 fi
804 1970 946 2009 laedunt
973 1970 1179 2020 interdum,
1200 1972 1251 2011 ob
1267 1972 1430 2013 eandem
1447 1972 1594 2013 causam
1614 1973 1847 2025 potiffimum

197 2027 263 2077 fit,
279 2027 317 2067 &
337 2027 360 2068 e
374 2027 578 2069 ferocitate
596 2029 758 2081 quadam
779 2031 957 2079 naturali,
974 2042 1058 2082 quae
1079 2032 1234 2072 rationis
1252 2033 1456 2084 imperium
1465 2044 1708 2084 nequaquam
1728 2045 1846 2087 agno-

38 2090 118 2130 scit.
178 2086 326 2128 Contra
346 2087 468 2128 homo
485 2088 638 2129 flamma
651 2091 713 2130 illa
730 2088 892 2138 coelesti,
915 2103 998 2140 quae
1018 2091 1186 2130 vitam&
1203 2091 1348 2132 sensum
1362 2093 1397 2132 ei
1420 2093 1573 2141 tribuit,
1601 2105 1771 2144 eumque
1788 2105 1847 2133 re-

35 2162 120 2190 rum
155 2149 328 2188 omnium
367 2148 562 2190 constituit
595 2148 811 2188 Dominum
832 2180 855 2197 „
888 2148 1088 2189 instruetus
1116 2150 1229 2190 facile
1267 2152 1335 2191 fibi
1361 2152 1564 2202 persuadet
1592 2181 1605 2200 ‚
1643 2164 1724 2192 non
1753 2152 1845 2193 ideo

35 2209 158 2250 solum
182 2216 316 2247 natum
347 2206 384 2246 se
406 2207 482 2247 effe
497 2237 509 2256 ,
539 2216 582 2246 ut
603 2209 713 2248 vivat
730 2237 742 2257 ,
771 2208 834 2247 sed
850 2217 893 2248 ut
913 2207 1060 2248 fruatur
1084 2211 1127 2248 iis
1150 2211 1348 2259 omnibus,
1379 2212 1493 2252 etiam
1519 2212 1615 2251 ultra
1633 2210 1719 2251 illos
1746 2211 1844 2251 limi-

35 2279 118 2318 tes,
145 2278 243 2320 quos
257 2266 293 2306 ei
306 2267 403 2306 ratio
423 2267 575 2319 posuit:
605 2267 708 2307 unde
735 2267 856 2319 porro
873 2266 941 2316 fit,
970 2278 1014 2307 ut
1043 2267 1134 2308 falsa
1162 2270 1255 2309 boni
1283 2270 1408 2322 specie
1435 2272 1596 2311 inaniter
1619 2270 1780 2319 delusus,
1803 2272 1844 2311 il·

34 2329 159 2369 ludin
188 2327 298 2367 variis
325 2327 489 2378 inquirat
504 2325 685 2378 objectis,
716 2327 897 2380 suamque
913 2329 952 2367 in
968 2329 1012 2368 iis
1039 2326 1262 2370 felicitatem
1300 2330 1338 2369 δε
1359 2330 1635 2370 beatitudinem
1662 2332 1844 2370 collocet.

33 2387 229 2429 Nonnulli
245 2388 284 2426 in
303 2385 446 2426 divitiis
467 2397 552 2427 eam
573 2385 778 2427 consistere
801 2386 1024 2437 autumant,
1047 2390 1108 2428 alii
1125 2390 1164 2428 in
1179 2388 1343 2437 deliciis,
1357 2390 1417 2429 alii
1433 2392 1471 2429 in
1488 2391 1651 2443 imperio
1672 2390 1708 2430 &
1724 2391 1846 2430 domi-

36 2449 197 2489 natione
218 2447 258 2485 in
288 2448 380 2485 alios
402 2447 578 2486 homines
597 2475 610 2495 ,
630 2447 749 2486 immo
783 2447 914 2500 singuli
935 2446 1051 2499 poene
1078 2450 1117 2488 in
1145 2449 1260 2489 rebus
1288 2459 1366 2489 tam
1392 2451 1505 2490 variis
1522 2479 1535 2498 ‚
1566 2460 1664 2502 quot
1695 2462 1844 2491 errores

37 2508 123 2547 sunt
141 2502 334 2558 appetitus
364 2504 641 2559 &phantafiae,
671 2507 808 2558 quibus
829 2518 871 2546 ut
900 2507 1117 2558 potiantur,
1147 2508 1332 2549 &felices
1354 2509 1449 2557 fint,
1481 2521 1525 2549 ea
1557 2511 1740 2550 adhibent
1757 2510 1844 2562 {me-

38 2567 123 2616 dia‚
154 2577 238 2617 quae
261 2576 370 2605 mens
391 2578 490 2621 vaga
515 2565 744 2618 &inquieta
772 2569 814 2606 iis
843 2567 1023 2619 suggerit,
1051 2568 1199 2608 tametsi
1226 2568 1356 2621 injusta
1386 2569 1464 2620 (a)
1493 2569 1577 2608 sint.
1639 2569 1757 2609 Unde
1779 2581 1845 2609 na-

37 2628 194 2667 scuntur
216 2625 422 2666 homicidia
440 2655 453 2674 ‚
484 2627 677 2666 bonorum
705 2626 938 2678 direptiones
973 2627 1011 2666 δε
1033 2627 1273 2677 tyrannides,
1305 2638 1420 2679 atque
1450 2626 1548 2667 adeo
1574 2627 1668 2667 illud
1701 2630 1843 2677 etiam,

39 2686 149 2739 quod
165 2684 310 2725 nullum
332 2684 379 2725 fit
397 2685 565 2738 injustius
583 2687 719 2726 animal
740 2688 822 2739 ipso
843 2687 1021 2729 homine:
1054 2699 1218 2739 cumque
1237 2700 1334 2727 unus
1353 2687 1400 2726 ab
1417 2689 1490 2727 alio
1512 2687 1663 2727 securus
1686 2686 1761 2728 effe
1776 2700 1840 2728 ne-

39 2757 178 2798 queat,
207 2745 309 2784 varia
325 2755 477 2797 reperta
495 2746 581 2786 sunt
595 2757 787 2787 armorum
803 2758 966 2799 genera,
996 2746 1043 2786 ad
1058 2748 1237 2787 malitiam
1268 2748 1307 2786 vi
1334 2747 1615 2799 repellendam,
1645 2748 1844 2789 tuendam-

40 2819 118 2858 que
144 2805 402 2845 innocentiam
420 2805 458 2845 &
481 2806 717 2855 libertatem,
746 2807 782 2847 &
806 2807 949 2847 bellum
973 2808 1012 2846 in
1042 2807 1177 2847 orbem
1204 2806 1465 2847 introducftum
1496 2803 1565 2862 (b)
1599 2806 1664 2848 est.
1727 2807 1842 2848 Hanc
1882 2832 1889 2838 ·

40 2868 226 2918 originem
252 2865 387 2904 habuit
405 2896 419 2915 ,
447 2865 516 2906 nisi
541 2863 645 2905 forte
660 2876 709 2905 ex
735 2866 816 2919 ipso
835 2865 987 2906 inferno
1019 2878 1112 2907 mox
1136 2865 1158 2905 ὲ
1187 2866 1292 2919 lapsu
1320 2866 1663 2918 superbiffimorum
1690 2868 1843 2908 illorum

41 2926 249 2979 Spirituum
268 2925 466 2978 prodierit.
526 2924 642 2965 Adeo
652 2926 809 2966 exosum
829 2925 883 2967 est
892 2926 983 2966 Deo
999 2927 1165 2977 beilum,
1193 2936 1235 2965 ut
1253 2926 1480 2966 licetDavid
1497 2927 1618 2967 homo
1637 2938 1713 2967 tani
1729 2927 1847 2978 justus

41 2986 182 3034 fuerit,
212 2987 378 3028 noluerit
395 2996 521 3026 tamen
543 2986 590 3024 ab
608 2986 690 3036 ipso
709 2985 894 3038 templum
904 2988 1049 3035 extrui,
1080 2987 1128 3026 eo
1151 2985 1256 3038 quod
1275 2989 1434 3027 multum
1452 2986 1634 3040 sanguinis
1662 2987 1730 3041 (c)
1753 2999 1824 3037 pro

41 3045 211 3088 fudisset.
267 3048 462 3100 Principes
480 3045 697 3098 'prudentes
719 3058 765 3087 ac
792 3049 980 3088 moderati
1008 3046 1101 3087 illud
1129 3047 1414 3097 abominantur,
1445 3049 1589 3100 quippe
1619 3050 1683 3099 qui
1715 3045 1841 3100 probe

902 3107 948 3146 N
956 3119 1047 3146 nnn
1077 3120 1098 3146 2
1775 3119 1844 3147 no.

564 3169 1844 3179 —Q—Q—w-—Q

142 3189 200 3231 (a)
231 3185 362 3230 Una&
385 3200 427 3223 ea
441 3196 547 3223 vetus
564 3184 668 3231 caussa
686 3183 835 3223 heuman·
851 3214 860 3227 ,
879 3185 1059 3239 profunda
1081 3186 1185 3224 libido
1209 3187 1348 3238 imperii
1367 3185 1412 3228 (ῤ’
1437 3187 1668 3224 divitiarum.
1696 3189 1776 3225 Sall.
1804 3190 1843 3228 in

0 3274 3 3275 γ
49 3237 160 3275 Cons.
183 3238 290 3276 Catil.
345 3240 406 3287 (b)
440 3238 535 3276 Unde
557 3236 642 3275 bella
656 3266 664 3279 ,
689 3236 735 3280 ό*
756 3237 835 3275 lites
850 3241 889 3275 in
913 3238 1011 3276 vobis
1027 3244 1045 3277 ?
1071 3246 1125 3276 Ex
1144 3240 1415 3291 concupiſsentiis
1437 3237 1580 3289 vestris,
1595 3253 1663 3291 quae
1679 3241 1843 3281 militant

47 3292 87 3328 in
112 3289 272 3327 memhris
288 3290 425 3342 vestris.
449 3293 616 3341 Jacob.4.
645 3305 676 3328 1.
738 3291 807 3340 (c)
834 3292 994 3329 ⁴Multum
1011 3291 1223 3344 fhnguinem
1253 3287 1407 3345 ffudzsti
1426 3314 1435 3333 ›
1453 3291 1610 3342 plurima
1638 3293 1722 3331 heffa
1747 3294 1865 3335 bellat„

34 3341 107 3396 sti,
133 3356 200 3380 non
220 3346 353 3396 poteris
373 3343 537 3395 aedificare
556 3344 693 3383 domam
713 3346 845 3382 nomini
857 3358 943 3383 meo.
978 3356 996 3384 1
1016 3346 1128 3384 Paral.
1155 3348 1213 3388 28·
1237 3351 1269 3386 8.
