2132 3730
490 235 1478 288 STMBOLAPOLITICA.
1690 282 1694 289 .
1801 258 1883 299 :207

96 297 1887 319 -w——Q—

84 333 166 378 gat.
224 321 366 372 Neque
393 320 492 359 ullus
518 319 596 371 est,
615 323 681 374 qui
710 321 839 361 dicere
860 322 998 362 audeat
1019 353 1032 373 ,
1062 324 1168 375 quod
1188 323 1401 366 Bethsabee
1433 326 1528 366 dixit
1551 325 1697 368 Davidi
1721 356 1734 377 ‚
1779 330 1886 369 Ado-

85 386 150 425 nia
165 391 317 434 regnum
332 379 562 433 usurpante:
593 380 667 436 (a)
702 381 792 422 Ecce
809 395 897 422 nunc
905 381 1066 423 Adamas
1079 392 1203 436 regnat
1225 392 1259 424 te
1285 415 1298 434 ,
1328 386 1476 426 Domine
1491 388 1537 426 mi
1555 387 1638 428 Rex
1656 417 1668 438 ,
1697 389 1883 440 ignoranse.

86 444 214 493 Atque
229 441 268 479 in
289 450 379 481 eum
396 439 513 481 finem
539 439 742 481 contendit
769 443 942 494 privatus
962 444 1168 483 virtutibus
1190 445 1301 496 regiis
1324 447 1468 485 anteire
1495 446 1729 499 Principem,
1755 457 1885 500 utprae

84 514 134 542 eo
157 498 368 542 aestimetur.
431 500 527 553 Quo
544 499 705 541 artificio
730 501 817 542 usus
833 502 887 543 est
907 501 1075 543 Absalon
1096 532 1109 552 ‚
1139 512 1182 544 ut
1208 504 1325 557 Regis
1345 504 1511 546 Davidis
1530 505 1796 549 auctoritatem
1817 510 1885 549 mi-

81 568 216 601 nueret
230 587 244 608 ,
273 558 491 601 affectando
509 561 686 602 nimirum
702 561 976 616 benignitatem
992 563 1030 603 in
1052 562 1250 603 audiendis
1276 564 1516 605 subditorum
1533 568 1797 618 querimoniis,
1810 573 1884 621 qua

77 631 119 660 re
140 617 233 674 (b)
248 617 455 671 furabatur
473 652 486 671 ,
502 631 546 661 ut
562 622 686 673 inquit
709 620 889 674 scriptura
904 653 917 672 ,
955 621 1058 663 corda
1076 625 1235 663 virorum
1257 621 1373 674 Istam.

226 677 320 719 Nec
345 678 462 721 talem
479 682 518 721 se
540 680 616 722 effe
630 680 752 722 credit
766 683 939 723 Privatus
954 713 966 731 ,
994 682 1063 722 nisi
1086 682 1188 723 suam
1203 686 1418 735 potentiam
1434 696 1522 724 cum
1540 683 1757 727 domesticis
1771 718 1784 738 ,
1814 700 1881 729 co·

73 739 195 792 gnatis
218 769 231 787 ,
261 741 470 793 amicisque
489 743 772 793 communicet,
799 753 914 796 atque
929 742 1027 783 adeo
1044 751 1088 782 ut
1105 742 1272 783 securior
1291 744 1336 783 fit
1350 773 1363 793 ‚
1393 744 1487 784 illud
1513 746 1679 785 maxime
1703 744 1726 786 ὲ
1749 760 1790 787 re
1815 751 1879 789 sua

71 798 159 839 fore
182 799 385 841 arbitratur
401 831 412 850 ,
441 800 470 841 fi
493 803 688 854 praecipua
712 804 756 842 iis
776 805 904 843 munia
927 801 1133 852 conferat,
1165 803 1203 843 δε
1225 804 1380 843 invidiae
1398 805 1500 843 vires
1521 833 1535 853 ‚
1564 817 1609 844 ac
1625 817 1768 846 nervos
1791 809 1883 855 inci-

8 908 9 911 *
73 857 150 904 dat.
211 859 308 913 Quo
328 860 406 901 fine
424 861 582 913 Sejanus
608 860 696 919 (c)
727 863 860 904 clientes
871 859 951 914 filos
969 861 1150 903 honoribus
1164 871 1231 903 aut
1256 863 1460 904 Provinciis
1478 867 1632 905 ornavit.
1695 865 1799 920 Quia
1817 879 1882 907 ve-

71 931 115 958 ro
131 919 300 971 potestas
329 920 396 961 ista
406 922 510 961 haud
530 934 665 975 pamm
685 921 844 976 derogat
865 921 1082 962 auctoritati
1103 925 1471 976 consanguineorum
1492 924 1696 976 Principis,
1726 928 1791 978 qui
1809 928 1883 978 pri-

71 989 170 1018 vatae
186 978 239 1020 illi
255 982 428 1022 amicitias
452 983 579 1023 modis
596 984 776 1023 omnibus
792 984 1020 1023 obnituntur
1038 1012 1053 1032 ‚
1081 994 1156 1023 nec
1187 985 1272 1024 satis
1297 991 1414 1036 aequov
1430 983 1531 1025 ferre
1552 983 1707 1036 poffunt
1722 988 1852 1027 animo
1870 1016 1883 1037 ‚

68 1038 175 1090 quod
211 1042 331 1092 gratia
361 1042 539 1094 sanguine
554 1044 754 1096 potentior
769 1072 782 1092 ,
814 1042 1002 1095 quodque
1027 1042 1209 1096 Princeps
1237 1042 1409 1085 inferiori
1425 1044 1463 1084 se
1482 1044 1630 1095 subjicit
1649 1074 1662 1095 ,
1692 1044 1713 1085 a
1728 1057 1807 1098 quo
1819 1047 1884 1087 de·

66 1099 239 1152 pendere
256 1100 325 1153 ipfi
342 1100 510 1142 debeant
529 1102 672 1157 (quod
689 1104 904 1155 periculum
923 1102 1080 1155 Sejanus
1097 1103 1406 1145 etiaminTiberii
1425 1103 1572 1144 familia
1588 1104 1664 1159 (d)
1680 1108 1840 1159 agnovit
1856 1107 1884 1160 )

68 1157 275 1201 discordias
304 1162 389 1201 illos
416 1164 514 1202 inter
536 1163 576 1204 δε
598 1163 813 1216 Principem
839 1162 1015 1203 Privatus
1045 1165 1200 1205 excitat.
1262 1164 1319 1204 Ita
1333 1164 1490 1216 Sejanus
1515 1176 1586 1217 per
1603 1165 1768 1217 speciem
1793 1169 1884 1206 ami-

65 1221 164 1258 citiae
187 1222 377 1261 monebat
393 1221 592 1263 Tiberium
613 1253 627 1272 ,
654 1224 906 1277 Agrippinam
927 1233 1089 1264 matrem
1106 1226 1142 1265 ei
1170 1223 1321 1265 infidias
1350 1224 1416 1280 (e)
1434 1224 1577 1265 struere
1594 1238 1607 1274 ;
1631 1227 1883 1280 Agrippinam

63 1278 163 1319 vero
181 1281 217 1318 ei
235 1291 430 1320 venenum
448 1277 570 1331 parari
584 1281 606 1321 ὲ
624 1281 651 1334 ζ
650 1280 688 1334 f
689 1281 711 1338 )
740 1282 913 1327 Tiberio.

238 1339 362 1391 Quod
376 1339 403 1379 si
424 1338 580 1380 istorum
604 1339 928 1393 aliquidprivato
951 1342 1120 1382 succedit
1141 1340 1292 1383 felicius
1307 1373 1321 1393 ‚
1350 1343 1398 1384 ad
1414 1343 1557 1396 maiora
1579 1343 1803 1385 attentanda
1821 1355 1885 1385 au-

66 1397 213 1439 daciam
232 1399 358 1443 sumit.
425 1398 554 1439 Druso
579 1410 738 1441 mortuo
765 1400 925 1453 SeJanus
944 1410 1067 1442 totam
1092 1401 1312 1442 Germanici
1340 1403 1522 1444 familiam
1552 1406 1739 1456 cogitavit
1761 1406 1884 1444 extin-

62 1470 192 1512 guere.
251 1457 371 1499 Unde
400 1469 617 1500 occaecatus
643 1459 801 1501 tandem
827 1460 1018 1512 ejusmodi
1045 1464 1219 1514 privatus
1245 1463 1413 1514 paffione
1435 1493 1448 1513 ,
1479 1463 1710 1516 &potentia
1731 1465 1847 1503 nimia
1871 1494 1884 1512 ‚

62 1519 196 1571 spretis
213 1519 356 1558 artibus
373 1520 561 1570 occultis,
592 1520 630 1560 in
651 1530 782 1573 aperta
802 1523 1024 1574 prorumpit
1045 1522 1134 1561 odia
1155 1520 1335 1562 adversus
1354 1524 1684 1576 consanguineos;
1713 1526 1768 1563 uti
1783 1523 1884 1575 Seja-

62 1589 115 1619 no
136 1578 276 1618 accidit
299 1588 434 1618 contra
458 1579 709 1633 Agrippinam
732 1581 771 1621 δι
790 1579 1012 1622 Neronem.
1084 1580 1222 1621 Nemo
1245 1584 1441 1634 privatum
1472 1583 1522 1623 de
1542 1584 1716 1635 periculo
1735 1583 1884 1624 suarum

4 1638 5 1684 ἶ
62 1636 259 1679 actionum
283 1650 538 1679 commonere
564 1639 681 1680 audet
703 1654 714 1679 :
746 1652 882 1681 omnes
913 1642 1015 1681 enim
1046 1641 1094 1680 ad
1125 1641 1204 1692 ejus
1228 1641 1479 1694 conspectum
1498 1641 1701 1694 Majestate
1724 1645 1883 1695 plenum

4 1707 5 1717 ¹
62 1698 364 1739 contremiscunt
382 1708 397 1750 3
428 1697 525 1739 ficut
543 1697 610 1738 filii
622 1699 731 1739 lsra'cl
749 1700 992 1752 trepidabant
1009 1699 1057 1738 ad
1074 1701 1254 1740 intuitum
1271 1701 1437 1751 Moysis,
1452 1700 1702 1754 posteaquam
1713 1703 1775 1742 hic
1788 1702 1881 1742 Deo

59 1758 184 1800 faetus
209 1758 334 1798 suerat
355 1757 442 1813 (g)
469 1757 690 1799 familiarior
706 1790 717 1807 ‚
749 1769 918 1811 cumque
941 1758 1072 1799 videat
1096 1761 1132 1800 se
1151 1760 1284 1800 haberi
1308 1774 1381 1814 pro
1410 1761 1609 1814 Principe,
1638 1761 1772 1802 senfim
1791 1763 1881 1815 legi-

5 1832 6 1843 *
60 1821 159 1860 timo
179 1817 344 1871 Principi
359 1820 515 1858 molitur
532 1816 606 1873 (h)
625 1817 796 1868 infidias,
829 1819 866 1858 δε
885 1818 1070 1859 Subditos
1091 1819 1291 1869 tyrannice
1309 1823 1519 1873 opprimit:
1551 1823 1697 1874 quippe
1710 1823 1775 1874 qui
1799 1834 1881 1862 cer-

9 1879 11 1883 ”
60 1879 105 1921 to
124 1879 192 1919 fibi
213 1879 387 1931 polliceri
403 1879 537 1930 nequit
553 1908 566 1926 ‚
597 1878 704 1929 quod
729 1879 774 1918 iis
787 1881 846 1917 uti
867 1878 979 1930 poffit
1009 1879 1214 1919 benevolis
1235 1892 1248 1926 ς
1279 1892 1358 1930 quo
1373 1879 1439 1930 fit,
1468 1890 1512 1920 ut
1530 1880 1715 1932 desperati
1731 1881 1800 1933 ipii
1810 1882 1880 1922 du-

9 1929 11 1933 *
59 1940 182 1979 bitare
200 1939 383 1990 incipiant
398 1966 412 1986 ‚
442 1949 534 1977 num
549 1935 655 1976 forte
678 1939 805 1976 minore
819 1939 983 1977 avaritia
1006 1935 1058 1982 &⁹
1075 1938 1210 1978 licentia
1229 1937 1453 1993 graffizturus
1472 1937 1549 1992 effit
1562 1970 1575 1989 ,
1594 1940 1632 1992 st
1649 1936 1712 1992 120ss
1732 1944 1875 1993 impera-

51 2006 116 2044 yet
132 2030 144 2049 ,
175 1996 330 2049 quando
338 2008 426 2036 mmc
438 2024 453 2043 ,
481 1995 571 2036 cum
588 2008 714 2036 rerum
729 1996 904 2037 nondum
923 1998 1094 2049 potiatur
1107 2028 1119 2046 ‚
1149 1997 1217 2050 (i)
1231 1997 1283 2042 &⁹
1291 1996 1460 2053 subjeffz'os
1476 2012 1531 2038 eos
1545 1998 1666 2050 habet,
1689 2006 1729 2040 ut
1736 2004 1876 2058 servos,

57 2058 110 2104 &⁹
128 2058 215 2098 viles
234 2089 247 2107 ,
275 2064 316 2096 ut
333 2056 457 2096 alienos
478 2069 492 2105 3
523 2056 567 2096 Id
586 2055 693 2108 quod
709 2054 820 2097 Otho
839 2056 1088 2109 expendebat
1111 2054 1150 2097 in
1173 2057 1292 2098 Vinio
1312 2089 1327 2109 ,
1357 2060 1423 2111 qui
1450 2059 1555 2111 apud
1572 2058 1738 2100 Galbam
1758 2063 1876 2114 gratia

57 2118 97 2159 ἃ
119 2117 346 2158 auctoritate
367 2115 521 2155 valebat
542 2115 761 2167 plurimum.

236 2178 367 2229 Atque
389 2177 518 2215 omnia
545 2175 672 2216 isthaec
685 2175 738 2215 sic
757 2185 942 2216 attentata
960 2176 1037 2229 ipsa
1047 2177 1161 2216 etiam
1178 2178 1348 2228 pericula
1361 2175 1504 2228 maj0ra
1515 2174 1680 2218 faciunt:
1708 2181 1874 2232 augescit

54 2239 158 2279 enim
183 2235 321 2277 indies
343 2235 507 2285 invidia,
538 2236 575 2276 ἀ
598 2247 716 2277 armat
738 2236 813 2276 sese
833 2246 967 2276 contra
987 2237 1181 2289 privatum
1212 2238 1379 2284 malitia3
1408 2248 1576 2288 cumqne
1603 2239 1634 2277 is
1661 2237 1871 2288 existimet,

56 2296 95 2340 se
120 2299 245 2346 illam,
274 2296 343 2337 nisi
370 2297 494 2349 aliqua
524 2298 593 2336 alia
621 2297 782 2348 majori,
815 2297 990 2349 superare
1018 2307 1099 2335 non
1125 2294 1263 2348 poffe,
1294 2308 1429 2336 omnes
1457 2309 1521 2336 eas
1562 2307 1661 2337 artes
1690 2299 1870 2349 adhibet,

58 2370 152 2410 quas
177 2359 368 2397 aemulatio
385 2357 530 2409 gratiae,
561 2358 677 2409 magis
695 2358 809 2397 etiam
828 2356 988 2406 furiosa,
1020 2355 1135 2408 quam
1164 2356 1279 2407 ipsius
1301 2358 1439 2396 amoris
1449 2358 1499 2396 illi
1518 2357 1698 2409 suggerit,-
1729 2359 1870 2400 &cum

11 2424 13 2428 '
55 2429 176 2471 porro
202 2416 373 2469 ejusdem
389 2415 567 2456 stabilitas
586 2417 607 2456 a
628 2416 838 2457 constantia
856 2415 1017 2456 affectus
1037 2415 1219 2468 Principis
1235 2416 1477 2470 dependeat,
1505 2416 1598 2457 illud
1619 2418 1790 2471 inprimis
1818 2420 1870 2459 sa-

57 2479 172 2528 tagit,
201 2487 245 2516 ut
270 2477 430 2527 delitiis,
457 2477 497 2517 &
540 2477 763 2527 sceleribus,
793 2478 996 2530 praecipuis
1030 2476 1184 2516 tuendae
1216 2480 1343 2530 gratiae
1368 2477 1647 2528 instrumentis,
1677 2491 1766 2519 eum
1798 2479 1868 2520 fibi

57 2535 282 2576 devinffim
307 2537 451 2585 servet,
482 2537 620 2588 quibus
647 2538 685 2577 δε
708 2536 855 2578 Vitellii
884 2537 994 2577 aulici
1018 2538 1074 2577 uti
1104 2537 1300 2587 solebant,
1331 2537 1433 2590 apud
1451 2549 1566 2588 quem
1596 2537 1670 2591 (k)
1699 2552 1803 2579 unum
1821 2539 1873 2580 ad

12 2637 13 2640 ,
46 2597 238 2650 potentiam
251 2598 320 2637 iter
324 2595 484 2650 prodigis
502 2596 629 2649 epulis,
658 2596 710 2643 &⁹
728 2594 892 2650 ficmptu,
916 2608 1095 2650 ganeaquo
1108 2594 1247 2648 fimare
1272 2597 1479 2650 inexplebiles
1501 2599 1575 2652 ejus
1599 2596 1759 2638 libidines.
1817 2599 1870 2640 Et

12 2671 13 2674 ¹
989 2654 1020 2697 F
1033 2655 1082 2697 ff
1108 2669 1132 2697 2
1818 2671 1870 2700 ne

58 2845 108 2869 „a
130 2781 431 2879 assrszjiiZs·
442 2784 726 2885 fijai-§2312
745 2785 1057 2888 ,Κῖἕροἷὲὲἑὲιῖὶή
1069 2784 1787 2890 (⁰232ss'Lassktssnssjzkreffln‘ff‘i'ss‘iss'f
1794 2787 1868 2890 iffi?

59 2886 188 2924 Annali.
241 2889 300 2935 (e)
320 2883 479 2938 Instabat
499 2889 620 2939 quippe
640 2889 781 2935 Sejanus
797 2916 807 2930 ,
831 2885 1081 2943 incufizbatque
1108 2889 1294 2927 didm‘lam
1308 2888 1501 2928 civitatem
1516 2917 1526 2932 ‚
1551 2901 1593 2927 ut
1606 2891 1712 2929 civili
1725 2890 1804 2930 bello
1819 2892 1868 2940 ef

47 2936 107 2985 fit
121 2965 131 2980 ,
155 2939 216 2992 qui
221 2938 263 2985 st’
284 2940 450 2993 partium
474 2940 670 2993 Agrippina
684 2952 810 2979 vocent
823 2970 832 2983 ‚
883 2956 926 2980 ac
940 2944 981 2980 ni
1007 2940 1188 2995 refistatur
1201 2969 1213 2988 ‚
1229 2937 1314 2992 fhre
1356 2941 1457 2980 luris.
1481 2944 1581 2981 Idem
1605 2943 1713 2993 lib-4.
1729 2947 1861 2983 Annal.

10 3007 12 3024 ι
57 2990 135 3040 (f)
161 2997 324 3030 Caeterum
342 2993 487 3041 Sejanus
502 3003 704 3031 maerentem
719 3021 729 3036 ,
757 2994 802 3038 όν
815 2993 1054 3047 improvidum
1077 2994 1188 3033 altids
1218 3004 1300 3046 perc
1338 2996 1396 3037 itt,
1422 2995 1580 3047 ‚Immiffi's
1624 2999 1664 3034 ui
1680 3007 1745 3050 per
1754 2994 1862 3050 speci-

10 3058 12 3080 ι
58 3056 113 3080 em
125 3046 288 3083 amicitiae
309 3055 487 3083 monerent
504 3073 512 3087 ‚
533 3055 708 3099 paratum
737 3047 772 3084 ei
785 3061 959 3086 venenum
976 3075 985 3090 ,
1010 3047 1188 3086 vitandas
1193 3048 1304 3094 soceri
1326 3047 1454 3100 epulas.
1489 3048 1588 3086 Idem
1618 3049 1665 3086 ib.
1676 3064 1712 3098 4.
1730 3050 1859 3087 Annal.

56 3097 120 3142 (g)
146 3094 302 3135 fidentes
329 3108 451 3135 autem
465 3103 589 3135 Aaron
608 3125 616 3139 ‚
642 3095 687 3140 ά·-
695 3097 771 3148 filii
789 3099 896 3144 Isia'e'l
925 3110 1109 3138 cornutam
1138 3098 1249 3153 M0yfi
1259 3096 1398 3150 faciem
1412 3128 1420 3141 .
1446 3102 1642 3138 timuerunt
1651 3111 1753 3153 prope
1767 3115 1859 3138 acce-

10 3157 12 3166 *
61 3145 153 3184 dere.
178 3150 292 3188 Exod.
312 3165 368 3199 34.
389 3163 447 3198 30·
503 3152 565 3199 (h)
592 3149 708 3188 Multi
722 3149 879 3190 bonitate·
901 3156 1097 3206 Principum
1112 3180 1121 3195 ,
1147 3151 1193 3196 ό·
1208 3149 1418 3206 h0n07e‚qai
1430 3156 1534 3191 ineos
1547 3153 1686 3189 collatus
1701 3150 1762 3205 est,
1774 3151 1858 3191 abus

50 3196 92 3249 fi
94 3196 182 3243 fic'nt
196 3203 234 3238 in
238 3200 438 3256 steperbiam
460 3219 472 3240 .·
497 3202 544 3246 ό·
562 3217 629 3240 non
647 3201 760 3250 sbltkm
776 3201 946 3254 ficbjec‘los
977 3203 1124 3260 Regibus
1142 3206 1311 3243 nituntur
1327 3206 1534 3259 opprimet&
1549 3203 1615 3251 st’d
1636 3204 1764 3243 datam
1785 3205 1858 3257 fibi

54 3249 211 3309 gleria'm
222 3264 288 3294 non
292 3253 455 3305 firent'es
464 3278 476 3297 ,·
489 3258 529 3293 in
539 3254 639 3309 ipsbs,
658 3258 720 3312 qui
724 3255 911 3300 dederunt.
925 3257 1118 3299 moliuntur
1133 3256 1288 3309 infidias.
1314 3259 1406 3298 Estn.
1425 3265 1459 3298 6.
1482 3272 1518 3296 2.
1572 3257 1623 3307 (i)
1647 3257 1762 3298 Tacit.
1788 3259 1812 3299 l.
1825 3272 1856 3299 t.

63 3302 198 3342 Histor.
250 3309 314 3356 (k)
340 3309 517 3348 1deml.2.
534 3309 625 3348 Hist.
819 3322 821 3324 ’
