2132 3730
208 255 288 302 368
615 240 964 286 DIDACI
1015 236 1550 282 SAAVEDRAE

1236 296 1990 311 ——ffi——ss-—ae-ss-—O-ou

201 333 332 380 stinet‚
362 331 390 371 fi
417 338 543 369 mores
566 325 712 375 antiqui
726 325 765 364 in
783 324 845 364 illa
865 324 1054 364 immutati
1068 322 1232 371 fuerint,
1262 322 1299 362 in
1310 332 1401 375 ,quo
1426 320 1614 374 deceptus
1637 319 1761 363 Galba
1788 320 1877 361 vitae
1896 319 1989 373 pari·
2028 339 2029 343 =

203 403 260 433 ter
274 392 348 432 suae
362 389 400 430 δι
416 385 566 439 imperii
584 381 769 436 jacturam
795 381 876 438 (a)
906 381 1013 423 fecit.

463 555 505 622 s
547 556 610 622 Y
651 554 727 621 M
766 555 822 635 Β
861 522 932 621 ὀ
975 552 1029 619 L
1072 551 1134 618 u
1178 550 1252 617 M
1343 546 1731 618 Lxxxvl.

329 2008 472 2050 Nimus
488 2010 675 2049 humanus
694 2018 901 2049 contentus
924 2006 1081 2048 minime
1101 2006 1174 2047 fuit
1197 2019 1323 2048 rerum
1350 2005 1578 2047 terrestrium
1603 2004 1880 2059 speculatione,
1906 2006 1997 2058 quin

201 2008 329 2148 A
358 2070 475 2110 immo
498 2079 609 2109 tantae
628 2081 746 2109 morae
772 2069 994 2120 impatiens,
1026 2067 1130 2120 quod
1153 2081 1277 2107 rerum
1306 2067 1512 2107 coelestium
1537 2067 1706 2119 cognitio
1732 2064 1817 2118 post
1850 2066 1999 2106 obitum

361 2137 482 2181 usque
507 2128 723 2169 differretur
739 2158 751 2178 ‚
781 2130 954 2180 corporis
971 2127 1044 2167 sese
1063 2129 1224 2167 vinculis
1243 2130 1386 2167 exemit
1399 2157 1411 2175 ‚
1443 2127 1479 2166 &
1497 2127 1606 2178 supra
1619 2126 1695 2178 ipsa
1713 2128 1900 2166 elementa
1926 2137 1996 2165 vo-

196 2191 281 2235 lat&
300 2188 545 2237 transcendit,
578 2187 624 2227 ad
647 2187 901 2241 indagandum
919 2198 989 2239 per
1019 2187 1373 2236 ratiocinationem,
1405 2185 1510 2238 quod
1534 2184 1662 2235 tactu,
1692 2185 1773 2225 visu
1792 2215 1804 2234 ‚
1834 2185 1872 2225 &
1895 2185 1997 2224 audi—

204 2263 247 2294 tu
264 2250 403 2302 assequi
428 2261 508 2291 non
532 2248 693 2294 licebat3
722 2247 900 2299 adeoque
918 2248 958 2287 in
986 2247 1254 2299 imaginatione
1272 2247 1340 2287 fibi
1359 2246 1578 2287 efformavit
1593 2245 1718 2286 ideam
1737 2245 1999 2298 pulcherrimae

201 2315 298 2354 illius
317 2311 470 2352 fabricae
493 2306 708 2361 effingendo
734 2307 916 2359 sphaeram
947 2317 1036 2346 cum
1062 2306 1198 2345 talibus
1229 2307 1386 2346 orbibus
1418 2304 1681 2346 differentibus
1696 2304 1713 2354 '‚
1742 2307 1995 2357 aequantibus,

204 2374 243 2414 &
272 2371 455 2424 epicyclis
472 2378 516 2408 ut
538 2367 707 2408 diversos
730 2364 913 2406 astrorum
932 2364 971 2406 &
987 2364 1224 2405 Planetarum
1245 2375 1373 2405 motus
1395 2363 1487 2405 scite
1509 2364 1756 2410 exhiberent3
1785 2363 1823 2404 δι
1848 2367 1997 2406 tametsi

207 2443 333 2473 certus
354 2429 512 2470 omnino
534 2439 614 2467 non
637 2425 738 2476 fuit,
764 2437 857 2466 num
874 2436 934 2465 res
951 2425 1003 2463 ita
1028 2423 1066 2464 se
1083 2423 1260 2472 haberet,
1290 2425 1388 2464 hanc
1411 2434 1539 2464 tamen
1555 2422 1782 2463 consecutus
1803 2422 1859 2465 est
1880 2426 1993 2478 glori-

206 2505 286 2540 am,
317 2489 423 2541 quod
440 2486 623 2527 mundum
640 2486 744 2525 hunc
757 2487 796 2526 in
810 2485 937 2524 animo
950 2494 1053 2523 nunc
1073 2482 1196 2524 noffet
1220 2484 1444 2536 concipere,
1473 2483 1592 2536 qualis
1609 2482 1721 2533 esset,
1750 2492 1815 2524 aut
1831 2496 1995 2537 quomo·

208 2552 260 2592 do
277 2551 343 2590 sub
364 2551 433 2588 alia
451 2545 574 2586 forma
590 2576 602 2592 ‚
634 2545 669 2584 &
688 2544 932 2596 dispofitione
948 2541 1072 2594 posset
1095 2541 1285 2587 constitui.
1344 2542 1492 2584 Verum
1510 2544 1547 2582 in
1560 2542 1644 2582 idea
1664 2541 1729 2583 ista
1744 2555 1823 2584 non
1845 2545 1996 2596 acquie-

205 2613 264 2651 vit
285 2611 450 2658 animus,
487 2605 606 2646 immo
624 2605 814 2656 inquietus
840 2603 877 2643 &
893 2604 931 2642 in
946 2601 1297 2655 investigationibus
1322 2603 1394 2642 suis
1418 2602 1651 2654 periculosus
1675 2605 1782 2643 aliam
1804 2602 1915 2655 plane
1940 2604 1994 2644 di-

208 2670 353 2709 versam
377 2665 509 2719 postea
528 2665 596 2705 fibi
613 2665 833 2716 imaginatus
857 2660 931 2710 est,
963 2674 1005 2700 ac
1030 2661 1255 2714 persuadere
1272 2663 1396 2702 voluit
1417 2663 1515 2708 aliis,
1544 2663 1702 2714 perinde
1724 2675 1767 2702 ac
1792 2663 1820 2704 fi
1836 2664 1889 2703 sol
1905 2675 1994 2703 cen-

210 2741 310 2769 trum
328 2726 417 2767 effet
435 2728 593 2765 aliorum
610 2725 782 2772 orbium,
813 2724 877 2774 qui
907 2724 1048 2760 circum
1067 2722 1171 2761 illum
1197 2730 1426 2761 moveantur
1439 2751 1451 2769 ,
1483 2721 1520 2761 &
1541 2722 1665 2762 lucem
1682 2721 1782 2764 suam
1802 2723 1851 2763 ab
1870 2735 1919 2763 eo
1936 2734 1991 2762 re-

209 2789 361 2838 cipiant.
423 2785 569 2836 Opinio
587 2784 701 2834 impia
726 2782 763 2822 &
785 2784 903 2822 aliena
926 2780 1076 2832 prorsus
1100 2780 1122 2820 a
1147 2782 1294 2820 ratione
1314 2781 1471 2821 naturali
1480 2793 1493 2828 ς
1522 2792 1595 2832 qua
1624 2784 1794 2834 quietem
1816 2783 1995 2822 concedit

210 2846 386 2899 gravibus
411 2853 544 2882 contra
567 2841 714 2882 divinas
746 2843 870 2882 literas
892 2870 904 2890 ‚
934 2851 1017 2891 quae
1045 2849 1153 2880 terrae
1180 2838 1416 2879 stabilitatem
1450 2839 1595 2879 faciunt
1625 2839 1710 2896 (b)
1741 2851 1990 2893 perpetuam:

209 2915 342 2945 contra
363 2903 579 2953 dignitatem
601 2901 786 2947 hominis,
815 2900 918 2952 quasi
935 2897 1126 2939 necess'um
1146 2899 1283 2938 habeat
1303 2899 1474 2944 moveri,
1506 2909 1548 2937 ut
1569 2898 1714 2939 fruatur
1737 2901 1833 2940 Solis
1859 2899 1991 2947 radin,

215 2966 282 3005 Sol
306 2961 398 3002 vero
416 2963 588 3010 minime,
618 2971 659 2999 ut
683 2972 752 2999 eos
774 2960 919 2999 homini
941 2959 1218 3004 communicet,
1246 2969 1334 2997 cum
1360 2968 1486 2997 tamen
1512 2956 1641 3009 (ficut
1667 2971 1724 2997 res
1757 2970 1889 2998 omnes
1913 2961 1991 2999 aliae

211 3021 380 3074 creatae)
398 3021 573 3060 conditus
598 3022 658 3059 ille
672 3020 736 3068 fit,
765 3020 808 3058 ut
837 3018 962 3058 eidem
983 3017 1111 3057 assistat
1125 3017 1162 3056 δε
1177 3017 1325 3061 serviat.
1386 3017 1543 3057 Certum
1559 3018 1685 3069 itaque
1707 3018 1760 3058 est
1777 3019 1990 3069 Principem

211 3087 316 3124 illum
331 3081 444 3130 lucis,
475 3080 539 3131 qui
564 3091 612 3118 ex
631 3079 756 3118 officio
775 3082 813 3119 in
837 3090 897 3118 res
921 3088 1056 3117 omnes
1077 3070 1275 3117 inferiores
1300 3085 1405 3116 tenet
1429 3078 1648 3129 imperium,
1678 3089 1739 3117 eas
1760 3076 1988 3118 collustrare.

310 3256 366 3297 (a)
395 3253 518 3289 Nocuit
536 3251 701 3304 antiquus
727 3252 840 3301 νιζζον,
863 3248 908 3292 ώ-
925 3249 1038 3284 nimia
1042 3244 1238 3293 severitas,
1262 3247 1319 3283 cui
1324 3253 1429 3298 pares
1446 3243 1647 3291 nonstmms.
1675 3246 1760 3283 Tac.
1776 3246 1838 3287 lib.
1856 3245 1988 3285 nffist.

210 3305 277 3353 ζὺ)
311 3308 414 3341 ‘Hrm
429 3314 549 3341 autem
568 3305 606 3339 in
619 3300 879 3353 aternumstat.
907 3298 1036 3336 Eccles.
1065 3311 1095 3335 1.
1110 3312 1147 3344 4„
