2132 3730
501 243 1530 318 ΒΥΜΒΟΛΑΡοιιΗοΑ.ψ
1802 265 1881 316 365

98 306 133 317 οι·

492 452 1128 540 SYMBOLUM
1168 460 1482 530 LXXXV.

190 1910 235 1952 Bi
251 1909 370 1953 Ursus
389 1908 558 1953 aiverare
573 1923 688 1965 apum
709 1913 823 1954 semel
843 1912 975 1955 nactus
1000 1913 1137 1965 suerit,
1168 1913 1259 1955 nihil
1278 1925 1370 1956 tunc
1396 1917 1602 1959 consultius
1618 1949 1629 1967 ,
1660 1931 1773 1971 quam
1798 1928 1859 1960 to-

216 1981 295 2012 tum
317 1972 408 2013 illud
431 1974 536 2024 aquis
560 1974 812 2025 immergere;
843 1975 1101 2026 quodcunque
1124 1977 1224 2014 enim
1247 1977 1346 2015 aliud
1369 1977 1536 2017 medium
1559 1979 1729 2018 officeret
1756 1982 1857 2032 poti-

217 2043 260 2070 us
282 2058 294 2081 ,
324 2042 401 2083 quo
421 2034 544 2072 minus
571 2034 637 2072 suo
660 2032 736 2072 fine
750 2064 763 2083 ,
793 2034 870 2073 hoc
889 2033 963 2081 est,
995 2032 1088 2073 favo
1109 2032 1228 2074 mellis
1256 2038 1444 2086 potiretur
1462 2037 1498 2079 &
1516 2039 1746 2089 apicularum
1766 2051 1853 2079 acu-

61 2096 142 2134 leos
162 2091 359 2144 effugeret.
422 2091 514 2131 Hoc
537 2091 616 2142 ipso
639 2095 820 2145 exemplo
851 2093 1076 2142 Symbolum
1107 2095 1265 2144 praelens
1299 2094 1434 2134 damna
1457 2096 1494 2135 δι
1518 2099 1763 2137 incommoda
1786 2110 1853 2139 ex·

62 2154 169 2193 hibet
191 2151 434 2192 consiliorum
462 2151 702 2199 mediorum,
731 2153 798 2191 usu
819 2163 1016 2204 comperta
1036 2155 1070 2191 in
1094 2164 1141 2190 eo
1161 2183 1172 2198 ‚
1204 2154 1310 2204 quod
1329 2153 1545 2194 Herennius
1562 2156 1724 2195 Poncius
1746 2158 1850 2198 Sam-

59 2214 200 2252 mitibus
220 2209 352 2258 dedit,
383 2208 536 2261 quando
553 2210 739 2250 conclusis
759 2213 796 2250 in
816 2211 972 2264 angusto
1000 2213 1125 2262 aliquo
1143 2213 1232 2250 loco
1254 2213 1436 2252 Romanis
1464 2243 1477 2262 ,
1510 2213 1642 2254 author
1674 2215 1748 2254 fuit
1765 2247 1776 2264 ,
1807 2227 1849 2256 ut

3 2274 7 2279 “
59 2273 178 2312 libere
200 2269 290 2309 inde
307 2269 472 2311 exeundi
492 2269 669 2324 omnibus
695 2268 866 2310 facerent
882 2268 1109 2322 potestatem
1128 2283 1138 2309 :
1168 2283 1245 2322 quo
1263 2272 1422 2311 consilio
1441 2273 1526 2312 dein
1554 2273 1697 2325 rejecto
1715 2275 1820 2316 suasit
1834 2305 1845 2324 ‚

59 2342 102 2371 ut
123 2342 257 2371 omnes
279 2331 523 2368 obtrucarent
540 2357 551 2376 ‚
580 2339 812 2381 rogatusque
831 2330 976 2370 causam
991 2359 1004 2379 ‚
1033 2342 1100 2369 cur
1117 2342 1286 2370 extrema
1307 2330 1367 2371 illa
1391 2332 1608 2383 sequeretur
1622 2364 1632 2382 ‚
1665 2347 1750 2374 cum
1767 2348 1844 2375 me-

60 2392 121 2430 dia
142 2394 239 2430 inter
262 2399 465 2439 utrumque
497 2389 559 2427 via
583 2388 693 2439 poffit
738 2391 823 2442 eligi
841 2420 852 2438 ‚
882 2390 1021 2429 liberos
1054 2391 1228 2430 nimirum
1258 2403 1325 2430 eos
1361 2392 1613 2440 dimittendo,
1644 2394 1842 2446 postquam

0 2485 6 2493 „
58 2453 99 2489 iis<
121 2459 242 2488 certas
268 2450 368 2497 leges
386 2478 398 2496 ,
428 2458 606 2498 tanquam
628 2447 737 2487 victis
757 2450 858 2500 prins
876 2448 1129 2500 imposuiss'ent
1145 2480 1155 2498 ‚
1184 2450 1397 2501 respondit:
1425 2453 1474 2490 ita
1494 2454 1676 2503 expedire
1696 2456 1840 2505 potins,

3 2506 5 2509 ’
55 2522 97 2549 ut
121 2519 185 2548 aut
217 2509 386 2547 liberales
405 2505 479 2547 sese
504 2518 590 2559 erga
619 2506 815 2546 Romanos
838 2508 1087 2556 exhiberent,
1117 2510 1290 2560 adeoque
1312 2511 1387 2549 hoc
1415 2511 1540 2561 insigni
1558 2513 1749 2553 beneficio
1776 2528 1840 2566 pa-

0 2581 1 2619 ξ
55 2580 143 2609 cem
157 2567 301 2608 firmam
321 2577 365 2604 ac
385 2565 552 2606 stabilem
567 2578 652 2605 cum
671 2567 713 2605 iis
737 2566 928 2606 firmarent
946 2597 958 2615 ‚
990 2577 1053 2606 aut
1084 2571 1182 2608 vires
1208 2570 1357 2608 illorum
1387 2573 1436 2609 ita
1469 2570 1618 2621 penitus
1646 2575 1839 2623 opprime-

0 2621 3 2658 ἶ
54 2636 141 2667 rent
161 2657 172 2674 ,
203 2638 252 2665 ne
270 2636 401 2664 contra
425 2636 494 2665 eos
523 2623 712 2665 instaurari
736 2638 900 2676 unquam
928 2625 1110 2678 poss'ent3
1141 2628 1309 2667 cofilium
1333 2629 1427 2668 vero
1456 2628 1554 2668 aliud
1582 2632 1748 2672 medium
1765 2645 1838 2673 nec

0 2697 4 2735 ζ
55 2688 198 2727 amicos
212 2696 343 2736 parere
359 2684 482 2734 ajebat
499 2714 512 2734 ‚
542 2695 614 2724 nec
632 2686 767 2725 tollere
783 2682 855 2740 (a)
872 2686 1055 2725 inimicos,
1113 2685 1207 2726 ideo
1224 2687 1480 2728 Aristodemus
1490 2688 1656 2730 AEtholis
1675 2691 1836 2733 dicebat:

53 2747 226 2787 Romanos
245 2751 307 2783 aut
322 2741 419 2793 βείω
447 2744 571 2784 habere
587 2751 715 2794 oportet
735 2777 748 2794 ,
778 2753 841 2784 aut
860 2743 977 2798 hostes,
999 2744 1106 2786 media
1122 2748 1185 2785 via
1202 2746 1293 2785 nulla
1310 2746 1368 2802 est.

0 2797 2 2854 ff
205 2803 239 2854 §.
272 2803 312 2842 In
330 2803 373 2841 iis
397 2802 565 2848 cafibus,
596 2804 632 2841 in
652 2805 787 2853 quibus
811 2805 973 2844 amicum
991 2815 1055 2844 aut
1075 2803 1221 2846 hostem
1252 2804 1445 2846 devincire
1474 2809 1556 2859 quis
1585 2810 1752 2861 cogitat,
1778 2813 1833 2852 ni-

0 2872 3 2878 ’
53 2865 104 2904 hii
126 2863 290 2903 efficient
310 2861 409 2913 signa
433 2861 574 2901 media:
602 2874 688 2902 nam
710 2863 900 2916 gratitudo
927 2865 964 2902 in
984 2862 1042 2911 id,
1072 2864 1177 2915 quod
1197 2866 1452 2905 intermittitur
1470 2896 1483 2915 ‚
1513 2867 1666 2919 conjicit
1684 2873 1831 2919 oculos,

52 2924 91 2963 ἃ
110 2921 224 2963 facile
246 2920 390 2960 causam
414 2923 553 2971 reperit
567 2952 579 2968 ‚
609 2933 676 2961 cur
698 2921 910 2963 obstrictam
931 2922 968 2962 se
980 2935 1059 2962 non
1078 2924 1218 2963 sentiat.
1277 2924 1339 2963 Sic
1356 2924 1570 2966 Fiant-iscus
1585 2926 1715 2967 Galiiae
1730 2929 1830 2976 Rex,

51 2982 253 3035 postquam
280 2982 371 3020 liber
393 2980 414 3018 e
440 2982 660 3032 captivitate
675 2982 777 3021 abite
794 2981 989 3033 permissus
1012 2981 1108 3032 fuit,
1132 2983 1303 3023 hostilem
1325 2995 1448 3024 tamen
1464 2989 1627 3026 animum
1651 2999 1736 3038 erga
1758 2989 1827 3028 Ca-

51 3043 174 3082 roium
201 3042 386 3094 Quintum
418 3040 689 3091 Imperatorem
715 3054 792 3080 non
811 3042 1010 3093 deposuit,
1040 3046 1125 3094 quia
1146 3044 1344 3094 captivitas
1358 3043 1421 3084 ista
1443 3057 1516 3086 tam
1530 3049 1643 3086 libera
1659 3060 1735 3087 non
1748 3049 1829 3088 fue—

0 3106 1 3109 ’
50 3110 138 3150 rat,
167 3101 279 3153 quam
301 3101 361 3139 illa
382 3099 567 3152 Alphonfi
590 3101 703 3152 Regis
727 3100 925 3157 Lusitaniae
948 3131 961 3150 ,
991 3100 1059 3158 (b)
1091 3114 1204 3155 quem
1231 3115 1384 3152 captum
1423 3107 1459 3144 in
1483 3108 1618 3158 proelio
1645 3106 1729 3146 Rex
1754 3108 1826 3148 Le-

847 3159 911 3202 Zz
929 3175 950 3202 z
967 3170 990 3199 z
1746 3173 1826 3220 gio.

155 3248 226 3294 (a)
251 3239 459 3290 Neutr'alias
471 3266 530 3290 nec
543 3254 668 3290 amicos
684 3256 806 3305 parit,
830 3270 890 3293 nec
902 3259 1056 3296 inimicos
1072 3258 1178 3296 tollit.
1208 3261 1332 3309 Polyb.
1377 3264 1441 3308 (b)
1471 3265 1555 3299 Mar.
1573 3262 1650 3298 Hist
1674 3265 1734 3300 lib.
1763 3277 1775 3301 1
1789 3278 1819 3301 1.

0 3325 2 3330 ν
50 3314 128 3352 cap.
162 3313 218 3348 ¹5·
