2132 3730
295 260 376 306 133
731 243 1662 287 DJDACJ·SAAVEDRAE

463 337 504 375 ln
527 334 670 372 illarum
694 331 880 367 virtutum
906 327 1091 366 exercitio
1108 355 1120 374 ,
1150 338 1234 376 quae
1267 328 1364 366 circa
1390 328 1555 366 alienum
1580 327 1731 367 bonum
1760 328 1974 376 versantur,
2003 339 2093 378 qua-

290 399 346 437 les
370 396 453 436 sunt
479 387 748 435 Generofitas,
779 386 817 426 δε
835 385 1127 434 Misericordia,
1156 385 1303 436 semper
1318 384 1402 426 fere
1426 387 1586 438 periculi
1610 386 1751 437 aliquid
1770 387 1847 434 est,
1876 397 1940 426 aut
1954 386 2094 427 damni:

290 467 417 507 neque
438 453 539 492 enim
559 448 602 488 iis
617 446 848 500 respondere
873 446 968 486 solet
990 447 1190 497 proemium
1208 444 1427 499 Principum
1443 477 1455 496 ,
1486 457 1613 497 neque
1637 444 1772 496 favor,
1801 448 1838 487 δι
1854 446 2094 487 benevolen-

290 519 342 556 tia
362 522 494 553 mutua
523 509 775 556 Amicorum,
805 518 1014 556 eorumve,
1045 506 1110 557 qui
1137 505 1250 544 nobis
1277 505 1452 558 sanguine
1491 505 1683 558 conjunCti
1713 506 1823 554 sunt3
1852 510 1971 547 immo
1999 500 2093 547 d'um

289 573 397 615 certo
425 568 655 610 confidimus
679 564 766 608 fore
784 597 796 617 ,
827 576 869 606 ut
892 567 1018 606 Amici
1043 563 1170 606 nostra
1202 564 1384 606 aestiment
1411 565 1609 617 obsequia,
1640 565 1678 606 δι
1709 567 1863 606 viciffim
1893 565 2029 607 nostris
2054 567 2096 606 in

288 631 466 686 periculis
495 626 604 678 vita,
633 627 876 679 fortunisque
902 626 972 666 suis
1003 626 1116 666 nobis
1142 623 1283 665 auxilio
1314 624 1407 676 fint,
1436 627 1476 666 in
1504 637 1673 665 errorem
1709 625 1819 666 istum
1840 638 1912 666 nos
1944 625 2098 666 induxit

286 690 470 745 obligatio
489 690 665 743 propria,
695 688 757 728 cui
779 696 821 726 ut
835 685 1018 727 faciamus
1037 685 1137 734 satis,
1167 683 1284 725 nostri
1301 684 1399 737 saepe
1424 686 1682 726 obliviscimur
1704 687 1824 729 exitii.
1881 685 2038 726 Interim
2066 684 2098 726 fi

284 754 324 792 in
342 752 598 793 calamitatem
619 750 780 800 aliquam
810 758 881 787 nos
907 745 1076 785 incidere
1106 746 1336 797 contigerit,
1367 745 1581 786 subducunt
1612 745 1688 785 sese
1717 746 1790 794 illi,
1820 744 1859 784 &
1881 757 1955 785 nos
1983 743 2097 786 desti·

284 821 411 852 tuunt.
471 809 536 850 Ad
556 807 699 861 Jobum
725 806 812 847 ciim
842 807 947 846 omni
962 808 1147 845 malorum
1168 817 1309 858 genere
1334 803 1474 844 acerbe
1493 804 1780 845 confliCtantem
1805 804 1872 844 soli
1890 814 1966 844 tres
1984 805 2096 844 amici

284 871 519 918 inviserant,
549 868 758 920 &quidem
775 866 795 905 a
816 866 909 905 Deo
948 864 1022 919 (a)
1053 866 1212 914 moniti,
1243 877 1317 905 nec
1343 875 1464 916 opere
1488 873 1640 915 tamen,
1668 865 1706 905 &
1731 864 1852 917 reipsa
1875 864 2003 905 eidem
2029 874 2101 904 ve-

284 928 377 972 nere
399 928 592 972 subsidio.
625 926 690 967 sed
723 927 851 971 verbis
877 924 1088 975 duntaxat,
1119 924 1158 964 δι
1182 925 1462 965 monitionibus
1495 925 1632 976 asperis
1651 955 1664 974 ,
1701 925 1838 976 quibus
1874 924 2101 977 patientiam

284 992 365 1042 ejus
392 987 543 1042 egregie
560 987 806 1027 exercebant.
864 983 1069 1036 Postquam
1090 984 1189 1024 vero
1211 984 1323 1024 Deus
1338 983 1505 1025 eundem
1531 986 1669 1023 iterum
1692 983 1909 1036 respexisset
1930 984 2103 1036 benigni-

283 1062 348 1099 uS,
378 1049 417 1089 δε
441 1048 554 1088 bonis
577 1047 756 1087 omnibus
779 1044 908 1085 denuo
937 1044 1106 1097 coepiffet
1122 1046 1338 1093 cumulare,
1369 1044 1539 1095 undique
1556 1043 1604 1083 ad
1619 1055 1707 1083 eum
1724 1054 2001 1084 concurrerunt
2015 1056 2099 1083 non

282 1108 551 1161 consanguinei
575 1106 717 1155 sol‘um,
746 1105 810 1146 sed
830 1106 855 1144 ii
871 1106 1007 1154 etiam,
1039 1106 1104 1156 qui
1121 1116 1210 1144 eum
1231 1117 1312 1143 non
1330 1104 1398 1143 nisi
1421 1102 1441 1143 a
1457 1103 1556 1144 facie
1570 1113 1782 1153 noverant,
1813 1103 1852 1143 &
1868 1102 2005 1143 mensae
2018 1103 2100 1156 ejus

282 1169 566 1217 accubuerunt,
594 1176 638 1206 ut
653 1175 841 1206 tantarum
860 1164 1154 1217 prosperitatum
1172 1165 1377 1215 participes
1407 1164 1483 1216 (b)
1514 1163 1663 1203 fierent.

455 1227 573 1267 Error
591 1225 659 1278 iste
674 1226 741 1265 sub
765 1225 893 1277 specie
917 1225 1033 1273 boni,
1064 1222 1102 1264 &
1128 1224 1256 1262 auxilii
1272 1225 1415 1271 mutui,
1447 1236 1491 1262 ac
1510 1224 1753 1275 obligationis
1784 1222 1927 1261 multos
1955 1222 1994 1260 in
2021 1223 2097 1262 rui-

281 1300 370 1329 nam
392 1287 499 1328 dedit
518 1288 761 1340 praecipites,
791 1285 858 1336 qui
876 1284 964 1324 cum
987 1281 1178 1323 beneficia
1198 1284 1296 1322 inter
1314 1284 1407 1322 alios
1428 1280 1689 1332 seminassent,
1718 1294 1798 1322 non
1815 1281 1883 1321 nisi
1905 1283 2099 1333 ingratitu-

283 1348 412 1387 dinem
450 1347 488 1387 &
515 1346 604 1386 odia
633 1343 866 1385 messuerunt
891 1342 1046 1395 postea,
1078 1341 1207 1382 hostes
1244 1342 1509 1393 experiendo,
1538 1353 1638 1393 quos
1669 1344 1813 1381 amicos
1840 1339 1928 1380 ante
1958 1341 2102 1381 habue-

281 1416 386 1456 rant,
417 1409 470 1446 ita
491 1415 534 1445 ut
561 1407 743 1445 viverent
774 1403 976 1455 deinceps,
1010 1402 1048 1441 &
1072 1411 1314 1441 morerentur
1345 1400 1530 1441 infelices.
1590 1398 1753 1452 Spiritus
1785 1399 1901 1439 sanc‘ti
1927 1399 2103 1442 divinum

281 1466 481 1507 oraculum
505 1463 578 1505 est:
607 1464 678 1518 (ε)
710 1463 782 1503 Fili
805 1465 870 1512 mi,
891 1459 1223 1516 fispqoondmspro
1244 1462 1346 1500 amico
1363 1468 1440 1510 tuo,
1472 1458 1616 1513 defiristi
1635 1460 1731 1511 apud
1747 1468 1949 1499 extraneum
1966 1473 2102 1501 manum

282 1534 399 1576 tuam,
428 1528 633 1579 illaqueatus
654 1537 690 1563 es
706 1523 824 1563 verbis
848 1524 919 1563 oris
942 1524 1014 1570 tm',
1044 1520 1095 1565 63Β
1120 1528 1241 1572 captus
1263 1522 1422 1572 propriis
1438 1516 1662 1569 sermonibus.
1720 1518 1890 1569 Nosque
1923 1520 2104 1558 exhorta⁴

281 1595 370 1634 tur,
406 1595 449 1625 ut
477 1583 613 1623 oculos
637 1583 785 1634 semper
820 1592 976 1633 apertos
1005 1580 1237 1628 habeamus,
1265 1579 1306 1618 &
1333 1590 1537 1618 caveamus
1555 1579 1669 1618 nobis
1698 1578 1744 1617 ab
1770 1578 1879 1617 amici
1900 1579 2099 1628 manibus,

282 1643 485 1696 quomodo
505 1643 575 1682 fibi
599 1651 713 1681 cavet
728 1641 898 1687 damula,
928 1648 994 1678 aut
1023 1640 1104 1678 avis
1134 1638 1155 1678 a
1183 1638 1357 1678 manibus
1374 1635 1450 1691 (A)
1478 1637 1702 1678 Venatori&
1763 1637 1859 1678 Bene
1872 1650 1956 1689 age,
1980 1638 2030 1682 &³
2046 1652 2104 1678 ca-

279 1716 326 1743 ve
345 1703 418 1743 tihi.
480 1699 734 1741 Castellanum
752 1698 1004 1752 proverbium
1022 1696 1095 1746 est,
1127 1698 1173 1736 ab
1197 1695 1434 1750 experientia
1456 1708 1602 1738 natum.
1661 1695 1761 1737 Non
1777 1699 1859 1739 hoc
1871 1699 2023 1738 illorum
2034 1697 2121 1748 est„

281 1764 347 1816 qui
364 1762 566 1802 sibisolum
590 1762 752 1809 vivunt,
780 1770 855 1800 nec
874 1754 1141 1799 Misericordia
1176 1768 1243 1798 aut
1272 1756 1471 1797 charitate
1498 1758 1652 1798 moveri
1686 1756 1725 1797 se
1747 1756 1893 1807 finunt,
1924 1766 1968 1797 ut
1992 1760 2099 1798 malis

281 1823 412 1863 alienis
434 1820 647 1861 remedium
674 1818 863 1862 adferant.
925 1817 1213 1858 Obsurdescunt
1234 1818 1414 1870 penitus,
1445 1816 1483 1857 &
1501 1818 1596 1857 coeci
1618 1816 1717 1858 fiunt
1739 1816 1787 1856 ad
1819 1818 1982 1869 gemitus
2009 1820 2099 1857 alio-

285 1894 374 1924 rum
399 1879 640 1921 &infaustos
671 1878 796 1926 casus,
828 1889 986 1917 omnem
1001 1877 1193 1929 fugientes
1212 1876 1457 1917 occasionem
1481 1877 1556 1917 sese
1570 1878 1639 1918 illis
1653 1876 1913 1925 immiscendi,
1942 1889 2020 1929 quo
2041 1877 2099 1927 fit,

284 1954 328 1981 ut
347 1941 368 1980 ὲ
390 1941 488 1980 curis
506 1939 544 1979 δε
568 1936 748 1979 molestiis
768 1938 957 1976 immunes
976 1936 1049 1975 fint
1070 1947 1115 1975 ac
1137 1937 1244 1975 liberi
1265 1966 1278 1984 ‚
1312 1935 1352 1975 &
1376 1936 1404 1974 sl
1425 1948 1555 1975 novos
1578 1937 1647 1975 sibi
1669 1950 1750 1976 non
1784 1938 1988 1976 conciliant
2010 1940 2101 1977 amia

285 2013 355 2041 cos
377 2031 389 2049 ‚
420 1999 570 2039 servant
587 2007 714 2038 tamen
740 2007 809 2036 eos
829 2027 841 2045 ,
871 2007 969 2047 quos
993 1995 1149 2035 habent.
1210 1993 1309 2033 Non
1337 1994 1583 2034 inclarescent
1604 2007 1653 2034 ex
1669 2007 1733 2043 eo,
1756 1996 1862 2047 quod
1883 1998 1919 2035 in
1940 1997 2101 2038 aliorum

285 2060 430 2101 faciunt
450 2060 603 2111 gratiam
618 2088 628 2106 ,
660 2056 724 2096 sed
746 2055 853 2108 quod
874 2054 1002 2094 facere
1040 2055 1298 2093 intermittunt
1318 2052 1453 2105 potitis
1474 2083 1486 2101 ‚
1509 2066 1596 2093 nam
1615 2056 1672 2093 alii
1699 2054 1736 2094 id
1751 2054 1964 2106 prudentiae
1981 2059 2098 2096 tribu-

286 2130 365 2160 ent.
428 2119 682 2168 Praererquam
699 2115 806 2168 quod
823 2114 1080 2154 communiter
1109 2114 1226 2165 pluris
1252 2112 1434 2151 aestimare
1454 2113 1640 2151 soleamus
1663 2126 1773 2159 eum,
1794 2116 1856 2164 qui
1871 2114 1998 2155 nostra
2017 2129 2097 2157 non

283 2190 371 2232 eget
391 2175 530 2230 opera,
561 2187 712 2228 nosque
737 2175 946 2227 despiciens
962 2203 974 2223 ,
1003 2170 1067 2213 sua
1082 2171 1198 2224 ipsius
1222 2172 1324 2211 sorte
1341 2181 1547 2211 contentus
1564 2173 1673 2211 vivit.
1755 2172 1874 2212 Unde
1889 2175 2099 2227 perspeffis

285 2238 481 2279 ordinariis
500 2238 702 2277 hominum
741 2235 938 2284 moribus,
969 2232 1177 2273 consultius
1211 2230 1316 2272 forte
1346 2231 1467 2271 videri
1487 2230 1612 2284 puiset
1632 2261 1644 2280 ,
1676 2234 1908 2273 calamitates
1936 2233 2099 2276 aliorum

286 2297 415 2340 otiose
433 2297 602 2350 spectare
625 2295 817 2344 solum&
836 2293 1059 2335 diffimulare
1077 2322 1092 2338 ,
1121 2291 1169 2331 ad
1189 2293 1392 2331 utilitatem
1410 2292 1605 2343 propriam
1623 2293 1789 2332 animum
1811 2293 1961 2346 semper
1983 2296 2096 2337 refle-

287 2358 430 2399 &endo
453 2387 466 2406 ,
496 2368 568 2397 nec
585 2354 686 2397 illam
708 2356 886 2407 periculis
904 2354 942 2394 &
961 2353 1108 2393 casibus
1126 2352 1257 2391 alienis
1278 2351 1538 2392 commiscere.
1617 2350 1768 2392 Verum
1784 2350 1912 2393 isthaec
1935 2353 2096 2397 Politica

289 2418 479 2458 contraria
494 2415 586 2456 effet
607 2416 833 2469 obligationi
861 2411 1081 2454 Christianae
1097 2442 1110 2462 ‚
1139 2411 1315 2451 humanae
1337 2411 1537 2461 charitati,
1568 2412 1606 2452 δε
1634 2412 1711 2452 aliis
1725 2412 1898 2465 pluribus
1914 2414 2097 2457 honestis-

293 2478 394 2519 ssmis
422 2477 628 2516 virtutibus
657 2487 742 2527 quae
763 2475 924 2528 propius
947 2485 1020 2514 nos
1049 2471 1099 2512 ad
1131 2470 1265 2512 Deum
1289 2470 1434 2512 faciunt
1458 2471 1656 2512 accedere.
1713 2471 2097 2527 Ista,inquam,Po-

287 2539 389 2578 litica
411 2548 568 2577 omnem
592 2534 812 2576 diss'olveret
832 2535 987 2574 civilem
1016 2532 1236 2573 societatem
1258 2562 1270 2580 ,
1302 2543 1387 2584 quae
1420 2534 1458 2573 in
1483 2544 1533 2573 eo
1554 2532 1677 2586 posita
1696 2531 1752 2572 est
1768 2563 1781 2582 ,
1810 2542 1855 2573 ut
1871 2535 2032 2588 quisque
2054 2537 2094 2578 δε

289 2598 357 2639 sibi
374 2598 484 2637 vivat
501 2627 514 2646 ,
527 2596 664 2638 &aliis.
708 2594 844 2634 Virtus
858 2593 1113 2634 exterioribus
1126 2592 1237 2645 signis
1248 2591 1515 2633 &testimoniis
1527 2606 1604 2633 non
1615 2592 1768 2646 indiget.
1783 2592 1855 2647 (e)
1871 2593 2093 2649 Sibimetpul-

287 2659 456 2699 cherrima
488 2669 626 2697 merces.
696 2655 804 2711 Quin
841 2654 949 2695 tanto
974 2654 1136 2706 amplius
1159 2652 1240 2704 ejus
1263 2651 1454 2704 perfectio
1481 2654 1650 2694 enitescit
1665 2682 1678 2701 ,
1710 2653 1748 2693 &
1765 2655 1883 2706 gloria
1900 2684 1914 2704 ,
1943 2657 2091 2708 quanto

289 2720 414 2758 minus
444 2717 480 2755 ei
502 2716 724 2767 rependitur
752 2724 956 2755 mutuum:
985 2726 1074 2755 nam
1100 2711 1343 2754 benefacere
1364 2713 1415 2753 ob
1429 2712 1544 2754 solam
1558 2713 1662 2765 spem
1687 2714 1945 2755 retributionis
1962 2746 1975 2764 ,
2003 2728 2094 2756 ava.
2131 2737 2132 2740 =

288 2779 381 2817 ritiae
398 2775 570 2827 quaedam
589 2775 732 2828 species
750 2774 804 2815 est
824 2788 837 2823 ;
868 2774 907 2815 &
938 2774 967 2813 si
984 2775 1045 2814 illa
1066 2773 1230 2813 obtineri
1253 2784 1332 2812 non
1353 2773 1462 2824 pollit
1476 2804 1488 2824 ,
1517 2775 1621 2826 gravi
1640 2773 1775 2814 dolore
1795 2773 1997 2815 conficitur
2014 2777 2092 2816 ani-
2130 2776 2132 2814 i

290 2849 386 2877 mus.
444 2835 540 2874 Illud
562 2847 653 2889 ergo
669 2835 820 2875 stimulo
839 2835 952 2874 nobis
969 2834 1013 2874 fit
1033 2865 1044 2882 ‚
1075 2832 1182 2886 quod
1199 2833 1312 2872 nobis
1331 2833 1417 2885 ipsis
1439 2833 1637 2883 debemus,
1654 2834 1759 2873 uti&
1778 2830 2089 2885 εκεηιρΙυῐῃΒεί
2129 2829 2132 2879 ἑ

291 2892 440 2936 infinite
461 2895 578 2942 boni,
603 2896 667 2947 qui
681 2896 744 2935 sua
763 2894 910 2946 semper
927 2893 1097 2946 dispertit
1119 2890 1307 2932 beneficia
1326 2923 1339 2941 ‚
1369 2895 1406 2932 in
1427 2906 1494 2933 eos
1513 2896 1626 2933 etiam
1643 2923 1657 2942 ,
1687 2895 1751 2945 qui
1768 2894 1891 2932 minus
1909 2904 2036 2946 gratos
2051 2896 2088 2936 se
2128 2883 2131 2940 ἶ

292 2956 490 2996 exhibent.
550 2953 764 2995 Prudentiae
789 2964 916 2995 tamen
938 2953 994 2994 est
1009 2953 1175 3005 tempori
1191 2951 1405 3003 advertere,
1424 2955 1490 2994 ubi
1507 2954 1543 2994 &
1566 2953 1720 3006 quando
1738 2953 2008 2993 benevolentia
2029 2967 2087 2996 re·
2126 2955 2130 3030 2

1935 3026 2090 3066 ciproca

316 3074 2091 3087 mmm—*mm*-
2125 3080 2126 3083 ,

391 3099 448 3143 (a)
466 3094 655 3131 Audientes
679 3103 751 3130 tres
767 3096 874 3131 amici
888 3092 959 3143 Job
974 3106 1069 3130 omne
1083 3091 1216 3131 malum
1230 3119 1239 3133 ,
1264 3092 1354 3146 quod
1364 3092 1535 3140 accidzffi’t
1549 3094 1583 3130 ei
1595 3120 1604 3134 ‚
1629 3102 1804 3129 venerunt
1822 3120 1831 3134 ,
1857 3092 1942 3131 licut
1955 3093 2086 3132 locutus
2124 3098 2126 3139 ξ

286 3147 418 3199 fuerat
429 3149 596 3184 Dominus
608 3143 659 3181 ad
676 3159 739 3182 eos.
764 3147 831 3195 Job
854 3160 888 3184 2.
905 3158 915 3182 1
930 3158 943 3183 1
953 3173 962 3183 .
1016 3146 1076 3194 (b)
1095 3149 1263 3182 Venerunt
1281 3156 1402 3182 autem
1418 3146 1470 3183 ad
1482 3159 1559 3183 eum
1573 3157 1684 3182 omnes
1689 3141 1834 3197 fratres
1837 3144 1898 3192 fiai
1912 3174 1922 3188 ‚
1949 3145 1995 3189 ό*
2007 3148 2086 3185 uni·
2123 3144 2132 3194 »¹1

295 3198 599 3246 vezlksbroressicae
619 3225 628 3238 ,
653 3195 697 3239 όν
724 3200 841 3235 cundi
853 3200 914 3251 qui
934 3207 1110 3236 noverant
1128 3210 1207 3234 eum
1223 3199 1324 3250 prius
1338 3225 1347 3240 ,
1365 3197 1410 3241 dv
1427 3197 1643 3235 comederunt
1660 3210 1736 3234 cum
1750 3211 1784 3234 eo
1798 3209 1928 3251 panem
1945 3199 2085 3237 indomo
2122 3202 2132 3224 *²

296 3253 381 3298 aey'us.
403 3254 468 3301 job
478 3267 538 3300 42.
561 3264 617 3288 11:
669 3251 725 3297 (c)
743 3252 851 3288 Prov.
870 3256 943 3288 ΕΛ.
995 3252 1055 3299 (d)
1070 3254 1197 3288 Emere
1215 3249 1316 3303 quasi
1332 3251 1478 3289 damula
1501 3249 1543 3287 de
1557 3262 1666 3287 manu
1678 3276 1689 3291 .
1715 3248 1760 3293 &-
1775 3250 1963 3304 quafiavis
1976 3251 2017 3289 de
2032 3254 2084 3289 in«-
2121 3225 2132 3291 l

287 3302 392 3352 Jidiis
407 3306 556 3355 aucupis.
585 3305 694 3340 Prov.
713 3307 747 3341 6.
772 3315 804 3350 5.
856 3304 914 3350 (e)
938 3303 997 3342 Sil.
1014 3304 1037 3340 l.
1062 3315 1118 3351 13.
2120 3304 2132 3338 Q

2117 3433 2123 3459 ll
