2132 3730
497 163 1475 210 SYMBOLAPOLITICA.
1833 183 1883 220 19

257 253 290 305 §.
321 248 536 304 Astrologia
557 251 723 304 denique
746 248 942 302 judiciaria
972 252 1082 290 multi
1110 250 1304 302 Principes
1331 259 1521 303 pereunt:
1557 246 1613 289 est
1649 251 1751 289 enim
1777 256 1885 303 cupi-

84 313 179 353 ditas
202 313 262 352 illa
276 311 457 352 noscendi
475 310 603 351 futura
620 311 658 351 in
684 310 884 360 omnibus3
911 311 999 363 quia
1021 321 1188 361 namque
1219 321 1393 363 magnam
1415 309 1484 350 fibi
1506 320 1556 349 ex
1581 320 1632 350 eo
1651 310 1884 361 pollicentur

84 373 366 420 auctoritatem,
395 371 423 411 fi
441 370 528 411 Diis
544 383 652 423 pares
668 369 899 418 habeantur,
928 370 965 410 δι
989 369 1161 421 quaedam
1182 368 1290 421 supra
1311 381 1558 410 communem
1584 369 1784 409 hominum
1807 369 1885 409 sor-

83 444 160 473 tem
176 432 312 484 poffint
338 431 508 481 efficere,
544 429 808 471 consectantur
825 439 923 469 artes
947 428 1237 481 superstitiosas,
1260 429 1298 468 &
1323 431 1474 481 populo
1503 429 1662 472 invisas:
1697 430 1788 482 quin
1813 431 1882 470 im-

81 504 148 532 mo
176 503 224 530 eo
243 503 516 542 nonnunquam
541 491 742 530 deinentiae
761 489 978 542 procedunt
991 520 1003 539 ,
1026 498 1070 528 ut
1089 488 1174 528 solis
1193 488 1320 528 cauffis
1336 488 1508 528 secundis
1527 487 1724 530 ass'cribant
1740 491 1885 538 omnia,

81 550 418 602 &providentiam
437 551 603 591 divinam
619 549 770 603 prorsus
796 551 931 589 tollant
960 547 983 588 ὲ
1001 548 1153 597 medio,
1182 548 1219 588 in
1247 549 1434 600 auspicia,
1467 547 1506 587 &
1528 548 1715 601 sortilegia
1745 548 1884 588 cuneta

81 610 300 651 referentes.
364 610 458 664 Quo
480 610 634 651 demum
656 609 720 658 fit,
745 619 788 648 ut
803 610 888 661 plus
905 607 1058 648 casui&
1074 606 1264 656 fortunae,
1284 607 1398 659 quam
1418 607 1630 659 prudentiae
1644 609 1682 648 &
1696 607 1884 649 industriae

81 672 254 711 humanae
279 671 512 720 tribuentes,
539 672 578 710 in
615 668 861 710 decernendo
888 669 925 707 &
957 667 1106 721 agendo
1143 667 1367 708 remiffiores
1396 666 1492 715 smt;
1516 676 1630 720 atqne
1656 668 1882 722 Astrologos

81 730 212 784 saepius
225 760 238 781 ,
261 729 375 783 quam
396 727 638 773 Consiliarios
660 732 699 771 in
720 729 1036 770 deliberationem
1063 726 1280 768 adhibeant.

505 899 1296 972 SYMBOLUM
1376 899 1455 966 V.

82 2396 345 2538 RAdices
354 2402 485 2444 artium
501 2394 807 2452 amaraeffruerus
825 2397 911 2440 verb
931 2395 1058 2440 dulcem
1087 2408 1295 2453 eapropter
1322 2396 1472 2452 defugit
1502 2408 1566 2438 eas
1594 2396 1704 2440 initio
1732 2396 1884 2440 Natura

232 2461 379 2511 nostra,
395 2474 469 2503 nec
491 2463 588 2502 ullus
606 2461 641 2500 ei
661 2462 771 2502 labor
792 2460 930 2500 accidit
944 2461 1118 2512 gravior,
1138 2460 1252 2513 quam
1278 2472 1394 2512 quern
1419 2461 1458 2499 in
1474 2460 1597 2511 prima
1613 2460 1802 2501 elementa
1814 2462 1884 2501 im·

232 2522 348 2575 pendi
367 2522 516 2562 necess'e
530 2519 600 2560 est:
630 2523 772 2574 magnis
795 2522 898 2561 enim
928 2519 1136 2569 molestiis,
1166 2520 1204 2560 δε
1220 2522 1344 2560 multo
1373 2519 1511 2559 sudore
1533 2530 1578 2558 ea
1603 2531 1663 2559 res
1686 2520 1885 2571 juventuti

83 2582 243 2624 constat.
306 2578 425 2622 Isthac
446 2583 557 2635 igitur
574 2579 623 2620 de
643 2577 782 2629 causta,
804 2580 842 2620 &
864 2579 952 2632 quia
967 2578 1088 2619 studia
1108 2578 1243 2619 affidua
1261 2578 1474 2631 deposcunt
1491 2590 1668 2630 operam,
1692 2579 1800 2631 quod
1817 2591 1887 2620 va-

82 2643 243 2692 leurdo,
262 2639 301 2680 &
324 2642 417 2681 aulae
443 2641 623 2694 negotia,
638 2650 753 2693 atque
774 2640 1057 2680 oblectamenta
1076 2652 1157 2679 non
1177 2639 1324 2688 finunt,
1350 2647 1510 2690 oportet
1530 2647 1572 2677 ut
1593 2633 1767 2691 Magistri
1778 2651 1884 2680 com-

81 2704 218 2757 penset
234 2699 434 2751 industria,
456 2702 561 2742 varia
577 2698 831 2755 excogitando
843 2698 1132 2751 media‚quibus
1142 2698 1332 2740 molestias
1353 2696 1597 2738 institutionis
1625 2699 1772 2739 lusuum
1789 2711 1884 2752 pue-

82 2762 207 2803 rilium
234 2761 419 2801 suavitate
443 2761 496 2802 fic
518 2758 692 2810 condiat,
723 2771 768 2801 ut
795 2760 927 2800 sensim
959 2758 1038 2800 fine
1065 2759 1192 2809 sensu,
1222 2772 1307 2812 quae
1327 2756 1553 2799 addiscenda
1578 2758 1683 2809 sunt,
1703 2761 1886 2813 Principis

84 2825 230 2863 animus
250 2821 420 2860 imbibat.
479 2819 658 2872 Exempli
687 2819 828 2870 causta,
854 2829 897 2860 ut
921 2821 1048 2873 legere
1085 2821 1117 2859 is
1153 2819 1297 2870 discat,
1331 2822 1410 2860 hoc
1436 2816 1599 2858 artificio
1623 2828 1751 2859 utatur
1779 2821 1885 2864 licet,

82 2881 194 2923 Fiant
217 2882 335 2922 taxilli
354 2877 513 2920 omnino
535 2890 697 2932 quatuor
724 2881 761 2921 &
777 2881 930 2934 viginti,
961 2880 1099 2932 quibus
1117 2879 1374 2932 insculpantur
1395 2877 1558 2919 totidem
1591 2879 1785 2931 alphabeti
1804 2881 1885 2920 lite-

83 2954 155 2992 rae,
179 2951 261 2982 tum
285 2938 480 2981 colludant
504 2940 617 2991 aliqui
639 2941 735 2980 inter
752 2936 813 2990 se,
844 2940 882 2981 δι
908 2940 972 2993 qui
996 2935 1101 2992 jactu
1125 2950 1205 2979 uno
1233 2941 1362 2992 plures
1383 2936 1604 2991 express‘erit
1627 2937 1805 2990 syllabas,
1821 2948 1886 2978 aut

83 3003 248 3043 verbum
267 2998 493 3042 formaverit
517 2999 868 3053 integrum,vi6tor
893 3002 1092 3053 praemium
1113 2997 1282 3049 auferat‚·
1314 3010 1393 3052 quo
1418 2998 1632 3039 victoriolae
1660 3000 1697 3040 &
1719 2997 1888 3039 obleeta-

85 3063 200 3103 tionis
223 3072 364 3115 genere
390 3062 452 3101 ille
483 3059 649 3100 discendi
681 3059 789 3101 labor
817 3059 932 3114 longe
955 3059 1024 3101 fiet
1057 3059 1223 3101 facilior:
1257 3060 1344 3113 plus
1376 3060 1477 3099 enim
1511 3059 1740 3099 difficultatis
1767 3058 1886 3097 habet

86 3123 299 3162 chartarum
325 3121 445 3170 lusus,
467 3131 582 3172 quem
599 3130 726 3159 tamen
742 3133 836 3161 mox
865 3122 1020 3173 capiunt
1039 3121 1162 3173 pueri.
1221 3119 1344 3161 Nunc
1363 3129 1406 3158 ut
1430 3119 1593 3159 scribere
1612 3121 1724 3158 etiarn
1743 3116 1888 3159 eodem

88 3180 322 3237 compendio
348 3180 544 3223 condiscat
565 3180 767 3234 Princeps,
797 3181 970 3283 sualgrim
992 3182 1118 3223 literas
1148 3182 1189 3223 in
1215 3183 1323 3223 tenui
1350 3177 1467 3221 incidi
1487 3175 1624 3220 lamina
1653 3190 1727 3231 qua
1745 3177 1888 3218 deinde

937 3253 959 3282 2
1781 3238 1889 3278 char-
