2132 3730
476 228 1455 309 SYMBOLAPO'LJTJCA.
1788 265 1885 324 ²227

72 355 196 400 deret;
225 349 370 390 alterum
393 347 492 402 quod
509 348 593 389 nihil
607 350 637 390 ei
647 346 830 402 fiffceret.
895 351 993 404 Quae
1016 350 1123 389 causa
1150 352 1263 390 etiam
1282 350 1356 390 fuit
1381 350 1700 401 Atheniensibus,
1733 364 1774 392 ut
1798 355 1883 395 Μεί-

66 413 260 466 >gistratum
279 420 360 448 non
380 407 449 448 nisi
465 405 822 460 &locupletioribus
848 411 1040 463 legerent,
1072 410 1109 449 &
1126 410 1313 450 rationem
1333 410 1397 450 dat
1418 410 1663 461 Aristoteles,
1687 412 1793 464 quod
1807 415 1882 468 (a)

71 465 356 526 quafiinpoffibile
366 468 438 520 fit,
467 470 528 521 qui
546 480 667 520 egenus
679 467 826 522 existat,
853 483 927 510 eum
944 470 1024 509 hene
1043 467 1300 522 Magistratmn
1317 483 1459 523 gerere,
1491 481 1556 511 aar
1577 474 1721 526 quietem
1750 481 1881 525 optare,

67 529 150 570 Etfl
165 529 290 581 negari
307 540 387 568 non
402 527 539 579 poliit,
564 527 708 568 inultos
731 531 939 570 etiamnum
962 527 1035 569 affe
1053 530 1159 568 viros
1175 528 1336 582 insignes
1355 532 1393 570 in
1412 529 1620 581 Hispania,
1650 534 1714 585 qui
1738 537 1883 588 absque

64 589 216 641 magnis
239 586 403 627 fortunis
423 587 471 626 ad
490 587 613 627 officia
625 589 782 640 publica
803 590 963 638 admisti,
995 588 1032 628 δε
1049 589 1172 628 rursus
1195 589 1329 630 iisdem
1345 588 1518 630 defuneti
1537 590 1633 631 sunt.

241 646 275 698 §.
305 645 491 695 Ministri‚
524 650 589 699 qui
610 651 772 701 amplam
788 652 891 690 alunt
905 649 1083 689 familiam
1095 678 1107 696 ,
1125 660 1264 701 magno
1278 649 1491 689 Provinciis
1507 650 1591 689 sunt
1607 655 1712 692 oneri
1728 666 1738 692 :
1753 665 1886 705 quarn-

68 706 128 745 vis
154 706 254 746 enim
279 708 349 759 ipsi
366 709 598 760 integerrimi
631 708 721 757 sint,
753 722 833 749 non
857 720 993 750 omnes
1015 718 1143 747 tamen
1165 708 1381 749 eorundem
1402 708 1627 758 domestici,
1659 723 1773 764 atque
1790 714 1882 754 ideo

69 764 163 808 haud
171 761 323 822 frustra
352 766 509 807 Senatui
528 768 708 808 Romano
730 767 801 824 (b)
824 769 991 823 placitum
1006 768 1099 816 olim,
1128 765 1333 818 nefoeminae
1355 771 1391 808 in
1399 765 1524 818 βείω,
1552 778 1617 809 aut
1636 780 1752 822 gentes
1773 781 1883 813 exter-

69 838 133 866 nas
147 827 383 866 traherentur.
445 827 639 868 Persarum
661 829 789 881 Reges
806 830 846 869 in
873 828 1076 880 praecipuis
1100 826 1404 868 Gubernationis
1425 830 1648 869 muneribus
1676 830 1884 872 Eunucho-

0 890 2 929 ζ
68 897 152 926 rum
178 888 384 926 utebantur
415 886 484 942 (c)
516 886 654 940 opera,
687 889 794 940 quod
810 889 850 928 hi
873 888 920 927 ab
943 899 1109 927 uxorum
1131 885 1221 926 cura
1244 888 1465 940 affectuque
1481 889 1625 929 ditandi
1646 890 1789 930 liberos
1821 905 1886 933 ex-

67 944 211 999 pediti,
240 947 364 987 minus
383 950 435 987 rei
459 949 617 999 private-a
646 947 772 988 studio
794 957 1017 997 teneantur,
1047 957 1114 986 aut
1133 947 1290 988 subditis
1312 961 1450 1002 graves
1470 948 1552 989 sint.

241 1005 276 1058 §.
311 1008 392 1060 Qui
425 1008 661 1048 cumulandis
690 1009 854 1060 opibus,
882 1007 923 1047 δι
947 1006 1128 1047 Fortunae
1148 1007 1222 1047 suae
1245 1007 1477 1048 fabricanda:
1505 1010 1592 1061 plus
1615 1021 1727 1061 aequo
1764 1012 1887 1051 inten-

70 1063 185 1114 dunt,
216 1066 258 1106 iis
285 1079 442 1107 munera
469 1069 623 1120 publica
641 1068 785 1120 absque
800 1066 977 1120 periculo
995 1069 1187 1107 committi
1206 1078 1429 1120 nequeunt:
1458 1081 1546 1108 nam
1566 1069 1656 1108 licet
1674 1071 1775 1111 illam
1790 1084 1888 1112 non-

3 1176 5 1179 ·
69 1126 162 1165 nulli
185 1138 255 1177 per
273 1129 407 1167 merita
422 1127 461 1167 ἃς
475 1130 634 1180 gloriam
652 1139 790 1180 augere
807 1127 982 1167 studeant
999 1125 1026 1179 C
1037 1128 1102 1179 qui
1123 1126 1280 1179 quidem
1306 1130 1445 1181 optimi
1473 1128 1639 1169 Ministri
1660 1130 1777 1185 sunt)
1807 1134 1889 1183 ple-

69 1186 178 1236 rique
194 1196 321 1227 tamen
338 1188 448 1227 satius
471 1189 637 1238 ducunt,
669 1187 810 1228 divitiis
828 1200 912 1228 eam
936 1185 1213 1239 superstruere,
1245 1188 1359 1240 quam
1383 1190 1612 1241 proemium,
1645 1189 1683 1230 &
1712 1204 1888 1231 remune-

4 1253 7 1259 ’
68 1246 256 1287 rationem
285 1247 558 1298 obsequiorum
595 1247 817 1300 exspee‘tare
843 1247 864 1287 'a
885 1259 1002 1287 manu
1030 1246 1239 1299 Principis,
1272 1250 1502 1300 plerumque
1527 1248 1612 1289 fere
1640 1250 1783 1303 ingrata
1801 1264 1888 1304 erga

70 1315 179 1353 eum,
212 1307 277 1356 qui
304 1308 411 1358 plura
429 1309 582 1347 meruit.
643 1307 828 1347 Lucullus
844 1307 1008 1356 Consul,
1040 1319 1157 1358 quern
1186 1306 1331 1360 egestas
1355 1321 1536 1358 avarum,
1567 1312 1722 1350 avatitia
1753 1312 1887 1351 crude-

6 1370 9 1401 λ
69 1364 144 1403 lem
159 1364 326 1404 reddidit
344 1395 358 1414 ,
387 1367 441 1405 rei
467 1365 651 1417 augendae
669 1367 881 1418 cupiditate
901 1365 1062 1415 duetus,
1091 1365 1359 1418 injustissimum
1379 1369 1524 1409 bellum
1539 1368 1732 1421 Hispaniae
1750 1373 1888 1411 intulit.

238 1424 272 1476 §.
305 1424 572 1465 Commoratio
596 1429 633 1466 in
661 1427 778 1475 aulis,
809 1424 953 1466 exaffls
984 1427 1231 1476 muneribus,
1261 1427 1550 1468 efficaciffimum
1569 1428 1624 1468 est
1649 1432 1888 1481 remedium,

8 1480 10 1496 '
71 1483 124 1522 ob
146 1483 244 1524 male
271 1494 379 1536 parta
397 1485 616 1535 amittendi,
648 1485 686 1526 δε
706 1498 829 1538 poenae
859 1485 1064 1526 subeundae
1099 1496 1273 1535 metum,
1303 1500 1383 1539 quo
1408 1489 1446 1527 in
1480 1489 1605 1542 rigore
1631 1493 1757 1543 gratiae
1781 1493 1890 1531 locus

9 1556 11 1572 =
70 1541 145 1582 esse
167 1556 246 1584 non
265 1545 401 1593 debet,
431 1557 561 1596 neque
587 1547 778 1598 permitti,
808 1545 1005 1585 utdeli&a
1029 1547 1206 1597 pecuniae
1239 1559 1288 1586 ex
1317 1548 1507 1588 solutione
1545 1548 1801 1598 redimantur;
1832 1553 1889 1591 titi

70 1602 164 1643 fecit
189 1604 339 1657 Sergius
358 1603 483 1644 Galba
499 1605 663 1655 Praetor,
694 1606 831 1646 Romae
848 1605 1053 1657 aliquando
1070 1604 1119 1644 de
1148 1604 1225 1645 fide
1239 1606 1429 1647 Lusitanis
1451 1620 1531 1647 non
1551 1608 1696 1650 servata
1721 1611 1889 1663 postula-

12 1698 13 1702 ,
71 1673 146 1703 tus.
206 1664 245 1703 Si
267 1666 394 1704 omnia
412 1663 675 1705 Tribunalium
701 1663 869 1705 subsellia
893 1665 1057 1717 pellibus
1075 1663 1331 1705 sternerentur
1348 1679 1483 1706 eorum
1501 1666 1700 1718 Judicum,
1731 1674 1794 1721 qui
1819 1672 1888 1710 lar-

71 1725 277 1779 gitionibus
299 1727 493 1777 corrumpi
512 1725 548 1765 se
567 1726 655 1778 paffi
671 1725 774 1775 sunt,
793 1726 832 1765 id
855 1724 961 1776 quod
979 1723 1195 1773 Cambysen
1219 1724 1411 1767 Persarum
1435 1727 1607 1778 Regem,
1637 1729 1796 1781 ejusque
1821 1730 1890 1769 de-

68 1782 158 1823 inde
183 1787 364 1837 exemplo
388 1784 585 1836 Rogerum
605 1785 755 1836 Regem
778 1784 912 1825 Siciliae
941 1783 1072 1824 feciffe
1088 1785 1354 1836 meminimus,
1383 1786 1519 1838 majori
1541 1787 1642 1829 haud
1660 1789 1777 1830 dubie
1799 1801 1886 1831 cum

15 1898 17 1901 ·
71 1843 274 1897 Religione
296 1844 564 1885 observaretur
582 1846 787 1898 integritas.

2 2942 20 2969 m

439 2017 1254 2084 SYMBOLUM
1345 2017 1508 2086 LIV.

20 2167 21 2175 ¹
73 2163 332 2304 leertas
355 2168 393 2208 in
407 2154 629 2207 hominibus
644 2166 821 2205 naturalis
839 2162 894 2204 est
910 2194 923 2213 ,
953 2164 1177 2204 obedientia
1198 2164 1333 2205 εοειὸὶει
1347 2166 1474 2219 poene.
1534 2167 1599 2207 Illa
1625 2167 1817 2209 arbitrium
1833 2170 1884 2210 se-

219 2228 367 2279 quitur3
398 2228 481 2267 haec
497 2228 645 2266 ratione
666 2225 755 2264 duci
770 2228 807 2265 ie
825 2225 921 2265 finit,
982 2225 1120 2264 Ambae
1141 2225 1332 2278 oppofitae
1357 2227 1440 2267 sunt
1455 2256 1466 2274 ,
1497 2227 1534 2267 δε
1553 2229 1700 2280 semper
1717 2228 1798 2270 fere
1816 2243 1884 2281 pu-

221 2297 338 2341 gnant
354 2289 452 2328 inter
468 2288 505 2327 se
523 2317 534 2335 ‚
566 2286 669 2326 unde
686 2286 916 2325 rebelliones
939 2283 1141 2323 nascuntur
1159 2315 1170 2334 ,
1203 2286 1523 2340 proditionesque
1559 2287 1742 2329 adversus
1767 2291 1886 2342 legi-zi<

42 2333 46 2343 '
73 2362 181 2391 mum
207 2347 453 2388 Dominum.-
484 2359 650 2397 cumque
667 2345 907 2398 Respublicae
933 2343 1007 2398 (d)
1039 2344 1234 2384 subsistere
1254 2357 1448 2398 nequeant
1475 2377 1488 2397 ,
1518 2347 1586 2387 nisi
1616 2349 1707 2387 alius
1723 2350 1788 2399 sit,
1820 2354 1886 2401 qui

75 2411 239 2462 imperet
257 2436 270 2455 ‚
301 2409 360 2448 alii
379 2410 443 2461 qui
464 2407 670 2455 obediant,
701 2406 861 2458 quilibet
877 2407 1089 2456 supremam
1109 2415 1262 2456 optaret
1285 2407 1529 2460 potestatem,
1549 2408 1587 2447 &
1604 2408 1624 2448 a
1651 2409 1770 2462 seipso
1791 2422 1885 2461 pen-

77 2468 173 2508 dere
215 2478 412 2520 cuperet:
471 2466 578 2520 quod
621 2467 708 2518 quia
742 2465 824 2506 fieri
865 2477 945 2505 non
987 2463 1118 2516 potest
1138 2495 1151 2515 ,
1186 2466 1401 2508 libertatem
1430 2469 1531 2508 suam
1562 2471 1599 2508 in
1633 2481 1682 2508 eo
1723 2470 1888 2522 politam

78 2529 279 2568 arbitratur
298 2558 313 2576 ,
349 2538 392 2567 ut
437 2528 553 2580 ipsam
585 2527 871 2579 gubernationis
914 2523 1079 2565 formam
1124 2535 1249 2566 mutet
1297 2530 1336 2568 in
1375 2530 1497 2568 aliam.
1586 2527 1688 2567 Istud
1725 2531 1884 2582 Regno-

79 2600 165 2629 rum
183 2588 220 2627 &
237 2588 382 2627 Rerum
401 2589 639 2639 publicarum
657 2588 864 2627 maximum
883 2585 1096 2638 periculum
1117 2585 1170 2625 est
1187 2615 1201 2634 ‚
1233 2600 1277 2626 ac
1295 2590 1510 2641 principalis
1534 2589 1641 2627 causa
1674 2598 1733 2627 tot
1762 2591 1884 2628 ruina-

79 2660 236 2696 narum,
267 2648 588 2695 conversionum,
612 2648 923 2687 immutationum
941 2673 954 2692 ,
986 2657 1079 2696 quas
1105 2647 1275 2687 circailla
1293 2646 1465 2687 accidisse
1478 2646 1640 2687 historiae
1656 2659 1882 2688 memorant.

79 2709 213 2762 Quare
232 2708 275 2748 iis
298 2708 439 2748 artibus
454 2710 510 2748 uti
543 2709 727 2747 convenit
748 2737 761 2756 ,
790 2718 832 2746 ut
855 2707 1038 2746 libertatis
1059 2708 1252 2757 appetitus
1275 2736 1287 2756 ,
1317 2708 1355 2748 δι
1374 2708 1539 2747 humana
1561 2708 1718 2747 ambitio
1746 2710 1883 2760 procul

78 2769 230 2821 sceptro
247 2777 445 2807 arceantur
469 2798 482 2818 ,
513 2777 768 2819 maneantque
799 2766 865 2806 sub
889 2767 1052 2817 imperio
1084 2768 1270 2816 rationis,
1311 2767 1349 2807 &
1378 2768 1612 2820 obligatione
1640 2767 1884 2816 dominatus,

79 2832 132 2873 ita
161 2839 204 2868 ut
217 2828 359 2867 nemini
379 2828 543 2880 cuipiam
568 2827 739 2878 suprema
757 2828 818 2867 illa
838 2827 1125 2880 gubernationis
1157 2826 1326 2878 potestas
1352 2828 1588 2868 concedatur
1605 2858 1615 2876 ,
1648 2841 1732 2880 quae
1760 2828 1885 2880 Maje-

78 2889 181 2930 statis
208 2888 389 2940 Principis
411 2886 466 2927 est
490 2888 658 2939 propria.
716 2887 929 2927 Enimvero
946 2885 1169 2926 fidelitatem
1191 2888 1471 2939 praesentiffimo
1498 2890 1660 2939 exponit
1682 2890 1855 2940 periculo
1872 2919 1883 2934 ,

83 2950 252 3001 quisquis
274 2949 487 3000 potentiam
504 2949 656 2987 nimiam
672 2977 685 2996 ,
717 2948 754 2988 &
775 2947 854 2988 fine
877 2949 1003 2999 aliquo
1032 2945 1295 2987 moderamine
1323 2948 1494 3000 indulget
1516 2950 1620 2988 alteri
1638 2961 1650 2995 ς
1680 2962 1758 2989 non
1780 2950 1883 2987 secus

13 3015 20 3023 ·
83 3021 127 3049 ac
152 3008 266 3050 ferox
283 3008 550 3049 &indomitus
576 3019 696 3060 equus
711 3037 724 3057 ,
753 3010 814 3048 cui
832 3007 952 3048 froena
968 3008 1141 3046 laxantur
1156 3037 1168 3057 ,
1199 3020 1286 3048 cum
1306 3006 1442 3048 sessore
1457 3011 1679 3062 praecipitat,
1739 3008 1882 3049 Diade-

0 3116 20 3123 κ

957 3065 1033 3107 Lll
1063 3079 1091 3107 2
1821 3080 1883 3106 ma

186 3191 243 3234 (a)
266 3188 371 3232 Arist.
389 3188 466 3225 Pol.
486 3188 509 3230 l,
525 3202 558 3225 2.
576 3200 606 3225 c.
623 3199 659 3231 9.
710 3187 770 3229 (b)
794 3186 911 3225 Tacit.
936 3187 960 3224 l.
981 3201 1012 3235 3.
1029 3186 1159 3223 Annal.
1212 3186 1270 3230 (c)
1295 3191 1428 3239 Septem
1447 3182 1635 3224 Eunuchis,
1660 3185 1720 3236 qui
1742 3185 1781 3220 in
1810 3200 1884 3222 con-

0 3218 26 3290 0¹:
79 3233 201 3289 ,Ῑρῑὶῗκ
219 3241 289 3287 ejus
302 3238 565 3293 ministrabant.
598 3240 688 3277 Esth.
709 3251 740 3275 1.
761 3249 777 3276 1
790 3251 819 3275 1.
872 3241 932 3287 (d)
959 3246 1143 3277 Naturam
1165 3236 1255 3274 duas
1270 3238 1473 3287 neceffizrias
1496 3251 1551 3274 res
1573 3235 1773 3289 easdemque
1785 3237 1886 3283 slzlu-

0 3300 27 3345 s)
89 3296 187 3325 tares
208 3289 357 3329 humano
368 3295 494 3346 generi
516 3290 737 3345 comparaffi‘,
761 3300 803 3327 ut
825 3291 893 3329 alii
907 3305 984 3329 cum
1009 3292 1150 3345 imperio
1166 3289 1268 3338 effim
1297 3291 1367 3328 alii
1389 3293 1420 3328 ei
1431 3289 1704 3337 stcbjicerentur:
1731 3288 1886 3345 nihilque

41 3358 43 3361 ·
89 3340 180 3396 quod
192 3343 287 3382 citra
306 3343 386 3387 haec,
412 3359 474 3385 nec
490 3348 632 3386 mimmo
653 3343 790 3400 quidem
805 3354 914 3397 queat
924 3343 1043 3398 spatio
1053 3344 1267 3398 perdurare.
1289 3344 1387 3382 Dion
1402 3344 1429 3381 1.
1447 3356 1508 3391 41.
