2132 3730
447 256 1434 304 SYMBOLAPOLITICA.
1778 276 1860 319 333

0 345 17 389 i}
65 343 211 382 videre·
227 342 319 390 fuit,
349 342 413 393 qui
422 340 455 392 ’ζ
454 342 505 395 a)
533 343 625 381 inter
641 341 775 396 stupra
794 343 1079 393 concubinarum,
1107 342 1159 388 ἐξ)
1174 342 1303 394 oscula,
1333 345 1385 390 &⁹
1408 343 1575 396 dqfhrmes
1593 359 1727 396 mores,
1756 343 1862 398 seriis

2 390 16 473 i
63 401 230 443 novacula
237 397 406 452 faucibus
426 433 438 449 ‚
468 396 628 451 infhmem
646 404 760 442 vitam
763 397 947 454 foedavit,
962 405 1064 444 etiam
1075 399 1249 453 exausta-o
1269 403 1321 449 &⁹
1334 405 1512 460 inhomsto.

462 574 1111 645 SYMBOLUM
1164 577 1444 644 LXXVI.

36 2062 48 2074 ι
174 2043 276 2084 Ibrat
295 2044 348 2084 sol
371 2044 465 2084 lucis
487 2043 560 2085 suae
590 2042 717 2085 radios
742 2045 782 2085 in
799 2044 994 2097 speculum
1036 2057 1252 2088 concavum
1275 2076 1287 2096 ,
1317 2045 1356 2088 δε
1377 2044 1496 2087 iidem
1518 2044 1610 2086 inde
1637 2057 1731 2088 mox
1755 2047 1856 2101 ignei

203 2106 369 2146 emicant
391 2104 418 2157 ζ
427 2103 546 2159 figura
573 2104 764 2157 praesentis
794 2105 1084 2159 Emblematis)
1115 2119 1194 2158 quo
1223 2105 1453 2160 significatur
1477 2108 1518 2146 in
1544 2107 1647 2146 bona
1667 2116 1734 2147 aut
1757 2109 1856 2147 mala

201 2165 468 2207 Ministrorum
495 2166 710 2205 intentione
726 2178 862 2217 pacem
878 2176 942 2205 aut
954 2166 1097 2206 bellurn
1115 2166 1331 2207 consistere.
1393 2166 1608 2206 Periculosa
1630 2166 1686 2206 est
1702 2167 1857 2207 manda-

50 2236 181 2268 torum
208 2256 220 2274 ‚
251 2238 336 2278 quae
368 2224 438 2278 ipsi
457 2226 676 2277 accipiunt,
705 2226 947 2276 repercussio.
1024 2225 1063 2265 Si
1091 2225 1228 2277 penus
1252 2228 1297 2267 iis
1328 2224 1421 2266 effet
1443 2225 1683 2266 cristallinum
1701 2228 1860 2278 planum

53 2287 92 2326 δε
114 2285 317 2326 candidum
335 2315 348 2335 ,
378 2284 512 2324 eadem
527 2284 617 2324 cum
636 2285 801 2336 puritate
817 2286 994 2326 mandata
1019 2285 1224 2325 redderent
1238 2317 1251 2335 ‚
1281 2297 1356 2339 qua
1376 2296 1629 2338 acceperunt,
1657 2286 1775 2327 immo
1790 2288 1861 2326 eti·

51 2359 113 2386 am
131 2346 285 2398 majore.
348 2345 472 2399 Quod
485 2344 515 2384 fi
536 2346 580 2384 iis
597 2344 828 2395 chalybeum
845 2346 903 2395 fit,
921 2345 1057 2386 orbern
1081 2346 1297 2386 universum
1325 2346 1433 2385 bellis
1457 2346 1702 2386 succendent.
1761 2345 1858 2387 Eam

51 2407 105 2445 ob
121 2419 200 2446 rem
216 2405 455 2457 Principibus
478 2405 583 2457 pacis
603 2406 815 2445 amantibus
839 2418 938 2445 curae
963 2403 1038 2445 esse
1055 2405 1173 2445 debet
1191 2435 1203 2456 ‚
1234 2418 1284 2446 ne
1302 2405 1348 2445 ad
1375 2417 1458 2446 eam
1475 2406 1757 2458 procurandam
1775 2406 1852 2446 Mi-

49 2466 186 2505 nistros
205 2465 408 2504 adhibeant
428 2464 599 2504 Martem
621 2464 751 2515 potius
778 2465 989 2517 spirantes:
1019 2466 1057 2505 hi
1081 2467 1181 2505 enim
1199 2497 1210 2515 ‚
1241 2465 1329 2506 cum
1351 2466 1509 2518 gloriam
1533 2465 1634 2506 suam
1674 2466 1712 2506 δε
1732 2465 1857 2507 fortu-

50 2538 139 2565 nam
164 2527 200 2564 in
218 2526 326 2563 arinis
345 2525 539 2564 collocent
556 2554 567 2572 ,
589 2535 746 2565 omnem
769 2535 923 2576 captant
941 2525 1184 2565 occasionem
1200 2526 1291 2565 belli
1321 2526 1497 2565 incendia
1515 2526 1723 2570 suscitandi,
1754 2525 1854 2566 Non

51 2585 271 2636 deploraret
293 2583 450 2623 Corona
472 2583 639 2624 Franciae
658 2593 719 2624 tot
744 2583 882 2624 dissidia
900 2614 912 2633 ,
943 2596 1070 2636 neque
1085 2584 1244 2637 Europa
1262 2596 1323 2626 tot
1340 2585 1477 2624 Martis
1508 2586 1761 2633 calamitates,
1782 2585 1853 2625 nili

51 2645 91 2684 in
108 2645 177 2684 illis
197 2644 443 2683 conservatio‘
460 2645 587 2696 gratiae
606 2643 724 2698 Regis
741 2643 1031 2684 Christianiffimi
1053 2644 1119 2683 fita
1133 2643 1271 2686 fuiffet.
1333 2644 1608 2696 Sacraepaginae
1622 2655 1852 2691 memorant.

50 2705 163 2744 tubas
184 2734 196 2751 ‚
228 2704 368 2754 quibus
395 2704 537 2743 bellum
563 2702 864 2743 denunciabatur
884 2734 896 2754 ‚
926 2703 1196 2743 Sacerdotibus
1228 2705 1319 2743 olim
1349 2702 1561 2745 commissas
1603 2701 1677 2759 (b)
1707 2701 1816 2745 fuisse
1840 2736 1854 2753 ,

52 2776 102 2803 ne
125 2762 310 2803 modestia
331 2763 369 2802 &
385 2764 550 2816 gravitas
568 2763 773 2803 sacratioris
797 2762 1008 2803 eorundem
1039 2763 1152 2804 officii
1169 2792 1181 2811 ,
1212 2775 1290 2814 quo
1315 2761 1593 2816 fungebantur,
1617 2764 1761 2816 absque
1770 2776 1851 2816 gra·

53 2825 94 2863 vi
117 2823 225 2863 causa
247 2824 291 2862 iis
315 2823 370 2861 uti
391 2823 670 2875 permitterent.
729 2824 858 2863 Animi
879 2824 1096 2875 Principum
1124 2823 1224 2862 sinus
1245 2822 1398 2874 quidam
1421 2824 1552 2864 marini
1570 2822 1655 2863 sunt
1678 2852 1692 2873 ,
1726 2825 1791 2876 qui
1812 2826 1851 2865 in

53 2884 240 2924 aitiffimos
267 2881 406 2922 fluctus
428 2883 619 2923 montium
635 2881 745 2922 instar
776 2883 852 2924 sese
877 2885 1050 2936 erigunt,
1077 2882 1103 2921 fi
1130 2880 1294 2924 Ministri
1325 2883 1535 2923 eorundem
1560 2883 1770 2924 turbulenti
1780 2884 1857 2924 Bo·

54 2955 127 2982 rene
146 2942 320 2989 fuerint;
349 2952 502 2990 contra,
534 2941 560 2982 si
579 2941 716 2994 placidi
739 2941 910 2995 Zephyri
931 2973 943 2991 ,
976 2944 1014 2982 in
1034 2943 1174 2982 summa
1197 2944 1335 2981 vivunt
1353 2944 1635 2995 tranquillitate.
1694 2943 1848 2984 Etenim

51 3004 196 3053 animus
216 3002 420 3055 generosus
436 3032 447 3049 ‚
479 3001 516 3041 δι
541 3003 646 3053 pacis
671 3014 715 3040 ac
748 3013 889 3042 inutuae
917 3003 1097 3053 Principis
1131 3001 1183 3040 sui
1216 3013 1302 3041 cum
1325 3004 1405 3042 aliis
1429 3004 1649 3043 concordiae
1671 3005 1817 3043 amicus
1842 3017 1852 3043 :

51 3063 228 3103 mandata
256 3062 476 3110 temeraria,
497 3062 535 3100 &
554 3061 765 3112 periciilosa
778 3062 997 3102 moderatur
1014 3093 1027 3111 ,
1059 3072 1174 3112 atque
1196 3061 1375 3101 emendat
1399 3076 1412 3110 ,-
1444 3063 1530 3103 solis
1554 3065 1756 3114 exemplo,
1787 3075 1852 3102 cu·

48 3120 116 3172 jus}
126 3122 219 3162 radii
236 3123 303 3162 etii
331 3133 399 3174 per
419 3122 577 3174 angulos
594 3121 780 3161 transeant
795 3151 808 3170 ‚
839 3122 1021 3174 expedire
1045 3130 1172 3160 tamen
1193 3121 1230 3160 se
1256 3132 1445 3162 conantur
1463 3120 1596 3174 postea
1612 3122 1767 3162 &forma
1789 3123 1853 3163 illa

1054 3179 1216 3232 Pppp
1784 3184 1853 3223 im-

152 3273 210 3312 (a)
235 3271 333 3306 Idem
363 3269 510 3307 ibidem.
565 3271 626 3315 (b)
656 3269 735 3305 Filii
752 3278 874 3305 autem
896 3276 1018 3305 Aaron
1038 3268 1234 3304 Sacerdotes
1246 3269 1410 3320 clangent
1430 3266 1526 3306 tubis
1538 3282 1557 3311 ,·
1578 3269 1713 3320 eritque
1733 3267 1793 3306 bec
1803 3269 1853 3308 le=

48 3320 529 3375 gitimumstiaepiter121117nin
541 3318 828 3374 generationibus
845 3318 984 3373 vestris.
1022 3324 1136 3359 Num.
1158 3332 1171 3357 ι
1181 3332 1214 3357 0.
1229 3319 1261 3362 8‘.
