2132 3730
3 244 123 265 ,Π
318 259 385 263 ξ,
473 194 1440 241 SYMBOLAPOLITICA.
1766 203 1846 254 295

64 285 225 334 habeat,
252 283 316 323 sed
337 292 463 321 ramos
484 280 668 321 duntaxat
685 290 857 332 amputat
874 310 887 331 ,
916 293 989 322 nec
1008 292 1113 322 totos
1129 280 1213 321 illos
1231 281 1406 333 quidem,
1437 279 1569 320 sedita
1599 290 1641 319 ut
1673 282 1855 333 germina.

2 374 5 378 .
63 354 106 383 re
114 342 249 395 poffint
269 341 418 390 denuo,
447 340 485 380 δι
502 342 617 381 novis
633 338 759 381 vestiti
778 338 879 380 foliis
897 343 934 382 in
950 354 1088 383 annum
1105 342 1326 392 sequentem
1348 338 1495 381 fruetus
1523 337 1616 380 alios
1640 337 1851 392 proferant.

2 411 3 449 j
61 402 181 443 Secus
207 412 251 439 ac
265 400 366 440 solet
401 399 640 447 conductor,
669 400 734 450 qui
751 399 838 440 cum
871 400 920 440 de
943 401 1163 441 haereditate
1186 399 1342 441 minime
1372 401 1552 441 sollicitus
1569 399 1632 449 iit,
1663 398 1752 439 illud
1779 400 1854 449 agit

2 456 5 487 J
59 461 200 509 solum,
228 468 273 498 ut
296 458 442 500 fructus
461 471 532 512 pro
549 470 598 499 eo
615 457 800 511 'tempore
814 490 827 509 ,
855 474 933 513 quo
955 461 1030 501 frui
1050 463 1093 501 iis
1115 461 1227 509 licet,
1255 471 1304 500 ex
1325 471 1370 500 ea
1390 461 1545 511 colligat
1560 490 1570 507 ,
1601 458 1652 499 nil
1668 458 1773 511 pensi
1789 459 1856 496 ha-

0 533 4 548 ι’
59 520 176 568 bens,
207 519 313 570 quod
339 520 379 559 in
397 528 550 570 tempus
565 519 751 570 reliquum
779 519 954 561 Domino
967 522 1035 561 suo
1053 521 1254 560 utilitatem
1283 521 1436 559 allatura
1461 527 1540 558 non
1572 515 1644 573 (α)
1674 519 1730 559 sit.
1762 517 1856 557 Hoc

2 577 4 608 ἕ
58 578 255 619 discrimen
276 577 331 618 est
352 579 449 618 inter
464 579 673 632 legitimum
700 579 944 634 Peincipem,
975 581 1012 621 &
1028 590 1251 630 tyrannum,
1280 578 1387 631 quod
1408 578 1456 618 ad
1478 576 1708 618 tributorum
1727 579 1851 629 impo-

55 637 230 678 fitionem
254 640 404 681 attinet.
460 637 532 678 Iste
561 648 741 690 tanquam
766 639 950 692 poffeffor
983 641 1205 688 violentus,
1235 641 1299 690 qui
1322 641 1359 679 in
1402 647 1510 678 metu
1545 638 1600 677 est
1618 667 1631 687 ,
1662 650 1710 678 ne
1744 639 1855 677 brevi

20 749 22 751 ,
54 696 158 737 forte
175 697 353 751 Regnum
373 708 530 752 cogatur
553 698 763 747 dimittere,
794 700 901 752 quod
919 710 989 752 per
1011 701 1091 740 vim
1110 710 1160 739 eo
1183 698 1348 751 gaudere
1370 697 1619 747 conceditur,
1642 709 1775 737 ornnes
1802 700 1856 736 in-

54 756 104 796 de
119 753 264 798 fruetus
288 760 466 812 colligere
481 758 702 807 contendit,
731 771 805 800 nec
823 769 979 800 veretur
993 760 1044 799 ita
1067 757 1246 798 radicitus
1265 760 1412 810 plumas
1431 758 1600 797 evellere
1614 787 1626 806 ,
1657 766 1698 795 ut
1720 756 1853 808 ampli--

50 816 95 856 iis
106 816 338 858 succrescere
361 827 565 870 nequeant.
627 817 757 859 Pastor
779 818 851 867 est,
879 820 944 871 qui
963 830 1044 859 non
1062 829 1217 871 gregem
1239 817 1346 858 suum
1363 816 1502 870 pascit,
1533 816 1607 871 (b)
1638 812 1702 856 sed
1716 817 1851 855 semet-

51 875 193 928 ipsum,
224 877 263 917 &
282 888 462 929 tanquam
479 876 765 927 Mercenarius,
794 890 923 919 curam
944 879 1041 918 illius
1060 878 1188 930 abjicit
1201 906 1212 927 ,
1245 888 1413 929 eumque
1437 879 1596 917 omnino
1616 875 1682 931 (t)
1701 874 1848 915 deserit.

51 936 104 977 At
124 947 221 977 vero
238 937 418 990 Princeps
438 938 571 989 aliquis
592 939 781 991 legitimus
799 939 836 978 &
850 939 1029 978 naturalis
1044 939 1260 988 inquitatem
1283 937 1401 976 causae
1425 937 1632 989 expendit,
1667 936 1854 987 quantita-

50 1004 130 1036 tem
145 996 183 1036 &
214 1006 391 1049 tempus,
421 997 526 1049 quod
543 992 736 1037 neceffitas
761 996 950 1050 postulat,
978 999 1272 1050 proportionem
1295 998 1388 1037 item
1404 996 1643 1038 fortunarum
1670 995 1708 1035 &
1728 995 1855 1047 perso-

48 1068 181 1108 narum
198 1057 235 1096 in
254 1058 403 1097 tributis
425 1056 703 1109 dispertiendis,
733 1057 771 1097 δι
788 1057 965 1110 Regnum
984 1058 1090 1097 suum
1110 1055 1245 1096 tractat
1270 1068 1350 1097 non
1385 1066 1564 1108 tanquam
1589 1067 1732 1108 corpus
1750 1084 1762 1103 ,
1793 1056 1858 1094 cui

50 1115 125 1156 una
143 1128 229 1157 cum
247 1117 329 1169 ipso
349 1116 613 1157 emoriendum
628 1118 699 1157 erit
713 1143 728 1163 ‚
758 1116 822 1157 sed
842 1117 949 1169 quod
966 1117 1192 1169 perennabit
1210 1118 1247 1155 in
1272 1116 1578 1156 Success‘oribus:
1610 1118 1755 1168 quippe
1789 1115 1857 1165 qui

48 1175 175 1227 probe
211 1178 325 1217 novit
341 1206 354 1225 ,
385 1175 461 1230 (d)
492 1177 673 1228 PrinGzPes
707 1177 865 1225 mortales
888 1206 901 1226 ,
930 1177 1181 1229 Rempublicam
1206 1184 1370 1216 ceremiam
1394 1173 1471 1229 effe,
1499 1188 1666 1228 cumque
1691 1173 1781 1215 inde
1816 1175 1857 1213 in

49 1247 169 1275 annos
187 1236 350 1288 fingulos
366 1248 496 1275 novos
519 1236 645 1288 speret
663 1235 809 1276 ftutfftus
827 1248 910 1276 eam
933 1238 1037 1276 omni
1052 1235 1176 1276 studio
1201 1235 1421 1285 conservat,
1453 1237 1562 1276 velut
1589 1235 1857 1276 securissimum

48 1294 265 1335 divitiarum
291 1292 438 1335 suarum
463 1294 705 1346 depositum,
733 1308 812 1347 quo
836 1298 874 1336 in
903 1296 1109 1347 majoribus
1141 1296 1421 1335 necessitatibus
1448 1297 1504 1335 uti
1525 1296 1655 1348 poffit:
1685 1306 1771 1335 nam
1809 1303 1855 1331 ut

48 1356 87 1394 in
110 1355 255 1406 legibus
280 1355 351 1392 suis
390 1353 486 1392 dixit
518 1355 737 1404 Alphonsus
773 1355 886 1403 Rex,
918 1356 965 1393 ab
994 1355 1199 1394 Aristotele
1229 1356 1266 1394 in
1295 1355 1461 1406 quodam
1483 1354 1720 1395 documento
1748 1352 1855 1404 quod

48 1413 271 1455 Alexandro
297 1412 444 1464 Magno
461 1410 589 1459 dedit,
618 1412 654 1449 id
674 1421 886 1452 mutuatus:
918 1412 986 1466 (e)
1016 1414 1067 1454 El
1091 1414 1192 1465 mejor
1209 1411 1331 1463 testim,
1360 1427 1424 1466 que
1448 1414 1477 1453 el
1491 1415 1571 1466 Rey
1590 1416 1658 1463 ha,
1690 1415 1708 1451 e
1731 1413 1761 1452 el
1791 1423 1857 1466 que

46 1485 121 1513 mas
138 1469 411 1524 tar-desepierde
426 1501 440 1521 ,
469 1484 505 1510 es
519 1469 701 1522 elpuebl0,
732 1470 868 1525 quando
885 1471 959 1512 bien
989 1486 1024 1513 es
1037 1470 1236 1525 guardado,
1267 1473 1284 1510 ἑ
1304 1485 1362 1511 con.
1381 1470 1446 1525 tsso
1461 1472 1612 1512 aczrerda
1649 1473 1676 1512 Io
1705 1485 1770 1525 qne
1790 1471 1860 1525 disse

46 1533 78 1573 el
91 1530 310 1584 Emperador
325 1529 547 1585 Justiniano‚
576 1543 641 1582 que
664 1538 822 1571 entonzes
831 1529 893 1581 fim
914 1528 944 1571 el
966 1532 1107 1584 Reyno,
1137 1532 1154 1569 ἑ
1177 1531 1210 1571 la
1244 1531 1389 1571 Ccmera
1417 1531 1470 1571 del
1503 1531 1742 1584 Enspemdor,
1774 1545 1790 1571 ο
1807 1530 1860 1569 del

46 1594 126 1645 Rey
145 1595 252 1640 ricos,
281 1591 298 1630 ὲ
324 1587 541 1636 abmzdados,
569 1588 703 1641 quando
718 1586 782 1640 fiis
808 1587 953 1641 Wfizllos
972 1588 1035 1642 fim
1059 1592 1168 1639 ricos,
1202 1603 1219 1629 0
1244 1604 1267 1629 ιι
1295 1593 1407 1630 tier-ra
1434 1590 1629 1631 abuszdada.
1692 1592 1856 1642 wamw

44 1653 155 1705 Regis
173 1648 372 1700 thesaurus,
402 1651 526 1703 quique
548 1651 684 1698 amitti,
713 1649 776 1702 ”fi
782 1649 935 1701 perditis
941 1652 1018 1705 jam
1048 1650 1217 1697 omnibus,
1247 1662 1311 1689 uon
1328 1650 1450 1702 pffff,
1474 1651 1617 1702 popl-dm
1641 1648 1687 1697 es?
1701 1681 1713 1699 ,
1734 1650 1771 1702 st
1786 1653 1856 1689 rife

46 1711 267 1767 custodiatur.
326 1711 448 1764 Atque
469 1710 523 1749 his
540 1706 738 1762 Justiniani
753 1710 976 1761 Inperatoris
990 1709 1083 1749 dicia
1098 1705 1321 1758 constutizmt,
1344 1708 1423 1748 dan-,¹2
1453 1714 1525 1747 1:²1⁴:
1555 1717 1626 1748 ,ῆι-ιη
1653 1709 1781 1748 demum
1800 1722 1858 1748 se*

40 1785 145 1825 gnum
162 1801 175 1821 ,
205 1771 379 1824 Regisque
401 1775 464 1808 aut
481 1768 701 1819 Imperatoris
718 1771 884 1808 marium
908 1767 1185 1821 opulezitmnjbre
1219 1781 1260 1806 ac
1275 1769 1430 1819 locliples,
1458 1780 1530 1809 cum
1547 1766 1762 1819 Jiahdjtmsm
1770 1768 1854 1820 sor-

47 1840 141 1874 tcmae
156 1844 197 1871 ac
206 1828 402 1882 facultates
419 1828 538 1881 anplae
546 1825 690 1879 fuerint
705 1827 756 1873 δέ)
780 1824 922 1881 εορίρβὲε.

225 1890 260 1942 §.
295 1888 464 1943 Quando
493 1888 604 1940 igitur
638 1887 818 1940 Princeps
850 1900 938 1928 cum
968 1885 1033 1927 ista
1066 1885 1332 1934 moderatione
1354 1886 1496 1927 tributa
1523 1886 1768 1940 imposuerit,
1799 1886 1859 1927 fas

50 1961 209 2004 quoque
224 1949 280 1990 est
295 1949 467 1989 subditos
492 1958 537 1987 ea
553 1947 723 1999 pendere
737 1977 749 1996 ‚
779 1959 852 1987 nec
872 1947 950 1987 fine
973 1945 1189 1986 rebellionis
1205 1959 1296 1986 nota
1312 1946 1490 1998 denegari
1512 1958 1710 1998 poterunt.
1744 1947 1858 1986 Hane.

49 2011 152 2050 enim
173 2009 288 2049 solam
313 2009 446 2048 dotem
476 2007 593 2046 habet
633 2006 793 2060 dignitas
819 2007 959 2059 Regia,
989 2008 1067 2045 hoc
1094 2007 1248 2046 unicum
1273 2006 1477 2047 subsidium
1506 2007 1698 2046 neceffitas
1729 2007 1766 2046 &
1799 2008 1852 2045 di*

49 2071 172 2122 gnitas
195 2069 335 2122 Regia,
364 2068 442 2108 hoc
459 2067 615 2107 unicum
643 2066 848 2107 subsidium
875 2067 1066 2106 necessitas
1096 2067 1262 2118 publica.
1322 2062 1409 2120 (f)
1440 2066 1566 2119 Neque
1586 2068 1681 2119 quies
1705 2069 1857 2119 gensi-'mn

37 2128 113 2181 fine
136 2131 265 2176 armisg
293 2141 398 2181 neque
415 2138 515 2167 arma
532 2123 808 2178 fhiestfjvendiis:
838 2140 943 2179 neque
947 2125 1120 2180 stipendia
1143 2125 1216 2176 fine
1240 2123 1382 2164 tributis
1411 2125 1532 2165 haberi
1560 2134 1699 2179 qucum.
1758 2126 1855 2166 Eam

52 2189 103 2228 ob
123 2201 203 2228 reni
236 2188 459 2239 Imperatori
475 2185 628 2225 Neroni
656 2186 795 2224 tributa
817 2187 1011 2224 remittere
1038 2187 1188 2224 volenti
1208 2184 1369 2223 Senatus
1394 2183 1592 2223 Romanus
1627 2184 1701 2223 sese
1729 2197 1856 2237 oppon

52 2250 145 2297 suit,
167 2247 333 2288 dicendo
350 2277 361 2296 ,
392 2243 461 2298 (ξ)
493 2242 723 2298 dffalcitionem
737 2244 896 2296 Imperii,
926 2243 1034 2293 fore,
1051 2241 1262 2295 fifrzzci‘us,
1295 2243 1417 2296 quilnxs
1433 2243 1637 2295 Respublica
1644 2241 1848 2298 fifiinetltr,

19 2314 22 2316 ’
48 2307 328 2348 [ιἰὶηῐῑαςεςηιιτῑιν.
387 2305 549 2345 Tribma
564 2305 725 2356 pretium
753 2306 883 2355 paucis
912 2304 1015 2352 sunt,
1047 2303 1073 2343 si
1098 2304 1206 2342 nimis
1231 2304 1359 2354 gravia
1385 2313 1429 2340 ea
1458 2301 1554 2351 sint,
1586 2315 1658 2343 nec
1682 2306 1850 2356 populus

48 2368 303 2407 neceffitatem
324 2364 524 2418 agnoscat,
553 2375 619 2404 cur
647 2363 793 2416 imponi
819 2363 1045 2411 debuerint,
1074 2361 1185 2402 facile
1215 2373 1348 2402 contra
1377 2361 1482 2401 suum
1514 2362 1727 2415 prim-{pem
1761 2374 1854 2402 cona
1898 2370 1902 2377 ‘

50 2428 252 2466 tumaciter
306 2425 471 2477 insurgit.
589 2422 681 2462 Nec
723 2425 791 2463 alia
837 2423 886 2463 de
928 2423 1036 2463 causa
1072 2434 1149 2462 tam
1178 2422 1318 2462 inviliis
1356 2422 1533 2462 omnibus
1561 2421 1634 2462 fuit
1672 2424 1759 2463 Rex
1788 2420 1854 2463 At

50 2486 220 2539 phonsus
267 2493 528 2539 cognomento
579 2481 774 2535 Magnus,
812 2492 968 2534 tamque
1015 2495 1149 2535 graves
1185 2492 1366 2534 expertus
1408 2483 1667 2530 calamitates,
1698 2493 1739 2521 ut
1777 2484 1854 2522 sc&

32 2556 143 2599 ‘ptro
181 2544 334 2585 tandem
371 2545 545 2584 abdicare
583 2542 622 2582 se
658 2553 881 2595 cogeretur3
923 2542 1017 2582 sicut
1057 2543 1094 2581 δε
1133 2540 1341 2594 propterea
1379 2540 1527 2580 Garfias
1557 2541 1745 2581 Gallaeciae
1778 2542 1854 2595 (h)

49 2607 140 2646 Rex
165 2606 283 2644 vitam
314 2607 464 2657 pariter·
486 2602 522 2643 &
554 2601 730 2655 Regnum
756 2602 936 2655 perdidit,
994 2601 1269 2641 Considerabat
1301 2602 1379 2639 hoc
1408 2599 1618 2651 periculum
1654 2613 1742 2640 cuin
1777 2604 1856 2641 ani-

49 2677 119 2706 mo
143 2665 209 2705 suo
229 2664 318 2704 Rex
345 2663 534 2704 Henricus
550 2660 725 2712 Tertius,
757 2663 910 2715 quando
951 2659 1193 2701 suadentibus
1225 2670 1268 2700 ut
1298 2671 1370 2710 pro
1400 2660 1610 2712 sumptibus
1641 2661 1729 2699 belli
1761 2669 1855 2700 con-

53 2726 245 2777 quirendis
274 2735 379 2764 nova
406 2725 546 2763 tributa
591 2726 781 2776 exigeret,
814 2722 1028 2774 respondit}
1060 2721 1182 2773 Magis
1209 2717 1247 2771 se
1282 2715 1459 2759 maledici‘a
1487 2719 1603 2771 populi
1619 2749 1632 2768 ,
1661 2733 1764 2772 quam
1794 2722 1850 2760 ha-

41 2785 119 2840 stes
132 2781 213 2837 sitos
236 2792 393 2823 metuere.
457 2784 637 2824 Pecunioe
664 2795 712 2823 ex
733 2784 869 2836 iniquis
891 2782 1042 2822 tributis
1082 2779 1253 2821 coueaae
1275 2777 1513 2818 subditorum
1547 2779 1749 2819 miscentur
1773 2778 1851 2820 san-

53 2846 194 2898 guine,
224 2845 342 2896 qualis
363 2842 385 2882 e
403 2844 508 2881 scuto
524 2844 589 2882 illo
606 2872 619 2891 ‚
649 2843 755 2894 quod
776 2843 816 2886 S.
841 2841 1055 2882 Franciscus
1081 2839 1129 2880 de
1155 2838 1281 2879 Padua
1316 2850 1443 2878 coram
1475 2838 1716 2879 Ferdinando
1743 2841 1853 2893 Rege

51 2903 318 2957 Neapolitano
357 2901 549 2956 diffregit,
578 2914 730 2943 manare
772 2903 872 2943 visus
899 2899 977 2950 est,
1007 2900 1046 2941 &
1082 2911 1277 2952 nunquam
1301 2909 1381 2938 non
1412 2900 1550 2938 clamat
1585 2910 1718 2939 contra
1751 2900 1853 2940 Prin-

826 2962 862 3002 E
877 2973 900 3000 e
921 2974 942 3002 e
961 2972 984 3000 e
1013 2972 1042 3001 2
1801 2962 1852 2998 ci-

158 3069 217 3111 (a)
241 3065 361 3103 Aliter
375 3067 512 3103 utimur
521 3063 688 3117 propriis,
712 3062 820 3115 aliter
834 3062 1075 3102 commodatis.
1106 3058 1263 3114 Quintil-
1287 3060 1332 3098 de
1356 3055 1460 3098 Orat.
1514 3061 1575 3105 (b)
1607 3061 1649 3095 ἷζε
1666 3058 1858 3111 pastoribus

9 3143 12 3145 -
55 3114 194 3163 IstaelJ
207 3120 267 3171 qui
283 3116 468 3171 pastebant
492 3114 695 3168 fimettpsbs.
723 3116 850 3153 Ezech.
880 3130 936 3164 34.
960 3131 996 3154 2.
1046 3120 1104 3162 (c)
1130 3115 1373 3151 Mercenarius
1393 3121 1529 3151 autem,
1555 3111 1600 3154 όν
1635 3113 1695 3162 qui
1716 3125 1782 3147 non
1811 3113 1858 3165 est

56 3167 190 3219 Pastor.
203 3171 298 3218 cujus
313 3185 379 3208 non
386 3169 476 3218 fiant
493 3183 572 3207 oves
580 3169 738 3221 propria,
762 3165 865 3205 videt
890 3168 1006 3222 lupum
1033 3169 1252 3207 venientem,
1281 3165 1326 3209 &⁴
1355 3165 1514 3206 dimittit
1536 3177 1616 3200 oves
1631 3190 1641 3202 ‚
1667 3162 1712 3202 (ἂν
1732 3161 1851 3217 fae-qis,

58 3223 162 3270 Joan.
193 3232 250 3260 10.
272 3236 330 3261 12.
404 3225 472 3270 (d)
498 3222 613 3260 Tacit.
632 3219 655 3259 l.
679 3233 710 3265 3.
729 3218 859 3259 Annal.
937 3223 1000 3269 (e)
1026 3222 1056 3259 L
1086 3233 1143 3266 ις.
1173 3231 1214 3257 tt.
1233 3233 1267 3269 p.
1289 3234 1322 3258 2.
1405 3217 1472 3264 (f)
1496 3215 1611 3254 Tacit.
1632 3216 1656 3253 1.
1674 3219 1854 3264 4.Anna!„

10 3320 13 3321 ⁷
53 3275 122 3324 (g)
147 3273 247 3313 Idem
267 3275 293 3320 l.
315 3287 373 3325 ¹3·
392 3275 523 3315 Annal.
577 3276 642 3327 (h)
671 3275 764 3312 Mar.
787 3271 876 3312 Hist.
897 3273 994 3324 Hisp.
