2132 3730
459 247 1427 293 SYMBOLAPOLITICA.
1774 264 1854 307 195

60 336 188 376 facere
201 333 349 380 maluit,
380 331 470 371 dum
492 333 614 372 sensus
633 334 744 384 sopiti
759 331 875 372 effent
891 363 902 382 ‚
935 333 974 373 &
991 332 1168 384 Majestas
1186 335 1288 384 quasi
1308 336 1450 386 sepulta
1478 333 1569 388 (a)
1588 335 1720 372 somno
1735 363 1747 381 ,
1775 345 1847 373 nec

60 394 158 435 clare
191 403 284 431 tunc
311 391 488 442 quidem,
522 391 587 431 sed
607 404 676 444 per
701 391 837 444 figuras
866 393 903 432 ἃ
934 393 1246 446 hieroglyphica‚
1277 406 1319 433 ut
1347 405 1496 434 certum
1526 395 1848 445 interpretationis

58 464 205 505 tempus
237 451 533 500 intercurreret,
565 451 614 490 ad
639 452 853 492 cavendum
881 462 1063 493 terrorem
1089 454 1246 492 nimium
1267 482 1279 501 ,
1310 453 1347 492 δε
1379 452 1722 493 consternationem
1751 453 1847 492 subi-

57 524 151 560 tam,
181 511 237 549 uti
260 510 298 550 &
319 510 532 562 periculum
551 510 836 561 Ministrorum‚
867 513 895 552 fi
923 525 1004 552 non
1029 514 1152 562 rogati
1170 512 1251 551 haec
1271 514 1355 552 talia
1372 514 1414 552 iis
1433 512 1506 566 (h)
1535 512 1763 553 indicassent.
1782 512 1848 553 Sa-

54 574 100 612 tis
118 570 162 610 fit
179 568 381 620 Ministro,
412 570 439 609 si
459 570 639 623 Princeps
652 573 691 611 in
710 574 884 613 notitiam
910 583 1043 611 eorum
1073 571 1270 619 deveniat,
1310 572 1346 611 ὃς
1373 573 1400 613 fi
1432 573 1517 611 solis
1538 573 1646 624 signis
1673 572 1710 612 id
1737 573 1847 624 posfit

53 631 219 679 efficere,
251 631 381 669 verbis
403 630 450 670 ad
470 643 551 670 eam
575 643 656 671 rem
674 644 724 672 ne
747 642 884 672 utatur.
944 632 1204 682 Reperiuntur
1222 641 1349 671 tamen
1376 630 1547 672 nonnulli
1581 632 1678 672 adeo
1703 634 1846 684 impru-

49 690 210 738 dentes,
241 688 279 729 &
297 688 446 729 finistrae
481 692 726 741 intentionis,
756 702 799 734 ut
819 694 1020 732 veritatem
1036 691 1149 730 nude
1170 692 1327 742 eloqui,
1358 692 1393 730 ὅ(
1418 692 1603 731 malorum
1627 694 1849 733 nuntiorum

49 747 224 788 auctores
249 747 324 789 effe
340 750 379 789 δι
394 750 566 801 bajulinil
582 762 799 792 vereantur.
859 750 1017 791 Discant
1038 751 1076 789 hi
1097 763 1146 790 ex
1161 752 1317 802 iis,quae
1327 751 1425 803 Regi
1438 750 1638 790 Balthasari
1653 752 1847 801 quondam

49 805 240 855 evenere3
272 811 333 848 cui
349 821 482 849 manus
503 812 589 857 illa,
616 824 702 862 quae
732 812 930 864 capitalem
957 813 1091 850 mortis
1120 811 1344 850 sententiam
1373 812 1408 850 ei
1437 812 1474 850 in
1499 810 1676 862 supremo
1703 813 1850 861 pariete

46 868 282 916 exhibebat,
312 881 392 909 non
417 879 539 910 totam
558 870 632 909 sese
657 870 897 923 spectandam
918 869 1045 919 dedit,
1075 870 1138 909 sed
1158 870 1258 910 solos
1275 871 1433 922 digitos:
1462 870 1582 910 immo
1598 881 1671 909 nec
1688 869 1846 921 digitos,

46 927 111 967 sed
136 937 331 968 extremos
352 941 486 969 eorum
504 932 681 970 articulos
703 930 904 970 duntaxat:
932 931 1036 969 itaut
1050 942 1291 982 nequaquam
1316 939 1528 982 appareret,
1543 929 1563 969 a
1583 941 1661 982 quo
1677 940 1851 981 regeren-

48 997 220 1035 tur‚·nec
247 988 400 1028 lucente
415 990 514 1039 sole,
545 989 609 1029 sed
629 990 695 1029 sub
713 989 892 1039 noctem,
921 989 1126 1029 scribentes
1155 990 1406 1030 decretoriam
1434 991 1533 1030 illam
1556 989 1778 1029 sententiam
1802 989 1850 1029 ad

46 1047 265 1087 candelabri
283 1049 430 1098 lucem,
460 1049 498 1088 &
519 1051 556 1089 in
573 1051 718 1100 pariete
736 1049 807 1102 (c)
832 1049 975 1099 dubio,
1004 1048 1192 1100 ejusmodi
1216 1051 1356 1098 literis,
1384 1060 1428 1090 ut
1454 1062 1534 1090 non
1560 1049 1628 1089 nisi
1651 1047 1851 1100 interjecto

46 1109 230 1160 temporis
255 1108 375 1160 spatio
401 1110 474 1162 legi
497 1108 621 1161 poss'et
640 1109 676 1148 &
694 1110 862 1162 intelligi.

199 1167 431 1208 Dummodo
462 1180 554 1222 ergo
579 1170 740 1208 intentio
774 1170 879 1208 bona
909 1168 976 1217 fit,
1009 1168 1046 1208 &
1069 1168 1314 1220 prudentiam
1337 1168 1477 1208 habeat
1507 1169 1712 1217 comitem,
1739 1166 1852 1208 facile

0 1247 2 1252 ·
45 1228 117 1265 erit
132 1227 262 1267 medio
281 1227 319 1268 &
335 1228 468 1267 securo
493 1228 672 1268 incedere
690 1230 825 1269 itinere
845 1231 942 1268 inter
968 1228 1194 1268 adulationis
1218 1231 1465 1278 servitutem,
1497 1229 1534 1268 ἅτ.
1569 1229 1848 1268 contumaciam

0 1295 2 1318 ³
44 1287 227 1326 veritatis.
288 1287 436 1325 Omnes
457 1290 557 1326 enirn
577 1290 634 1326 hae
651 1288 725 1327 dici
751 1287 905 1339 poss'unt
923 1318 935 1336 ,
969 1288 997 1327 s1
1027 1290 1109 1338 quis
1132 1287 1237 1327 reete
1265 1301 1328 1328 eas
1358 1289 1486 1328 dicere
1508 1289 1686 1335 noverit,
1722 1299 1849 1327 emen-

2 1393 3 1396 *
44 1345 239 1384 dationem
261 1345 380 1384 solum
399 1358 477 1396 prce
496 1347 616 1384 oculis
635 1347 841 1389 habendo:
875 1347 1077 1398 quomodo
1101 1347 1174 1401 (cl)
1198 1348 1439 1397 moderatione,
1460 1346 1713 1399 prudentiaque
1734 1347 1850 1398 Agri-

0 1415 4 1430 *
43 1405 119 1444 colae
136 1405 338 1445 iracundus
354 1404 567 1444 Domitiani
585 1405 730 1444 animus
747 1406 953 1455 leniebetiir,
983 1409 1067 1459 quia
1087 1420 1151 1445 noa
1175 1406 1397 1456 contumacia,
1426 1420 1531 1459 neque
1550 1409 1642 1445 iliani
1660 1406 1850 1459 jaciatioiie

0 1478 4 1519 j
43 1464 213 1504 libertatis
231 1462 361 1511 famam
374 1461 561 1516 fatumque
568 1465 795 1516 provocabat.
857 1466 938 1518 Qui
963 1477 1051 1504 curn
1071 1465 1255 1517 obsequio
1279 1466 1316 1505 δε
1343 1464 1528 1505 modesti-21
1558 1464 1851 1518 generositatem

0 1540 3 1566 l'
44 1525 81 1563 δε
102 1523 317 1563 industriam
333 1524 542 1573 miscuerit,
574 1526 687 1564 etiam
718 1526 818 1565 inter
837 1525 1031 1576 Principes
1055 1526 1174 1564 malos
1196 1528 1347 1564 securus
1377 1525 1517 1575 degere
1535 1525 1602 1578 (e)
1622 1526 1793 1576 poterit,
1811 1524 1849 1564 &

0 1582 5 1628 l
42 1584 225 1636 gloriosus
241 1596 318 1635 prae
348 1586 412 1633 iis,
444 1585 509 1634 qui
530 1585 645 1623 nimia
666 1583 780 1624 famae
799 1585 1010 1636 cupiditate
1034 1583 1146 1624 stulte
1180 1584 1368 1636 semetipsi
1398 1585 1676 1635 prodiderunt,
1707 1584 1851 1635 absque

3 1666 6 1675 2
43 1645 121 1682 ullo
147 1644 385 1696 Reipublicae
409 1645 683 1683 emolumento.
745 1641 867 1683 lsthac
877 1643 1184 1683 consideratione
1200 1643 1420 1682 moderatus
1439 1643 1492 1683 est
1500 1645 1665 1696 pleraque
1691 1642 1848 1682 Marcus

5 1727 7 1731 ·
41 1702 212 1754 Lepidus
243 1702 317 1757 (f)
345 1702 396 1747 659
423 1703 468 1742 ab
481 1700 592 1752 ssavis
611 1699 859 1742 adulationibus
886 1704 1027 1742 aliorum
1041 1705 1075 1742 iii
1091 1702 1341 1752 rtieliztsflexit:
1368 1716 1472 1755 meque
1486 1711 1597 1742 tamen
1613 1711 1851 1753 temperamen-

42 1765 71 1802 ii
98 1763 239 1814 egebam
268 1771 346 1801 rimi
366 1762 525 1814 (calcabili
559 1762 787 1811 alitioritate,
820 1761 871 1806 659
890 1760 1011 1814 gratia
1041 1761 1136 1813 apud
1164 1762 1338 1801 Tiberiani
1372 1764 1531 1813 viguerit.
1592 1761 1695 1801 Exiit
1720 1762 1849 1801 senatu

49 1819 220 1862 :lbi-afim
240 1822 366 1862 Paetus
377 1820 507 1872 fileiitio
522 1854 532 1870 ,
563 1821 620 1861 vel
635 1821 737 1861 brevi
751 1819 872 1874 affetglii
878 1825 1017 1873 priores
1045 1821 1254 1860 adulationes
1275 1825 1512 1861 transmittere
1527 1818 1668 1871 fiilitiis,
1698 1820 1788 1861 cum
1808 1823 1848 1860 in

5 1891 8 1897 '
42 1881 186 1921 Tiberii
211 1883 368 1933 gratiam
397 1880 689 1928 decerneretur,
719 1878 786 1937 (g)
816 1881 886 1920 dios
917 1881 1063 1921 Natalis
1088 1880 1292 1931 Agrivpirtce
1316 1883 1408 1920 inter
1426 1878 1575 1934 ncfcssos
1597 1879 1681 1933 effit.
1741 1880 1849 1935 Quid

43 1940 172 1980 effecit
189 1950 316 1981 tamen
333 1940 352 1978 ¹?
380 1941 514 1978 nocuit
536 1938 719 1987 Senatui,
739 1939 808 1991 fibi
822 1937 952 1991 caastmz
971 1939 1113 1991 periculi
1126 1937 1218 1990 fecit
1240 1970 1253 1989 ,
1282 1942 1417 1980 caeterts
1439 1940 1611 1980 libertatis
1631 1941 1763 1980 initium
1782 1953 1847 1981 aon

28 2000 200 2055 praebuit,

194 2058 227 2110 §.
257 2058 300 2097 In
317 2056 384 2096 illis
401 2057 486 2108 plus
507 2057 666 2107 periculi
682 2056 799 2095 habet
818 2057 976 2105 veritas,
1009 2058 1074 2109 qui
1097 2056 1189 2097 dum
1215 2057 1430 2097 adulatores
1454 2056 1530 2097 ess'e
1549 2056 1724 2109 fugiunt;
1755 2059 1846 2098 libe-

45 2121 75 2160 ri
107 2130 235 2158 tamen
272 2117 395 2157 videri
426 2118 591 2162 volunt,
624 2115 661 2155 δε
686 2117 893 2168 ingenioli,
928 2116 1105 2168 adeoque
1124 2116 1210 2171 (h)
1242 2118 1372 2157 acerbis
1384 2114 1530 2167 facetiis
1564 2117 1664 2156 faeta
1697 2118 1733 2157 &
1755 2120 1848 2159 vitia

42 2180 261 2231 Principum
281 2175 556 2230 perstringunt,
587 2187 732 2229 quart-lm
757 2175 853 2228 apud
871 2177 1107 2228 P⁷·aep0tenies
1135 2180 1170 2217 iit
1195 2177 1324 2230 longum
1349 2179 1505 2216 meinoria
1525 2175 1595 2229 cst,
1626 2177 1792 2217 maxime
1817 2179 1844 2219 fi

43 2252 93 2279 ex
108 2251 206 2279 vero
224 2238 321 2281 sint:
352 2238 408 2276 uti
427 2235 581 2276 Neroni
611 2248 699 2274 cum
723 2235 886 2276 Vestino
912 2237 1072 2285 accidit,
1106 2237 1332 2288 quemjuflit
1356 2235 1538 2286 interfici,
1571 2237 1678 2288 quod
1707 2238 1844 2277 scelera

42 2299 104 2340 sua
124 2299 203 2350 ejus
222 2298 386 2338 libertati
407 2295 500 2336 odio
525 2293 589 2349 (i)
617 2294 748 2336 essent.
818 2295 1032 2337 Veritatem
1052 2299 1274 2349 propalare,
1298 2306 1341 2336 ut
1364 2297 1461 2336 mala
1485 2296 1719 2348 gubernandi
1747 2300 1843 2336 ratio

42 2359 432 2412 publiceturt’pot-ius,
462 2356 576 2409 quam
599 2358 837 2408 corrigatur,
857 2357 1009 2396 libertas
1028 2358 1200 2408 quaedam
1216 2356 1291 2406 est,
1314 2368 1398 2408 quae
1427 2356 1637 2395 admonitio
1668 2357 1840 2406 videtur,

13 2420 15 2469 j
45 2420 84 2460 &
104 2419 158 2459 est
180 2418 440 2471 obtreftatim
465 2419 568 2457 zelus
596 2415 766 2467 videtur,
787 2418 837 2469 7&
858 2418 997 2457 malitia
1022 2416 1088 2457 est.
1148 2417 1239 2457 Nec
1266 2416 1388 2457 minus
1409 2415 1647 2468 pestilentem
1673 2418 1770 2456 hanc
1786 2417 1844 2468 ju-

47 2479 136 2519 dico
150 2510 160 2527 ,
191 2479 303 2531 quam
327 2479 443 2531 ipsam
455 2476 759 2525 affentatione1n3
789 2476 862 2532 (k)
894 2489 981 2517 nam
999 2477 1027 2518 si
1045 2477 1232 2519 adulationi
1242 2475 1377 2529 foedam
1404 2474 1744 2528 crimenftrvitiitis,
1772 2489 1844 2516 ma-

45 2540 195 2592 lignitati
222 2536 310 2589 falla
329 2536 453 2590 species
493 2537 663 2577 libertatis
691 2537 786 2591 itast.
845 2537 950 2577 Hinc
977 2537 1246 2590 prudentiores
1278 2537 1470 2587 Principes
1500 2546 1577 2575 tam
1608 2537 1843 2586 libertatem,

46 2599 160 2652 quarn
181 2600 312 2649 nimias
327 2599 524 2638 blanditias
547 2606 742 2637 metuunt:
771 2609 949 2637 neutrum
967 2599 1111 2649 quippe
1127 2599 1299 2651 periculo
1316 2606 1426 2635 vacat
1438 2624 1450 2643 ,
1469 2605 1582 2646 atque
1596 2595 1693 2634 adeo
1702 2606 1844 2635 utrum-

50 2672 126 2712 que
146 2657 358 2700 ex‘tremum
374 2657 618 2713 fugiendum,
647 2659 703 2697 uti
723 2657 865 2698 Tiberii
884 2658 1121 2709 temporibus
1143 2657 1362 2703 accidebat3
1390 2652 1460 2709 (l)
1477 2654 1609 2709 quando
1637 2654 1779 2710 angusta
1795 2653 1847 2699 659

956 2715 990 2756 C
1003 2729 1054 2756 cc
1085 2731 1106 2756 2
1797 2715 1846 2756 Izi·v

146 2840 204 2883 (a)
231 2836 419 2888 Evigilans
435 2863 443 2876 ,
466 2833 698 2888 rursttsstipore
718 2834 880 2889 depreffits
895 2863 904 2876 ,
925 2834 1008 2872 vidi
1031 2834 1216 2882 sbmnium.
1235 2836 1326 2872 Gen.
1348 2848 1410 2882 4¹·
1431 2847 1491 2873 22.
1543 2837 1716 2871 Somnium
1739 2834 1844 2877 vidi,

47 2887 137 2942 quod
157 2890 354 2941 perterruit
373 2901 446 2926 me:
472 2887 516 2930 ὠ
533 2889 757 2939 cogitationes
780 2902 857 2926 mea
888 2890 927 2925 in
939 2886 1060 2939 strato
1092 2901 1162 2925 meo
1179 2915 1187 2928 ‚
1212 2886 1358 2935 visiones
1375 2889 1500 2933 capitis
1526 2889 1595 2924 mei
1616 2885 1844 2925 conturbave-

48 2951 135 2979 runt
161 2954 225 2978 me.
258 2943 349 2980 Dan⁴
368 2955 404 2988 4.
423 2955 458 2977 2.
510 2942 569 2984 (b)
589 2942 650 2976 Cus'
665 2941 719 2977 ille
735 2943 812 2978 ait:
844 2940 924 2978 Vidi
934 2939 1072 2987 somnia
1096 2967 1104 2980 ‚
1129 2954 1188 2976 nec
1211 2938 1256 2991 cst
1281 2941 1341 2991 qui
1363 2938 1523 2986 ediffi’rat
1537 2956 1550 2977 :
1574 2941 1635 2992 qui
1660 2939 1792 2976 audivi
1809 2950 1845 2976 te

39 2992 284 3045 sapientiffimi’
304 2994 474 3040 conjicere.
505 2992 595 3028 Gen.
612 3005 673 3040 41.
694 3006 749 3038 15.
801 2995 857 3039 (c)
882 2999 1129 3045 Apparuertmt
1151 2991 1261 3044 digiti
1280 2989 1382 3043 quasi
1394 3005 1518 3028 manus
1543 2991 1690 3029 hominis
1695 2988 1844 3037 sc'riberi-

51 3047 100 3081 tis
126 3055 247 3081 contra
263 3043 509 3082 candelabrum
526 3046 564 3080 in
578 3042 753 3095 stiperfitie
766 3047 919 3098 parietis
944 3044 1028 3081 aula
1052 3047 1171 3096 regia:
1198 3043 1242 3086 (fr
1257 3049 1329 3080 Rex
1341 3042 1527 3095 aspiciebat
1541 3043 1706 3081 articulos
1721 3056 1846 3079 manus

44 3095 238 3143 firibentis.
265 3100 357 3135 Dan.
381 3111 411 3143 5.
427 3109 457 3143 5.
513 3098 572 3144 (d)
599 3099 630 3132 T
634 3097 713 3134 acit.
725 3097 763 3134 in
778 3097 854 3136 vita
869 3098 991 3147 Agric.
1044 3102 1100 3145 (e)
1118 3095 1202 3143 Posse
1216 3098 1327 3133 etiam
1340 3093 1405 3141 stab
1424 3096 1527 3134 malis
1544 3092 1756 3146 Principibus
1768 3108 1843 3131 ma-

48 3161 134 3199 gnos
152 3152 247 3186 viros
274 3149 343 3197 effi.
375 3152 473 3186 Idem
488 3148 525 3185 in
545 3148 621 3185 vita
637 3149 758 3198 Agric.
811 3150 872 3198 (f)
890 3153 990 3187 Idem
1013 3150 1074 3186 lib.
1094 3163 1129 3197 4.
1148 3149 1276 3185 Annal.
1334 3150 1393 3197 (g)
1410 3151 1509 3185 Idem
1525 3150 1546 3185 l.
1561 3146 1754 3195 14.Annal.
1781 3149 1842 3193 (h)

56 3199 156 3236 Idem
177 3202 200 3237 l.
214 3204 387 3247 55'Annal.
439 3202 488 3247 (i)
509 3200 589 3253 Saepi’
610 3199 736 3252 asperis
741 3200 892 3252 facetiis
909 3201 1020 3248 illusics
1045 3229 1052 3241 ‚
1079 3215 1146 3253 quie
1159 3200 1217 3237 ubi
1233 3200 1383 3237 multum
1397 3215 1443 3238 ex
1457 3214 1540 3237 vero
1559 3197 1715 3238 traxbre,
1727 3212 1842 3236 acrem

46 3249 108 3300 fici
117 3255 316 3340 melmoriam
331 3255 544 3307 relinquunt.
566 3255 680 3299 Tacit,
702 3253 763 3298 lib,
793 3267 849 3301 15.
865 3256 995 3292 Annal.
1041 3257 1101 3303 (k)
1127 3255 1225 3291 Idem
1250 3253 1312 3291 lib.
1330 3266 1360 3290 1.
1380 3253 1469 3289 Hist.
1524 3251 1593 3300 (l)
1619 3253 1716 3288 ldcm
1737 3251 1838 3291 lib.2.

55 3306 162 3346 Anna
179 3330 188 3340 .
