2132 3730
217 262 304 316 346
657 251 1007 296 DIDACI
1059 217 1600 296 SAAVEDRAE.

211 353 277 384 aut
297 339 566 383 existimationi
586 338 701 377 noxia
725 337 832 384 sunt,
861 346 926 376 aut
947 337 984 375 in
1001 335 1273 377 detrimentum
1287 346 1451 390 vergunt
1471 339 1583 377 bonae
1606 337 1919 390 gubernationis,
1948 335 1986 375 &
2000 335 2023 375 a

209 404 357 445 notitiis
383 397 471 439 facti
490 396 779 449 particularibus
800 394 1044 448 dependent,
1075 405 1142 434 aut
1162 395 1249 436 cum
1274 398 1328 437 ob
1358 395 1590 446 distantiam,
1620 408 1684 437 aut
1713 399 1784 437 alia
1808 395 2020 436 accidentia

210 461 328 504 status
358 469 483 498 rerum
503 457 554 497 fic
574 457 729 496 videtur
744 458 986 504 immutatus,
1015 464 1058 494 ut
1078 453 1183 494 reete
1202 458 1380 509 colligere
1397 459 1529 507 liceat,
1557 457 1773 508 Principem
1789 457 1817 497 si
1832 458 1914 496 haec
1933 454 2023 494 ante

211 515 474 563 intellexisset,
505 515 663 558 minime
683 518 742 556 illa
763 516 941 556 daturum
964 513 1071 555 fuiffe
1091 515 1289 563 mandata,
1322 528 1449 567 neque
1480 519 1597 558 ullum
1619 516 1720 557 aliud
1737 528 1853 568 grave
1874 517 1911 555 in
1934 514 2027 555 dila-

212 584 319 621 tione
340 576 414 617 sese
437 575 553 617 offert
577 578 789 628 periculum
804 605 817 625 ,
847 578 884 615 in
901 588 949 616 eo
968 576 1053 614 casu
1078 573 1440 626 differripoterunt,
1474 577 1512 615 &
1532 577 1665 616 contra
1681 577 1814 616 licebit
1828 577 2025 628 excipere,

212 635 388 682 modeste
407 646 555 685 tamen,
587 637 624 676 δι
654 636 753 676 salva
781 638 995 676 reverentia
1025 634 1240 674 auctoritati
1267 636 1364 673 illius
1393 635 1431 674 ἀ
1459 637 1614 675 arbitrio
1642 637 1789 684 debita,
1820 647 1866 675 ea
1894 636 2024 675 saltem
2078 671 2080 675 ,

211 704 298 752 1pe,
327 696 412 737 fore
433 707 476 736 ut
494 695 694 736 instructus
716 695 765 736 de
787 707 828 735 re
846 697 980 735 melius
1007 707 1050 734 ea
1069 694 1222 745 jubeat,
1253 707 1337 746 quae
1352 696 1468 747 magis
1491 695 1714 747 expediunt.
1775 696 1818 736 ld
1848 696 1951 747 quod
1968 693 2025 733 fe-

213 760 267 799 cit
287 756 454 810 Magnus
478 756 571 796 Dux
587 785 598 804 ,
629 757 719 797 cum
740 765 874 796 contra
893 755 1114 796 mandatum
1130 753 1160 795 F
1163 754 1358 794 erdinandi
1377 755 1495 808 Regis
1525 755 1716 794 Catholici
1737 754 1910 808 Neapoli
1937 765 2027 793 cum

212 819 388 861 exercitu
414 814 592 866 substitit,
626 816 850 869 expendens
873 817 1049 856 nimirum
1068 826 1155 855 cum
1175 815 1302 854 animo
1328 815 1417 864 su0,
1446 815 1561 854 Italiae
1578 815 1771 866 Principes
1801 812 2023 866 exspectare

211 875 373 921 sollicite
391 906 403 926 ‚
435 878 518 928 quis
540 876 694 916 demum
716 878 842 916 exitus
864 874 1015 915 futurus
1042 874 1135 914 esset
1155 875 1279 914 mutui
1300 873 1398 914 illius
1415 873 1632 927 congressus
1657 873 1696 914 &
1718 871 1873 925 alloquii
1890 875 2029 913 utrius-

215 950 292 992 que
315 938 455 989 Regis,
471 935 698 976 Ferdinandi
728 936 766 976 &
794 935 959 987 Philippi
980 935 1093 975 Primi
1110 936 1163 974 sui
1188 934 1354 984 Generi,
1384 933 1425 975 δε
1449 946 1510 974 res
1530 934 1811 987 Neapolitanas
1838 931 2028 986 periclita-

214 1009 319 1040 turas
336 997 519 1050 graviter,
548 996 577 1036 fi
594 1007 657 1036 eas
687 994 726 1036 id
745 997 930 1047 temporis
949 994 1184 1037 destitueret.
1245 994 1285 1034 Si
1308 1003 1437 1035 tamen
1456 993 1633 1034 Minister
1659 1003 1808 1034 certum
1832 992 1871 1033 &
1893 994 2029 1045 explo-

213 1070 337 1100 ratum
363 1057 559 1105 habuerit,
590 1055 808 1108 Principem
825 1066 904 1095 tam
928 1055 1173 1095 consiliorum
1201 1054 1353 1094 suorum
1379 1064 1571 1094 amantem
1610 1052 1704 1102 effe,
1732 1062 1778 1093 ut
1799 1064 1923 1093 errare
1957 1065 2028 1105 po-

214 1119 289 1160 titis
313 1117 438 1164 malit,
469 1127 583 1168 quam
606 1114 755 1165 instrui,
786 1125 913 1155 tacere
934 1116 1079 1166 poterit
1103 1114 1140 1154 &
1158 1114 1398 1154 diffimulare:
1428 1127 1533 1154 mera
1558 1115 1659 1154 enim
1684 1112 1788 1153 foret
1807 1111 2028 1167 impruden-

212 1180 265 1219 tia
286 1178 460 1230 periculo
474 1176 550 1217 sese
571 1188 793 1230 exponere,
823 1175 891 1216 ubi
903 1175 1051 1214 nullum
1082 1174 1232 1224 sperare
1250 1176 1341 1213 licet
1367 1173 1593 1214 remedium.
1653 1173 1828 1213 Corbulo
1863 1172 2030 1226 (anam

211 1236 330 1293 castra
348 1238 383 1276 in
406 1233 513 1289 hastili
536 1236 599 1277 Ioco
615 1235 839 1285 moliebatur,
871 1236 1039 1287 acceptis
1057 1244 1185 1273 tamen
1214 1232 1236 1273 a
1257 1234 1420 1273 Claudio
1442 1234 1680 1286 Imperatore
1700 1234 1859 1280 litteris,
1889 1232 2028 1283 quibus

212 1299 251 1340 se
274 1298 448 1348 recipere
470 1296 698 1349 jubebatur,
727 1310 767 1336 re
777 1292 918 1347 fidum,
945 1307 1143 1348 quanquam
1159 1294 1267 1334 multa
1275 1293 1379 1347 fimul
1391 1290 1662 1347 ffinderentur,
1690 1299 1797 1332 metus
1818 1305 1860 1332 ex
1878 1293 2031 1343 Impera·

212 1367 307 1408 tore,
335 1358 527 1410 contemptio
543 1369 584 1396 ex
597 1355 782 1405 barbaris,
796 1353 979 1395 ludibrium
993 1350 1215 1405 apitdsocios3
1245 1354 1329 1394 nihil
1340 1352 1440 1394 aliud
1434 1354 1652 1404 prolocutus,
1681 1365 1785 1407 quam
1798 1352 1912 1392 beatos
1928 1363 2031 1405 quos-

211 1416 292 1459 dam
311 1416 430 1456 Duces
450 1417 624 1457 Romanos
641 1447 654 1465 ,
675 1415 811 1467 signum
830 1415 977 1465 receptui
999 1412 1102 1452 dedit.

391 1475 513 1516 Porro
540 1477 583 1514 iis
605 1474 812 1523 mandatis,
842 1485 927 1524 quae
944 1471 991 1512 ad
1008 1473 1203 1511 materiam
1226 1466 1380 1518 Statim,
1410 1479 1454 1509 ut
1469 1471 1704 1521 loquuntur,
1733 1471 1950 1522 pertinent,
1968 1481 2030 1509 ac*

214 1533 438 1577 curatiffime
466 1535 503 1575 δε
526 1534 572 1574 ad
594 1533 759 1574 amussim
789 1531 966 1572 Minister
995 1531 1266 1582 obtemperet,
1295 1528 1447 1568 neceffe
1468 1528 1523 1567 est
1541 1529 1569 1580 ζ
1581 1529 1652 1568 nist
1672 1539 1801 1570 tamen
1837 1528 1942 1569 forte
1960 1531 2032 1568 cir-

215 1594 447 1636 cumstantiae
464 1594 541 1645 jam
566 1602 885 1632 commemoratae*
898 1591 1157 1638 occurrerint,
1188 1597 1253 1627 aut
1273 1587 1362 1627 alias
1381 1587 1526 1640 insigne
1555 1588 1711 1639 aliquod
1737 1588 1776 1629 ὅτ.
1796 1588 1957 1629 evidens
1982 1590 2030 1628 ab

213 1655 447 1696 executione
466 1653 661 1692 immineat
685 1648 933 1703 periculum>
962 1661 1037 1688 nec
1057 1650 1209 1688 moveri
1229 1648 1267 1687 se
1283 1647 1378 1687 finat
1398 1648 1630 1700 argumentis
1658 1647 1696 1688 &
1712 1649 1922 1688 rationibus
1940 1659 2031 1701 pro-

212 1716 326 1769 priis:
357 1712 454 1765 saepe
472 1714 574 1752 enim
599 1712 818 1764 Principum
846 1709 1002 1750 consilia
1031 1719 1108 1748 tam
1130 1710 1213 1748 altis
1245 1709 1419 1747 nituntur
1437 1706 1646 1757 radicibus,
1674 1717 1719 1748 ut
1749 1707 1944 1757 Minister,
1974 1709 2032 1747 in-

213 1774 423 1828 telligentia
451 1784 514 1813 eas
535 1771 674 1823 affequi
698 1770 802 1811 haud
820 1771 967 1818 valeat,
998 1780 1062 1808 aut
1089 1768 1195 1808 certe
1213 1767 1283 1820 ipsi
1299 1769 1458 1816 nolunt,
1486 1775 1530 1807 ut
1553 1779 1617 1808 eas
1643 1769 1801 1808 rimetur
1823 1778 1888 1808 aut
1913 1780 2033 1820 pene-

212 1846 310 1882 tret3
341 1843 456 1886 atque
475 1831 573 1872 adeo
591 1833 630 1871 in
652 1830 772 1871 dubio
799 1842 872 1882 pro
899 1839 1008 1881 parte
1029 1827 1214 1880 jussorum
1242 1827 1391 1880 semper
1414 1826 1589 1869 standum
1611 1829 1705 1878 erit,
1734 1828 1772 1868 δε
1801 1828 2032 1880 praesumen-

213 1895 308 1936 dum
330 1893 378 1933 de
397 1891 600 1945 prudentia
617 1891 825 1943 Principis,
856 1891 908 1929 ita
929 1889 1089 1928 omnino
1113 1888 1310 1941 expedire.
1370 1887 1437 1927 Ob
1454 1888 1554 1927 hanc
1571 1887 1720 1929 causam
1741 1887 1946 1928 Dolabella
1959 1888 2031 1939 jus-

214 1956 275 1996 sus
295 1954 317 1994 a
334 1952 494 1993 Tiberio
514 1951 674 1992 Nonam
694 1962 743 1990 ex
760 1950 892 1990 Africa
918 1948 1133 2001 Legionem
1152 1948 1347 1987 adducere
1364 1977 1376 1996 ,
1407 1947 1510 1987 illico
1535 1949 1682 1999 paruit,
1712 1945 1786 2003 (b)
1805 1946 1898 2002 jifflz
1921 1949 2036 1989 Prin-0

214 2016 298 2068 cipis
327 2014 461 2064 magis,
491 2023 594 2065 quam
620 2013 752 2050 incerta
775 2010 848 2049 belli
876 2017 1050 2058 metuens,
1082 2007 1231 2047 tametsi
1259 2006 1347 2046 alias
1369 2008 1537 2046 rationes
1561 2006 1717 2047 minime
1738 2006 1929 2056 deessent,
1960 2018 2029 2047 cur

218 2084 352 2115 contra
383 2069 655 2123 excipiendum
685 2068 893 2110 videretur.
954 2067 994 2114 Si
1016 2068 1173 2107 cuilibet
1199 2070 1389 2119 integrum
1415 2064 1507 2106 effet
1536 2078 1601 2116 ea,
1631 2079 1717 2118 quae
1735 2069 2031 2119 praecipiuntur‚
2094 2088 2097 2093 v

216 2134 436 2175 examinare
455 2131 493 2170 &
510 2129 719 2178 discutere,
749 2129 996 2169 miscerentur
1018 2128 1166 2176 omnia,
1195 2132 1233 2168 &
1253 2128 1424 2178 plurimae
1455 2124 1478 2165 ὲ
1496 2127 1670 2166 manibus
1700 2128 1941 2167 elaberentur
1967 2138 2036 2166 oc-

217 2194 402 2234 casiones.
462 2191 642 2243 Regnum
675 2188 702 2242 ξ
717 2198 762 2228 ut
785 2188 874 2227 alibi
903 2186 1109 2241 diximus>
1138 2185 1430 2226 instrumentum
1464 2184 1519 2225 est
1551 2186 1738 2226 musicum
1759 2216 1771 2235 ‚
1802 2186 1907 2238 cujus
1937 2184 2035 2225 fides

218 2254 267 2294 ad
295 2252 463 2293 debitam
480 2250 718 2290 harmoniam
744 2247 782 2289 &
799 2257 1033 2288 concentum
1061 2247 1240 2298 Princeps
1271 2254 1521 2297 attemperat,
1547 2246 1612 2297 qui
1639 2245 1764 2298 digitis
1791 2245 1864 2286 suis
1898 2255 2034 2285 omnes

218 2313 430 2368 percurrit,
459 2322 540 2351 non
564 2306 752 2356 minister,
784 2309 849 2359 qui
876 2320 989 2348 unam
1012 2307 1126 2347 solam
1146 2306 1324 2357 impellit,
1356 2316 1522 2355 cumque
1543 2306 1631 2344 alias
1665 2306 1745 2357 ipse
1771 2317 1851 2345 non
1878 2305 2033 2354 audiat,

218 2375 312 2415 scire
331 2372 466 2422 nequit
483 2381 610 2410 utrum
632 2366 796 2408 adducta
810 2369 920 2408 nimis
937 2379 984 2406 ea
1006 2366 1050 2406 sit
1069 2396 1081 2415 ,
1112 2378 1157 2405 an
1178 2364 1347 2411 remusa,
1378 2363 1416 2402 δε
1443 2362 1624 2404 facillime
1652 2363 1873 2416 falleretur,
1902 2365 1930 2405 fi
1947 2376 2034 2405 eam

218 2433 290 2475 suo
321 2432 435 2485 genio
474 2440 603 2482 aptare
636 2428 770 2469 vellet.
861 2426 1006 2467 Comes
1028 2424 1224 2465 Fontanus
1257 2435 1302 2464 ea
1329 2424 1480 2463 licentia
1500 2453 1512 2472 ‚
1543 2436 1657 2476 quam
1678 2426 1714 2464 ei
1731 2424 1794 2464 sua
1814 2436 1902 2464 aetas
1920 2454 1932 2473 ,
1968 2435 2033 2465 ze·

219 2494 279 2534 lus
293 2523 306 2542 ‚
336 2490 517 2542 obsequia
532 2519 544 2537 ‚
573 2489 611 2528 δι
634 2488 880 2540 experientiae
899 2496 960 2526 tot
987 2497 1031 2525 ac
1051 2488 1165 2526 tantis
1184 2485 1366 2536 trophaeis
1388 2495 1432 2523 ac
1453 2482 1624 2524 victoriis
1645 2494 1840 2525 coronatae
1859 2485 2031 2537 indulge-

219 2553 336 2600 bant,
367 2550 569 2601 aliquoties
595 2546 716 2602 (ciim
737 2546 873 2587 statum
889 2545 1221 2586 Mediolanensem
1240 2544 1364 2584 adhuc
1380 2543 1564 2598 regeret)
1594 2544 1780 2585 mandatis
1811 2545 1926 2598 Regis
1949 2544 2035 2584 Phi-

219 2614 317 2665 lippi
335 2609 456 2651 Tertii
483 2620 618 2662 parere
646 2605 802 2655 distulit,
834 2619 885 2647 eo
915 2606 1021 2658 quod
1045 2606 1113 2646 fibi
1133 2605 1397 2658 persuaderet,
1427 2616 1472 2644 ea
1500 2616 1580 2644 non
1606 2603 1690 2644 satis
1714 2604 1898 2657 expedire
1915 2634 1928 2654 ‚
1958 2616 2035 2644 ma·
2094 2629 2099 2632 -

219 2674 355 2726 gisque
375 2683 425 2710 ex
449 2681 580 2709 amore
594 2667 792 2708 commodi
809 2668 965 2719 privati,
996 2676 1060 2706 aut
1079 2667 1287 2719 ignorantia
1303 2662 1566 2704 Ministrorum
1584 2663 1761 2717 profecta
1776 2663 2031 2716 fuiffe‚quam
2097 2697 2100 2702 .

220 2745 272 2773 ex
305 2740 436 2771 mente
453 2729 650 2781 Principis,
711 2727 833 2781 Quod
855 2730 1076 2779 exemplum
1094 2726 1210 2766 secuti
1237 2724 1321 2765 sunt
1346 2723 1480 2776 postea
1507 2725 1598 2774 alii,
1626 2737 1706 2765 non
1735 2726 1880 2777 absque
1903 2723 2036 2775 insigni

222 2792 457 2832 detrimento
479 2789 756 2841 tranquillitatis
777 2787 963 2839 pubhcae,
995 2788 1032 2827 ὃς
1056 2785 1290 2827 auctoritatis
1321 2785 1463 2838 Regiae.
1526 2783 1751 2825 Graviffima
1775 2785 1865 2825 inde
1891 2785 2034 2824 oriren-

222 2860 286 2892 tur
306 2849 575 2896 incommoda‚
605 2848 632 2888 si
654 2846 838 2888 Ministris
860 2847 1007 2899 semper
1032 2848 1164 2888 liceret
1183 2857 1326 2885 vocare
1344 2846 1382 2885 in
1403 2845 1561 2885 dubium
1579 2874 1591 2894 ,
1621 2845 1719 2886 sitne
1734 2846 1913 2885 voluntas
1931 2843 2033 2883 Prin-

224 2911 342 2964 cipis,
373 2920 447 2949 nec
466 2921 535 2956 ne,
566 2907 605 2947 id
633 2907 739 2959 quod
756 2909 996 2960 praecipitur‚·
1027 2909 1089 2947 cui
1110 2907 1165 2946 rei
1189 2906 1358 2958 inprimis
1380 2904 1622 2946 occasionem
1639 2904 1730 2945 dare
1749 2905 1863 2953 solet,
1894 2903 1922 2943 si
1939 2914 2035 2943 con--

226 2969 326 3020 stet,
356 2981 437 3010 non
461 2968 574 3019 ipsius
594 2966 668 3008 ess‘e
689 2980 863 3016 manum,
894 2979 979 3020 quae
1003 2976 1107 3018 aptat
1130 2966 1166 3006 &
1184 2967 1333 3017 expolit
1352 2964 1497 3018 lapides
1514 2977 1587 3017 pro
1607 2965 1889 3018 gubernationis
1916 2960 2032 3003 aedifi»

226 3032 303 3071 cio.
361 3026 513 3068 Verinn
540 3027 608 3067 etsi
641 3029 760 3067 aliena
790 3039 836 3067 ea
866 3026 931 3076 iit,
960 3028 1109 3080 semper
1133 3036 1262 3066 tamen
1282 3025 1380 3077 juffis
1410 3024 1494 3065 suus
1516 3025 1716 3065 habendus
1741 3023 1797 3064 est
1816 3024 1964 3072 honos,
1993 3021 2034 3062 &

229 3085 578 3142 obtemperandum
593 3117 604 3134 ,
634 3087 736 3126 haud
754 3087 860 3128 secus
879 3099 922 3127 ae
945 3086 971 3127 si
991 3088 1038 3127 ab
1063 3086 1218 3127 arbitrio
1237 3085 1274 3125 &
1295 3087 1499 3125 voluntate
1520 3085 1637 3138 ipsius
1652 3084 1835 3135 Principis
1855 3080 2034 3136 profetia

229 3148 370 3190 effent:
400 3146 487 3188 alias
508 3148 608 3187 enim
635 3147 946 3198 perturbarentur
962 3146 1000 3187 δε
1018 3145 1347 3186 confunderentur
1372 3146 1512 3186 omnia.
1571 3143 1805 3185 obedientia
1834 3142 1960 3187 zelosa
1985 3153 2031 3182 ac

227 3209 401 3262 prudens
421 3208 538 3248 solam
562 3218 717 3247 manum
736 3218 780 3246 ac
797 3205 954 3260 figillum
971 3206 1153 3259 Principis
1168 3206 1221 3245 sui
1237 3206 1399 3258 suspicit.

335 3347 398 3396 (a)
424 3329 1061 3391 Tacffiem
1082 3345 1144 3384 lib.
1165 3360 1202 3395 4.
1221 3346 1351 3386 Annal.

1843 3260 1880 3313 §.
1912 3258 2035 3315 Quod
2098 3290 2106 3324 3
