2132 3730
290 228 347 278 56
725 222 1071 265 DJDACJ
1121 220 1654 270 sAAVEDRAE.

286 319 400 362 turpe
418 309 472 349 est
495 308 719 348 indecorum
736 335 751 354 ‚
775 318 869 345 mox
889 307 1037 345 accusat
1052 334 1064 354 ,
1094 305 1132 345 &
1157 306 1308 360 castigat
1338 311 1441 349 illico
1469 309 1634 351 infamiae
1667 311 1941 366 divulgatione.
2011 316 2078 357 Illa

285 370 444 416 incitat,
460 375 503 406 ut
531 376 684 418 agamus
704 363 833 413 recte3
855 365 959 415 haec,
988 373 1032 404 ut
1051 376 1102 405 ne
1125 376 1329 417 operemur
1351 366 1469 417 male,
1500 368 1698 410 &facilius
1720 372 1796 412 sese
1820 372 1980 415 abstinet
2000 379 2078 417 ani-

283 441 369 469 mus
386 428 434 466 ab
463 438 536 475 eo,
562 423 670 476 quod
686 425 931 477 ignominiam
964 423 1178 476 adjunctam
1197 425 1337 476 habet,
1368 427 1482 479 quam
1503 429 1675 481 suscipiat
1696 430 1753 479 id,
1785 436 1891 484 quod
1919 433 2078 477 arduum

284 487 340 528 est
361 486 398 526 &
421 483 636 526 honestum.
696 483 846 526 Merito
866 487 995 536 itaque
1019 483 1245 524 constitutus
1270 486 1325 526 est
1346 488 1473 527 honor
1491 489 1529 528 in
1551 491 1616 540 op'
1645 491 1735 530 ione
1758 493 1898 542 aliena,
1927 502 1970 533 ut
2008 495 2075 534 sci-

283 550 374 587 licet
394 547 433 585 in
458 553 566 585 metu
587 545 722 594 fimus,
750 557 918 597 cumque
941 544 1110 584 astiones
1135 543 1270 584 nostrae
1287 547 1334 586 ab
1354 549 1513 589 aliorum
1527 549 1602 602 dep
1629 548 1771 590 ndeant
1788 550 1933 602 judicio
1955 557 2076 594 omni-

282 608 355 648 bus
387 605 600 646 satisfacere
623 603 851 646 studeamus.
910 604 1078 645 Tametsi
1093 615 1190 644 vero
1218 605 1447 647 obtrectatio
1478 610 1517 648 in
1542 610 1580 649 se
1606 611 1701 649 mala
1725 609 1791 659 sit,
1821 612 1924 652 bona
1946 622 2074 654 tamen
2111 629 2115 632 -

282 665 338 706 est
355 679 428 718 pro
449 663 684 720 Republica,
714 661 801 717 quia
817 666 918 706 nulla
945 667 1013 706 alia
1033 664 1141 718 supra
1161 663 1421 716 Magistratum
1441 678 1505 709 aut
1519 669 1734 721 Principem
1763 671 1883 723 major
1908 672 2077 725 potestas

281 727 321 767 &
345 728 405 768 vis
420 726 487 768 est.
549 725 656 780 Quid
680 728 855 779 potentia
873 738 953 766 non
973 727 1150 775 auderet,
1179 724 1206 764 si
1238 725 1467 768 obtrec'tatio
1484 743 1563 771 non
1579 729 1776 771 obsisteret
1793 732 1813 771 ’ἓ
1840 733 1879 772 in
1900 745 1999 784 quos
2013 734 2075 774 illa

280 800 362 829 non
382 789 572 828 laberetur
587 798 757 839 errores,
783 787 811 828 fi
826 788 909 827 haec
932 799 1012 827 non
1035 785 1154 827 effer?
1183 784 1393 828 Confiliarii
1409 791 1545 841 optimi
1572 791 1658 831 sunt
1684 790 2003 842 obtrectationes,
2031 794 2075 834 fi-

280 847 437 901 quidem
457 847 481 890 e
509 847 736 890 damnorum
774 849 1010 903 experientia
1037 848 1137 890 nasci
1162 846 1297 902 solent,
1354 847 1430 891 Eas
1455 848 1486 892 fi
1509 851 1683 895 audirent
1713 852 1928 909 Principes,
1957 855 2074 896 multa

270 2283 391 2326 dubio
407 2283 547 2337 procul
567 2281 817 2325 succederent
840 2281 994 2328 rectius.
1035 2280 1211 2334 Satyras,
1239 2281 1443 2338 &libellos
1464 2281 1630 2335 probare
1650 2284 1811 2324 omnino
1825 2293 1905 2324 non
1927 2281 2067 2322 aufim:
2122 2276 2123 2299 ³

268 2356 357 2386 nam
377 2346 605 2397 plerumque
627 2353 692 2383 aut
707 2344 877 2383 veritatis
895 2341 1089 2383 excedunt
1109 2345 1268 2393 limites,
1298 2352 1363 2383 aut
1382 2337 1570 2392 scandala,
1593 2344 1778 2383 tumultus
1803 2354 1847 2382 ac
1864 2341 2069 2384 seditiones

268 2406 489 2451 concitant3
520 2403 661 2455 aliquid
695 2412 824 2443 tamen
844 2403 1031 2456 indulgeri
1060 2400 1105 2442 eii
1125 2405 1163 2443 in
1184 2414 1226 2442 re
1247 2401 1299 2442 ob
1323 2401 1485 2442 effeetus
1507 2411 1584 2443 tam
1607 2402 1734 2442 bonos
1766 2400 1870 2443 forte
1896 2401 2067 2454 expedit.

268 2462 475 2505 Libertatis
499 2464 537 2504 in
563 2463 780 2516 Republica
798 2462 944 2516 lignum
965 2461 1020 2503 est
1035 2461 1293 2511 obtreetati03
1322 2464 1360 2502 in
1385 2473 1430 2502 ea
1445 2464 1567 2511 enim,
1595 2474 1709 2514 quam
1726 2463 1894 2512 tyrannis
1912 2461 2068 2514 oppres-

267 2524 345 2566 sam
360 2523 438 2575 jam
465 2533 593 2573 tenet,
622 2524 846 2578 neutiquam
872 2524 1117 2574 permittitur.
1177 2521 1249 2576 (a)
1280 2521 1390 2562 Rara
1419 2530 1609 2575 temporum
1627 2518 1802 2572 felicitas,
1831 2520 1889 2561 uhi
1917 2516 2066 2572 sentire,

267 2596 345 2639 quae
363 2581 470 2633 velis,
499 2582 551 2628 &⁹
581 2579 813 2637 quaesemias,
842 2580 958 2623 dicere
982 2582 1066 2622 licet.
1126 2580 1301 2633 Iniquum
1315 2582 1466 2634 prorsus
1491 2580 1602 2630 effer,
1626 2580 1655 2621 fi
1682 2582 1747 2632 qui
1771 2582 1952 2633 imperat,
1982 2579 2068 2619 sub-

267 2644 437 2684 ditorum
458 2642 565 2683 labiis
581 2641 740 2682 claustra
758 2640 877 2682 vellet
896 2642 1049 2693 injicere
1069 2641 1106 2681 &
1121 2642 1347 2694 prohibere,
1375 2653 1425 2681 ne
1446 2649 1649 2693 querantur
1666 2651 1853 2692 unquam,
1884 2648 1948 2678 aut
1963 2650 2065 2678 mur-

269 2712 442 2754 murent,
471 2703 539 2743 sub
567 2702 666 2742 duro
688 2702 878 2742 servitutis
891 2701 998 2755 jugo.
1058 2701 1149 2742 Sine
1177 2713 1245 2741 eos
1261 2712 1520 2751 murmurare,
1550 2700 1628 2740 fine
1651 2700 1834 2752 obloqui,
1864 2698 1954 2738 dum
1970 2710 2065 2749 prae·

267 2765 397 2815 cipere
425 2773 498 2803 nos
524 2762 652 2804 finunt
675 2761 800 2814 ajebat
824 2761 953 2801 Sixtus
981 2761 1034 2806 V.
1062 2760 1262 2810 Pontifex,
1293 2772 1380 2801 cum
1406 2773 1486 2800 non
1512 2772 1628 2800 nemo
1663 2761 1710 2800 ad
1739 2760 1858 2812 ipsum
1886 2755 2066 2807 referret,

269 2821 376 2874 quod
401 2822 500 2864 male
525 2822 574 2862 de
598 2834 649 2862 eo
669 2823 843 2862 nonnulli
868 2831 938 2874 per
957 2822 1092 2861 urbem
1118 2823 1378 2873 loquerentur.
1438 2818 1794 2860 obtrectationibus
1807 2816 1964 2857 omnino
1983 2827 2065 2855 non

266 2884 391 2934 tangi,
420 2896 500 2923 non
529 2884 710 2929 moveri;
739 2882 817 2921 hoc
842 2881 999 2921 demum
1024 2879 1116 2921 esl‘et
1142 2891 1295 2920 omnem
1330 2880 1488 2920 honoris
1521 2878 1837 2920 existimationem
1870 2873 2065 2926 abjecisse,

268 2953 350 2993 quo
366 2942 460 2981 nihil
475 2943 583 2994 peJus
604 2944 642 2983 in
663 2941 860 2993 Principe,
890 2941 919 2982 fi
949 2941 1104 2993 quidem
1120 2950 1170 2980 eo
1189 2941 1362 2989 venerit,
1391 2948 1434 2979 ut
1453 2939 1529 2991 Jam
1548 2939 1701 2980 infamia
1726 2936 1917 2987 voluptati
1933 2935 1984 2974 illi
2001 2934 2065 2974 fit:

267 3009 522 3040 veruntamen
548 3001 600 3041 s1c
625 3003 668 3041 iis
697 3001 898 3049 afficiatur,
929 3012 972 3040 ut
1006 3001 1121 3040 discat
1152 2997 1242 3039 inde
1263 3001 1335 3051 aliq
1345 2998 1438 3048 uid,
1467 3010 1548 3038 non
1565 3008 1608 3038 ut
1624 3007 1687 3037 eas
1708 2995 1920 3039 ulciscatur.
1978 2993 2061 3046 Qui

268 3059 401 3101 isthaec
419 3062 566 3101 leviora
598 3060 818 3101 dissimulare
852 3059 931 3114 (b)
958 3059 1152 3109 nescierit,
1183 3058 1385 3111 quomodo
1416 3058 1557 3110 majora
1587 3055 1728 3110 poterit
1736 3064 1751 3106 3
1781 3052 1881 3094 Non
1905 3053 2063 3119 minoris

1986 3123 2063 3151 vir-

373 3242 437 3289 (ει)
461 3241 577 3279 Tacit.
595 3240 657 3279 lib.
681 3253 711 3278 1.
728 3241 819 3279 Hist.
869 3243 930 3290 (b)
955 3245 1178 3292 Magnarum
1192 3251 1310 3278 rerum
1324 3250 1426 3278 curas
1441 3248 1507 3274 non
1521 3232 1803 3287 dff'mulatmos,
1818 3236 1879 3288 qui
1900 3235 2059 3274 animum

269 3294 382 3336 etiam
393 3292 572 3346 leviffl'mis
581 3292 824 3334 adverterent.
873 3293 958 3332 Tac.
974 3292 996 3332 1.
1022 3304 1075 3340 13.
1099 3291 1228 3331 Annal.
