2132 3730
271 223 353 264 150
761 206 1111 251 DJDACJ
1164 205 1705 252 SAAVEDRAE

271 269 1557 286 ‚mm-*m

260 296 412 348 phonso
440 294 607 346 Sapienti
627 291 826 340 suadebat,
857 293 971 337 amari
991 291 1122 342 potius
1142 299 1314 342 optaret,
1346 303 1460 344 quam
1481 293 1606 332 timeri
1631 291 1653 332 a
1670 294 1847 343 subditis,
1868 293 1905 333 ὅτ
1941 293 2077 336 Eccle-

260 355 491 396 ssasticorum
517 365 560 391 ac
586 351 690 403 vulgi
720 350 790 390 fibi
811 361 962 403 pararet
989 349 1130 398 studia,
1158 359 1203 389 ut
1226 359 1335 391 tanto
1364 352 1499 403 majori
1528 363 1619 392 cum
1635 353 1778 394 robore
1803 353 2012 395 Nobilitati
2041 357 2080 395 se

259 415 390 468 posset
427 422 639 464 opponere.
701 410 823 464 Quod
858 411 1056 451 consilium
1082 409 1110 450 fi
1140 409 1266 450 fuiffet
1298 412 1471 462 secutus,
1502 411 1701 453 Coronam
1733 425 1814 455 non
1841 413 2079 468 perdidiss'et.

259 477 379 515 Simul
398 485 442 511 ac
461 469 575 511 Nero
601 471 717 511 amari
740 471 868 519 desiit,
899 471 1185 522 conjurationes
1211 481 1346 512 contra
1375 484 1465 513 eum
1489 471 1572 513 fieri
1604 483 1820 525 coeperant,
1849 474 1890 515 id
1908 474 2017 526 quod
2039 478 2078 515 in

258 535 398 575 faciem
416 532 466 571 illi
489 532 742 583 exprobravit
773 531 932 571 Subrius
956 529 1129 571 Flavius:
1160 526 1228 587 (a)
1263 532 1340 572 Nec
1365 535 1566 586 quisquam,
1600 533 1746 584 ajebat,
1773 535 1837 575 tibi
1859 532 1992 588 fidelior
2018 537 2079 575 vni-—

257 596 352 635 litum
355 589 457 643 sirit,
487 590 566 631 dum
576 592 692 631 amari
710 594 818 631 merui
848 594 872 632 i.
926 590 1048 646 'Odff
1068 593 1152 643 coepi
1166 622 1176 637 ,
1198 589 1379 645 postquam
1384 592 1570 644 parricida
1587 596 1714 634 matris
1738 594 1791 639 &³
1811 598 1951 644 uxoris,
1978 598 2078 636 auri-

252 667 322 706 ga,
352 650 495 706 histrio,
525 650 821 697 &incendiarius
832 654 935 692 extiti
965 655 988 692 i.
1048 649 1229 702 Majestas
1251 651 1290 690 &
1313 654 1489 704 potentia
1517 653 1638 707 Regis
1661 665 1742 694 non
1765 654 1804 694 in
1827 655 1972 695 suamet
1990 654 2080 708 ipsi-

255 725 300 752 us
332 711 494 765 persona
510 711 740 761 consistunt,
770 711 891 752 sedin
917 711 1059 752 affectu
1092 712 1131 752 &
1155 713 1361 752 voluntate
1385 711 1655 765 Subditorum.
1713 712 1752 753 Si
1780 713 1838 754 isti
1859 716 1959 756 male
1985 715 2079 756 affe·

255 771 306 812 &i
328 773 412 813 sunt
426 803 440 822 ,
471 774 556 825 quis
579 771 757 814 hostibus
782 773 820 813 se
841 772 1026 824 objiciet?
1057 772 1132 812 Pro
1157 773 1221 812 sua
1245 773 1540 814 conservatione
1561 775 1735 826 Populus
1756 774 1867 828 Rege
1900 775 2045 829 indiget
2061 805 2076 827 ,

252 832 320 872 sed
349 833 450 873 illam
466 833 614 885 sperare
633 844 714 872 non
736 831 867 884 potest
882 833 929 872 ab
948 845 998 872 eo
1016 862 1030 882 ,
1062 834 1127 884 qui
1148 833 1311 873 invisum
1337 832 1375 872 &
1395 832 1571 875 odiosum
1589 835 1628 874 se
1661 834 1801 875 reddit.
1863 834 2078 876 Prudenter

252 892 339 933 sane
362 893 442 933 hoc
460 892 724 944 praeviderunt
743 893 951 945 Aragonii,
983 892 1140 944 quando
1159 902 1330 933 evocato
1354 892 1402 932 ad
1417 892 1610 945 sceptrum
1628 893 1704 948 (h)
1728 894 1846 935 Petro
1872 895 2078 936 Atharefio

256 952 437 993 Domino
454 952 603 1004 Borgiae
615 982 628 1001 ,
659 950 681 990 a
697 964 777 1003 quo
800 951 998 993 descendit
1018 951 1256 993 illustrissima
1275 953 1314 993 &
1331 953 1596 1005 Antiquiffima
1624 952 1780 994 Domus
1797 954 1957 995 Ducum
1967 955 2075 996 Gan·

251 1013 344 1062 diae,
373 1013 597 1064 poenitentia
624 1010 759 1064 postea
784 1011 915 1062 ducti,
945 1012 1096 1066 Regem
1137 1024 1228 1053 eum
1253 1013 1397 1054 habere
1419 1015 1652 1062 noluerunt,
1677 1013 1727 1054 eo
1758 1014 1867 1066 quod
1891 1015 2074 1056 viderent

250 1070 340 1113 ante
364 1073 504 1121 etiam,
534 1070 651 1124 quam
673 1072 878 1131 eligeretur
897 1075 936 1113 in
955 1073 1125 1125 Regem,
1155 1073 1193 1113 se
1218 1073 1383 1125 asperius
1409 1074 1447 1115 ὃς
1476 1073 1604 1114 minus
1633 1073 1831 1114 benevole
1857 1074 1904 1113 ab
1934 1075 2078 1117 eodem

249 1130 411 1172 tractari.
474 1130 544 1186 (c)
575 1131 724 1172 Contra
738 1145 784 1172 ac
807 1132 903 1173 fecit
931 1132 961 1173 F
963 1131 1193 1173 erdinandus
1222 1133 1370 1174 Primus
1394 1135 1599 1188 Aragoniae
1615 1133 1728 1183 Rex,
1754 1134 1819 1186 qui
1833 1133 2076 1175 benevolen-

248 1194 300 1232 tia
319 1191 356 1231 δε
374 1203 505 1232 amore
533 1193 706 1234 omnium
729 1192 799 1234 fibi
814 1194 854 1233 in
870 1194 936 1232 illo
954 1193 1095 1246 Regno
1119 1193 1297 1233 devinxit
1316 1196 1487 1243 animos,
1506 1196 1563 1234 uti
1587 1193 1626 1233 &
1651 1195 1690 1233 in
1716 1192 1878 1233 Castella
1906 1205 1956 1233 eo
1978 1204 2077 1236 tem-

248 1264 368 1305 pore,
398 1263 476 1303 quo
491 1253 662 1292 habenas
681 1254 780 1293 illius
803 1253 1090 1293 moderabatur.
1148 1251 1306 1293 Multos
1342 1254 1537 1308 Principes
1560 1252 1711 1307 periiffe
1740 1253 1935 1304 vidimus,
1967 1254 2074 1307 quod

248 1315 493 1361 timerentur,
522 1312 670 1353 nullum
688 1313 840 1363 adhuc,
871 1313 979 1365 quod
997 1321 1197 1353 amaretur.
1259 1312 1483 1354 Curandum
1502 1316 1634 1365 itaque
1655 1314 1844 1365 Principi‚
1871 1322 1915 1353 ut
1944 1313 1966 1353 a
1988 1315 2074 1355 sub-

249 1373 336 1412 ditis
355 1371 551 1424 diligatur,
578 1370 812 1416 formidetur
839 1373 886 1412 ab
907 1372 1101 1413 hostibus:
1129 1372 1196 1411 nili
1214 1373 1316 1412 enim
1343 1373 1383 1413 id
1413 1372 1505 1423 fiat,
1536 1373 1686 1413 tametfi
1705 1372 1832 1413 vietor
1848 1372 2074 1424 evadat,il-

247 1435 375 1473 lorum
392 1440 522 1472 tamen
550 1433 726 1473 manibus
752 1433 909 1472 tandem
927 1434 1136 1481 morietur,
1171 1431 1210 1472 id
1238 1432 1346 1484 quod
1366 1431 1545 1474 Bardano
1566 1433 1763 1473 Persarum
1792 1432 1891 1485 Regi
1907 1432 1984 1489 (d)
2008 1446 2074 1474 ac.

247 1492 355 1534 cidit.
417 1491 542 1534 Amor
558 1490 598 1532 &
616 1494 833 1548 revetentia
851 1492 983 1533 sociari
1005 1491 1186 1541 doffunt,
1214 1504 1297 1533 non
1312 1495 1408 1534 item
1428 1506 1537 1535 amor
1563 1493 1602 1533 &
1619 1493 1763 1534 servilis
1779 1501 1918 1533 metus.

414 1595 489 1657 (e)
525 1593 682 1662 Qem
706 1604 950 1653 metuunt,
988 1590 1215 1650 oderunt,

413 1665 570 1732 Qem
600 1663 965 1734 quisqueodit,
998 1660 1185 1733 periillle
1206 1666 1394 1732 expetit.

416 1732 509 1803 (f)
547 1734 653 1786 Nec
667 1734 952 1804 quenquam
969 1752 1000 1803 a
1023 1734 1195 1786 multis
1214 1733 1526 1788 metuendum
1553 1732 1631 1804 effi:
1657 1733 1895 1788 arbitror.

246 1852 330 1904 quin
353 1846 404 1888 ad
426 1861 500 1889 eum
524 1858 569 1887 ex
593 1848 708 1888 multis
728 1845 884 1898 'formido
901 1838 1051 1893 recidat.
1114 1848 1216 1901 Quae
1238 1849 1360 1901 major
1380 1849 1607 1898 infelicitas,
1636 1861 1751 1902 quarn
1782 1850 1973 1902 imperare
2002 1848 2072 1898 iis,
2130 1847 2132 1863 ³

248 1922 313 1961 qul
335 1920 405 1960 per
427 1918 575 1948 metum
607 1917 766 1959 parent,
797 1907 836 1945 &
861 1909 1091 1958 corporibus
1123 1908 1338 1957 dominari,
1367 1922 1449 1948 non
1481 1910 1647 1949 animis?
1678 1908 1776 1948 Illud
1798 1910 1897 1948 inter
1925 1907 2070 1948 Princi-

246 1980 337 2021 pem
353 1965 515 2021 Justurn‚
546 1967 583 2006 &
616 1976 820 2016 tyrannum
839 1965 1013 2015 interest,
1045 1967 1153 2018 quod
1166 1968 1229 2006 ille
1251 1969 1364 2007 armis
1384 1977 1512 2008 utatur
1528 1967 1576 2006 ad
1604 1967 1771 2006 tuendos
1794 1969 1832 2006 in
1854 1979 1952 2019 pace
1973 1966 2073 2006 Sub-

248 2028 350 2068 ditos
369 2040 382 2075 3
411 2029 475 2067 hic
490 2038 586 2067 vero
606 2056 619 2075 ,
648 2036 690 2065 ut
707 2026 780 2065 suae
796 2025 975 2065 adversus
994 2028 1079 2065 illos
1097 2026 1286 2066 securitati
1311 2029 1495 2067 consulat.
1552 2026 1592 2065 Si
1610 2029 1711 2066 vires
1730 2025 1768 2065 &
1782 2027 1958 2078 potentia
1968 2026 2072 2067 Prin—

247 2090 342 2140 cipis
364 2087 475 2127 invisi
505 2096 642 2126 tenues
658 2086 730 2125 sint
750 2115 763 2134 ,
793 2086 969 2137 periculo
994 2085 1096 2137 apud
1115 2086 1301 2126 Subditos
1331 2086 1415 2126 sunt
1433 2086 1618 2138 expolitae
1644 2099 1657 2132 3
1687 2085 1715 2124 fi
1740 2097 1912 2139 magnae,
1943 2088 2071 2126 multo

248 2149 364 2188 etiam
387 2146 575 2198 amplius:
606 2145 686 2197 quo
705 2146 806 2185 enim
830 2144 886 2184 est
902 2145 1021 2192 major
1040 2176 1052 2193 ‚
1086 2144 1136 2185 eo
1151 2146 1286 2197 majori
1307 2158 1396 2185 cum
1418 2144 1670 2185 sollicitudine
1694 2145 1801 2184 saluti
1826 2146 1899 2185 suae
1922 2146 2069 2197 prospi-

247 2219 337 2247 cere
359 2207 529 2260 satagunt
550 2219 563 2253 3
610 2213 792 2256 tanquam
823 2207 887 2257 qui
906 2213 1113 2253 verentur,
1142 2218 1192 2245 ne
1206 2217 1281 2245 una
1298 2218 1387 2246 cum
1409 2204 1613 2257 Majestate
1645 2205 1820 2258 augescat
1848 2203 2033 2245 ferocitas
2054 2235 2069 2255 ‚
2130 2245 2132 2248 Α

247 2267 452 2320 quomodo
476 2268 514 2306 in
531 2266 708 2309 Bardano
729 2264 924 2306 Persarum
945 2265 1056 2317 Rege
1073 2264 1207 2305 videre
1222 2265 1318 2315 fuit,
1350 2268 1414 2318 qui
1431 2268 1548 2318 ingens
1561 2265 1696 2318 gloria,
1725 2272 1832 2317 atque
1849 2277 1885 2305 eo
1900 2262 2070 2315 ferocior,

245 2327 299 2372 ἐξ)
307 2324 470 2381 ᾒιΙῄεέῖές
488 2326 723 2367 intolerantior
739 2326 879 2365 extitit.
941 2323 966 2379 ζ
974 2323 1030 2380 g)
1055 2325 1240 2366 Attamen
1257 2326 1285 2366 si
1302 2338 1382 2366 non
1403 2328 1562 2379 periculi
1580 2324 1709 2373 causa,
1727 2325 1781 2365 ob
1794 2324 2068 2378 gratitudinem

249 2388 379 2428 saltem
405 2386 625 2426 cavendum
645 2385 811 2437 Principi
830 2415 843 2434 ,
871 2397 922 2424 ne
945 2384 1178 2426 metuendus
1204 2385 1249 2426 fit
1283 2388 1349 2435 iis,
1380 2386 1401 2426 a
1420 2387 1557 2438 quibus
1574 2386 1716 2433 habet,
1746 2383 1854 2436 quod
1881 2383 2069 2437 Principis
2130 2441 2132 2444 Ι

248 2447 429 2499 fungatur
454 2447 597 2486 officio.
657 2445 791 2498 Quare
806 2444 1051 2498 indignissima
1068 2444 1141 2486 fuit
1166 2445 1229 2486 illa
1249 2458 1333 2487 vox
1366 2447 1610 2499 Imperatoris
1638 2444 1846 2497 Caligulae3
1879 2442 2032 2485 Oderint
2049 2475 2065 2495 ,

246 2506 327 2548 dum
351 2514 507 2547 metuant
527 2520 541 2555 ;
569 2504 733 2559 perinde
752 2514 868 2557 atque
888 2505 1042 2557 Imperii
1056 2506 1235 2546 securitas
1261 2508 1300 2546 in
1319 2517 1426 2546 metu
1443 2505 1681 2547 consisteret.
1743 2502 1819 2558 (h)
1846 2503 1972 2544 Immo
1992 2505 2068 2545 mcl—

247 2568 283 2608 la
304 2569 364 2608 vis
392 2569 527 2618 inperii
541 2573 646 2607 tanta
663 2563 711 2619 ⁶st
724 2595 737 2614 ,
766 2578 845 2619 quae
860 2573 1034 2617 premente
1056 2565 1263 2622 metapotest
1283 2564 1340 2621 eſje
1353 2566 1533 2608 diuturna.
1593 2565 1646 2607 Et
1662 2565 1812 2606 tametsi
1830 2564 1970 2604 dixerit
1998 2564 2067 2604 Se-

248 2639 373 2668 neca:
403 2624 466 2684 (i)
495 2626 591 2667 Odia
611 2658 624 2675 ,
654 2626 715 2680 qui
731 2627 869 2666 nimium
885 2628 980 2666 timet
998 2658 1011 2676 ,
1041 2639 1186 2679 regnare
1209 2623 1308 2679 nescit
1323 2640 1336 2666 .·
1362 2628 1488 2680 Regna
1521 2624 1660 2681 custodit
1689 2632 1826 2674 metu53
1866 2626 2066 2674 tyrannica

248 2696 378 2727 tamen
395 2699 478 2727 vox
501 2685 556 2727 est
576 2716 590 2736 ,
621 2695 687 2726 aut
704 2695 810 2725 certe
838 2687 994 2740 intelligi
1014 2687 1132 2727 debet
1148 2686 1198 2727 de
1219 2688 1359 2728 timore
1383 2689 1448 2728 illo
1473 2700 1576 2729 vano
1593 2718 1607 2736 ‚
1637 2697 1716 2738 quo
1736 2685 1912 2726 laborare
1939 2685 2066 2725 solent

247 2747 441 2787 interdum
466 2747 660 2798 Principes
676 2777 689 2796 ‚
718 2746 834 2786 etiam
856 2759 945 2788 cum
966 2759 1073 2799 aequa
1091 2748 1317 2800 praecipiunt
1330 2777 1343 2797 ,
1371 2760 1421 2789 ne
1441 2749 1582 2789 scilicet
1598 2746 1701 2788 forte
1725 2744 1925 2786 offendant
1939 2746 2033 2785 alios
2050 2776 2064 2795 ,

250 2806 358 2859 quod
384 2808 519 2858 utique
543 2805 792 2859 pernitiosum
814 2805 896 2856 est,
922 2807 962 2847 δε
990 2807 1207 2848 auctoritati
1229 2819 1364 2848 eorum
1381 2839 1395 2859 ,
1424 2822 1469 2850 ac
1486 2810 1671 2863 potentiae
1683 2805 1786 2847 haud
1803 2815 1938 2858 parum
1950 2804 2063 2845 dero-

249 2875 322 2920 gat.
388 2866 566 2920 Regnare
587 2878 668 2908 non
685 2868 832 2919 poterit
851 2898 864 2916 ,
896 2869 961 2920 qui
985 2867 1161 2908 constans
1189 2868 1227 2909 &
1249 2867 1360 2909 fortis
1376 2882 1456 2911 non
1478 2869 1594 2911 fuerit
1619 2870 1659 2908 in
1673 2865 1963 2908 contemnendo
1992 2867 2063 2906 im-

248 2925 464 2979 proborum
486 2927 579 2967 odio
596 2958 611 2977 ,
640 2926 748 2980 quod
768 2927 1044 2969 conserventur
1060 2929 1166 2969 boni.
1225 2927 1318 2969 Nec
1337 2932 1528 2985 mitigatur
1544 2929 1724 2984 Caligulae
1734 2926 1917 2967 sententia
1930 2936 1980 2966 ex
1998 2937 2062 3024 eoi

1024 3003 1027 3005 ’
1952 2997 2031 3038 quo

346 3102 406 3151 (a)
429 3100 515 3136 Tac.
537 3097 598 3135 lib.
630 3112 686 3143 15.
703 3100 834 3138 Annal.
890 3102 951 3149 (b)
967 3102 1059 3138 Mar.
1078 3099 1278 3151 Hist.ffisp.
1298 3100 1361 3139 lib.
1390 3113 1447 3139 10.
1471 3114 1502 3138 c.
1535 3112 1593 3147 15.
1645 3101 1703 3146 (c)
1729 3102 1822 3138 Mar.
1838 3099 1937 3150 Hisp.
1953 3099 1976 3136 l.
1997 3112 2059 3138 20.

250 3168 282 3194 c.
303 3161 337 3198 8.
387 3158 406 3199 (
416 3153 437 3188 d
450 3156 469 3196 )
492 3150 715 3188 claritudine
731 3163 858 3204 paucos
870 3154 967 3190 inter
975 3150 1099 3199 senum
1109 3158 1258 3206 Regum,
1267 3151 1305 3203 sl
1314 3153 1462 3207 perinde
1482 3166 1634 3191 amorem
1646 3155 1744 3190 inter
1755 3152 2062 3206 populares,quam

250 3217 383 3246 metum
406 3204 503 3257 apud
514 3202 619 3257 hcstes
633 3202 841 3264 quaefivff’t.
892 3206 1010 3244 Tacit.
1031 3206 1093 3246 lib.
1123 3219 1138 3244 ι
1150 3218 1182 3243 ι.
1195 3208 1327 3251 Annal.
1387 3210 1446 3257 (e)
1461 3207 1551 3245 Enn.
1603 3206 1658 3255 (f)
1674 3206 1797 3247 Salust.
1814 3209 1878 3259 (g)
1900 3203 2016 3244 Tacit.
2033 3205 2059 3243 1.

258 3274 314 3299 11.
339 3257 469 3297 Annal.
523 3258 587 3306 (h)
601 3257 745 3296 Cicero.
769 3259 820 3305 (ι)
845 3260 998 3297 Seneca.
