2132 3730
442 293 1425 348 SYMBOLAPQLITICA.
1748 303 1832 343 317

0 401 3 434 ς
40 394 90 421 va
111 382 232 433 aliqua
248 383 305 419 vis
332 391 377 419 ea
396 379 592 427 sustineat,
621 381 672 418 ita
688 387 804 417 ruunt
820 377 1000 430 Imperia,
1029 377 1098 418 nifi
1112 376 1310 417 Succeffor
1324 377 1458 417 iisdem
1481 375 1566 417 suos
1579 376 1747 428 subjiciat
1761 375 1837 415 hu-

0 444 3 495 Ι
37 453 177 481 meros.
236 438 333 479 Haec
351 438 457 479 causa
472 437 525 478 est
540 437 568 490 ζ
582 439 636 477 uti
653 436 847 492 diximus)
859 439 1031 478 omnium
1048 436 1132 478 fere
1149 438 1352 476 ruinarum.
1415 436 1585 489 Quando
1603 433 1836 477 Monarchia

37 502 160 550 aliqua
197 497 363 539 instituta
396 498 433 537 &
460 496 587 538 erecta
613 497 726 537 semel
753 496 869 537 fuerit
891 529 904 546 ,
934 497 1055 537 otiosa
1085 507 1278 547 nunquam
1310 495 1385 536 ess'e
1423 496 1568 546 debet,
1599 497 1664 537 sed
1694 496 1834 536 coelum

36 561 166 611 potius
199 560 365 608 imitari,
394 557 499 608 cujus
527 557 642 604 orbe)
668 557 744 609 jam
769 557 858 597 inde
892 556 914 597 ἐι
939 558 1065 609 primo
1096 557 1298 596 creationis
1322 565 1524 596 momento
1549 557 1636 597 suos
1657 558 1834 598 continu·

37 627 102 657 ant
122 630 251 657 motus
273 649 284 667 ,
315 618 352 657 &
375 617 402 657 fi
426 619 575 658 moveri
602 616 816 657 desinerent
840 647 852 665 ‚
884 628 958 656 una
981 618 1096 656 etiam
1114 626 1239 655 rerum
1265 618 1438 655 omnium
1464 618 1662 668 generatio
1680 617 1720 657 ἀ
1744 628 1835 671 pro-

37 677 169 718 ductio
191 677 391 718 delineret.
453 676 631 717 Floreant
645 677 792 729 semper
815 676 851 716 &
880 678 1034 729 vigeant
1058 676 1297 726 Reipublicae
1315 677 1498 715 exercitia
1520 706 1533 725 ,
1561 687 1635 715 nec
1667 678 1835 718 finantur

37 739 230 789 corrumpi
250 739 354 785 oti03
384 738 440 776 uti
465 739 557 777 mari
580 736 769 777 accideret
784 766 797 784 ‚
827 735 895 776 nili
910 737 1090 787 agitatum
1109 744 1230 775 vento
1251 734 1398 775 fluxum
1422 737 1666 790 reciprocum
1680 747 1837 790 patere-

36 806 111 841 tur.
170 797 289 838 Cives
306 800 370 850 qui
389 808 562 837 curarum
578 797 685 837 obliti
704 796 846 836 deliciis
863 795 900 835 &
916 794 1180 848 voluptatibus
1198 795 1234 834 se
1259 804 1366 834 totos
1389 795 1538 836 dedunt
1549 826 1562 845 ,
1593 807 1666 836 nec
1679 810 1836 838 manum

37 859 146 908 operi
177 868 241 897 aut
278 858 399 898 labori
440 857 680 905 admovent,
709 857 844 897 suimet
878 854 1045 906 ipsorum
1078 853 1206 894 hostes
1230 854 1327 899 sunt.
1416 854 1631 896 Istiusmodi
1663 857 1835 898 otiofitas

37 927 172 957 contra
195 920 296 970 leges
314 916 571 969 &Imperium
597 916 832 957 machinatur
848 946 860 964 ‚
892 914 930 954 δι
952 916 1054 955 vitiis
1079 914 1155 968 (a)
1176 917 1284 955 alitur
1299 945 1312 963 ,
1342 915 1445 955 unde
1465 916 1592 957 omnia
1618 926 1695 957 tam
1720 918 1834 957 inter-

35 989 105 1026 na,
132 989 246 1029 quam
265 988 423 1018 externa
444 977 680 1029 Reipublicae
697 977 794 1017 mala
811 975 908 1015 nasci
932 974 1065 1018 solent.
1133 976 1266 1016 Solum
1294 975 1386 1015 illud
1419 978 1542 1017 otium
1566 976 1754 1017 laudabile
1780 975 1836 1017 est

38 1037 77 1076 &
96 1037 312 1089 proficuum
329 1068 340 1087 ,
370 1038 476 1089 quod
495 1051 570 1090 pax
586 1040 752 1092 largitur,
773 1036 957 1088 quodque
974 1038 1010 1075 in
1030 1037 1171 1075 artibus
1188 1067 1200 1085 ,
1230 1038 1268 1075 in
1281 1036 1411 1075 officiis
1434 1036 1597 1088 publicis
1616 1068 1627 1085 ‚
1659 1038 1697 1077 in
1722 1048 1837 1078 exer-

38 1098 134 1137 citiis
150 1100 370 1138 militaribus
387 1097 459 1138 sese
475 1107 641 1151 occupat
657 1128 670 1148 ‚
687 1096 791 1138 unde
805 1098 902 1138 inter
917 1097 1018 1150 ipsos
1032 1098 1138 1136 cives
1159 1097 1287 1138 secura
1305 1099 1413 1148 quies
1425 1098 1562 1147 orit-ur,
1577 1096 1615 1138 &
1635 1098 1834 1150 tranquilla

30 1156 209 1207 felicitate,
225 1170 400 1210 germana
412 1159 540 1199 otiosae
555 1158 657 1199 istius
672 1160 938 1210 occupationis
953 1157 1041 1198 filia.

462 1331 1111 1399 SYMBOLUM
1163 1332 1416 1399 LXXII.

207 2861 353 2913 semper
378 2861 545 2900 intentus
574 2857 677 2900 ess'et.
764 2860 879 2900 Utilis
916 2858 970 2899 est
1002 2860 1110 2898 labor
1131 2887 1142 2907 ‚
1190 2857 1256 2898 sed
1283 2857 1494 2897 continuari
1529 2856 1632 2897 haud
1677 2856 1806 2909 potest
1828 2886 1840 2905 ,

206 2918 274 2960 nisi
299 2921 406 2972 quies
423 2919 546 2971 aliqua
582 2919 803 2961 intercedat.
864 2919 999 2971 Jugum
1028 2932 1105 2958 non
1134 2918 1281 2970 semper
1317 2918 1436 2957 boum
1463 2917 1649 2957 incumbit
1685 2918 1845 2956 cervici-

47 2977 137 3027 bus.
196 2980 238 3020 In
263 2981 404 3020 alterna
423 2978 672 3019 vicifficudine
687 2991 813 3019 rerum
842 2980 954 3032 vigor
981 2977 1159 3018 consistit.
1218 2978 1293 3031 (b)
1332 2976 1501 3031 Ntstram
1516 2990 1637 3017 onznem
1661 2979 1773 3016 vitam
1807 2977 1845 3015 in

50 3042 135 3081 remi
159 3049 371 3094 zonematque
381 3037 536 3094 studium
550 3035 608 3091 effe
625 3035 786 3090 divzfhm‚
805 3037 910 3079 Plato
927 3037 1048 3079 asserit
1065 3037 1153 3092 ‚(c)
1168 3036 1253 3077 Cala
1278 3033 1381 3090 cosa(
1394 3038 1450 3077 uti
1463 3038 1558 3078 dixit
1574 3036 1660 3075 Rex
1669 3036 1846 3088 Alphon-

51 3099 112 3140 sus
130 3100 288 3153 Sapiens
303 3099 329 3155 J
360 3113 425 3153 que
441 3099 568 3152 alguna
581 3098 717 3152 vegada
733 3111 798 3139 non
808 3096 949 3151 fuelga,
973 3097 1150 3150 nonpuedo
1182 3098 1294 3138 mucha
1318 3096 1442 3138 durar.
1519 3097 1573 3137 Et
1587 3095 1690 3135 latine
1707 3094 1842 3135 totidem

974 3157 1075 3198 Llll
1789 3153 1844 3195 di-

46 2791 626 2935 TEMPERATiONEM
647 2800 746 2841 suam
776 2797 919 2840 ferrum
950 2794 1161 2851 perderet,
1191 2797 1228 2838 δε
1245 2808 1387 2837 nervus
1415 2797 1516 2837 vires
1542 2795 1651 2847 suas,
1681 2795 1709 2837 fi
1733 2797 1842 2837 arcus

50 3341 72 3382 (
95 3335 112 3381 >
137 3287 215 3373 L(a)
235 3284 396 3323 Mulmm
410 3287 503 3324 enim
530 3284 712 3324 malitiam
725 3283 840 3323 docuit
853 3283 1018 3324 otiositas,
1054 3282 1148 3320 Eccl.
1172 3294 1229 3329 33.
1250 3293 1311 3332 29.
1367 3283 1428 3328 (b)
1451 3278 1541 3317 Plat.
1574 3277 1618 3314 de
1652 3276 1713 3313 lib.
1740 3277 1844 3313 educ.

73 3348 93 3372 c
169 3358 178 3373 -.
207 3349 268 3383 29·-
287 3347 330 3374 tt.
353 3349 385 3383 5.
405 3352 439 3387 p.
467 3347 501 3376 ἀι
