2132 3730
486 253 1460 298 SYMBOLAPOLITICA.
1787 273 1870 311 2¹9

72 344 228 383 nolebat
247 368 260 387 ‚
289 336 356 377 nisi
370 339 410 377 in
420 338 550 377 medio
574 341 702 390 aliquo
722 336 845 377 fluvio
864 367 875 385 ‚
908 337 945 377 &
962 339 1069 389 supra
1089 338 1333 380 intersciffum
1348 350 1510 392 pontem
1528 351 1541 388 ς
1572 340 1738 391 εειλθηίιῑ]
1770 342 1870 382 Prin-

71 404 198 453 cipum
221 398 400 437 Italorum
424 397 597 438 conditio
625 396 680 437 est
699 427 711 445 ,
741 407 784 436 ut
806 397 910 436 diffisi
933 399 1047 437 semel
1067 427 1079 446 ‚
1110 411 1304 449 nunquam
1324 399 1456 451 postea
1478 401 1674 441 confidant
1697 402 1871 453 amplius.

69 462 199 512 Quare
215 458 322 496 multi
338 459 377 496 in
399 456 502 497 Italia
528 458 781 497 vehementer
806 457 977 497 admirati
995 458 1078 497 sunt
1093 488 1106 506 ‚
1137 458 1244 509 quod
1274 459 1462 511 Magnum
1483 460 1637 501 Ducem
1667 461 1704 501 &
1721 462 1872 514 Regem

66 518 98 559 F
100 515 344 558 erdinandum
367 516 611 556 Catholicum
628 546 642 566 ‚
668 517 777 556 -hunc
795 519 886 557 item
905 517 942 557 &
963 518 1110 570 Regem
1130 517 1161 556 F
1161 520 1296 557 ranciae
1311 519 1390 570 ejus
1411 518 1560 560 hostem
1577 520 1651 560 una
1669 519 1746 563 esse
1763 521 1872 561 vide-

66 586 161 617 rent.
220 575 374 616 Dantur
387 589 546 628 quoque
561 579 735 617 nonnulli
753 578 871 626 casus,
889 579 927 617 in
949 579 1086 629 quibus
1108 576 1223 630 longe
1247 577 1413 619 securior
1431 579 1487 619 est
1502 580 1736 622 confidentia
1755 581 1871 633 quam

65 635 268 676 diffidentia
282 666 294 685 ‚
313 635 391 689 (a)
406 635 652 689 adeoqueilla
675 638 744 686 uti,
757 640 981 688 animosque
992 635 1161 689 obligare
1170 639 1288 690 magis
1307 638 1479 689 expedit,
1535 638 1755 691 Alphonsus
1777 641 1871 682 Sex-

61 705 123 735 tus
143 707 262 747 regno
283 694 466 748 Legionis
488 706 630 735 exutus
646 724 659 744 ,
688 698 726 734 in
751 699 873 735 aulam
902 697 1019 747 Regis
1036 695 1166 736 Mauri
1191 696 1371 737 Toletani
1400 698 1437 738 se
1454 710 1683 750 receperat;
1713 711 1872 742 mortuo

63 764 190 796 tamen
206 755 315 806 Rege
331 752 486 795 Sanffio
507 754 657 795 secreto
676 754 698 794 ὲ
718 755 887 796 Statibus
913 755 962 794 ad
979 755 1175 796 Coronam
1199 757 1382 797 invitatus
1398 757 1472 797 fuit
1491 788 1504 808 ,
1535 758 1643 810 quod
1671 760 1871 813 suspicare-

1 832 2 837 *
54 808 140 864 tur,
164 827 214 854 ne
229 814 358 855 Mauri
381 813 511 864 forte,
544 827 584 854 re
604 810 795 856 intellesta
811 845 824 864 ,
855 816 896 855 vi
916 826 1004 855 eum
1028 814 1260 857 detinerent.
1322 816 1472 857 Verum
1499 830 1573 870 qua
1599 828 1679 858 erat
1702 822 1870 871 pruden-

1 881 3 922 ζ
59 876 111 915 tia
128 875 346 926 Alphonius
363 905 376 925 ‚
408 874 445 914 &
477 875 628 927 hospitii
649 875 880 915 beneficium
901 904 913 923 ,
945 876 1227 928 amicitiamque
1255 885 1365 930 grato
1382 878 1513 916 animo
1550 880 1728 918 recolens
1745 909 1756 927 ,
1788 893 1873 921 rem

59 944 178 975 totam
204 934 303 987 Regi
327 933 470 975 Mauro
488 935 675 987 exposuit.
737 935 835 988 Quae
853 933 1089 975 confidentia
1113 936 1263 990 Regem
1281 935 1393 976 istum
1422 937 1625 977 barbarum
1652 938 1704 977 fic
1728 939 1871 989 affecit,

2 1022 3 1041 2
60 1004 103 1034 ut
127 995 216 1034 licet
231 1006 272 1034 re
289 994 367 1047 jam
396 1005 484 1035 ante
506 992 704 1048 congnita,
734 994 884 1035 insidias
917 996 969 1035 illi
995 995 1203 1047 posuisset,
1246 1005 1289 1036 ut
1317 1007 1521 1048 caperetur
1540 1027 1553 1046 ‚
1582 999 1745 1039 liberum
1780 1011 1872 1041 eum

2 1083 3 1086 ,
59 1055 125 1095 abs
144 1054 180 1094 se
204 1054 383 1096 dimiserit
403 1068 483 1096 non
507 1055 649 1106 solnm,
669 1055 733 1096 sed
750 1054 788 1095 &
810 1053 1036 1096 necessarios
1054 1056 1102 1095 ad
1122 1059 1192 1095 iter
1212 1056 1385 1108 sumptus
1407 1055 1590 1097 munifice
1606 1057 1869 1110 suppeditant.

3 1166 4 1170 Ἰ
58 1114 181 1155 Tanta
201 1115 437 1167 gratitudinis
456 1117 515 1156 vis
543 1115 597 1156 est
617 1146 628 1165 ‚
660 1128 744 1168 quae
760 1128 829 1155 cor
851 1114 1017 1156 maxime
1032 1117 1146 1156 etiam
1162 1116 1279 1156 ferox
1299 1116 1337 1155 &
1354 1118 1603 1158 inhumanum
1614 1121 1728 1158 armis
1747 1121 1870 1161 exuit.

212 1175 247 1226 §.
279 1175 515 1216 Diffidentiae
532 1177 628 1216 inter
652 1175 749 1216 duos
767 1177 914 1227 aliquos
936 1175 1130 1229 Principes
1154 1177 1484 1227 excusationibus,
1507 1178 1544 1217 &
1563 1177 1869 1220 satisfactionbus

61 1236 181 1274 curari
203 1247 281 1274 non
298 1236 472 1285 debent,
502 1236 566 1276 sed
591 1237 788 1276 contrariis
809 1235 969 1276 mitibus.
1032 1235 1071 1276 Si
1088 1247 1241 1290 tempus
1265 1250 1328 1278 eas
1349 1249 1430 1277 non
1462 1239 1566 1278 sanet
1584 1268 1597 1287 ,
1629 1239 1754 1279 sanare
1775 1252 1872 1280 nun-

62 1305 176 1345 quam
196 1297 341 1345 poterit
358 1296 538 1348 dilgentia
559 1306 573 1347 3
605 1298 763 1336 vulnera
780 1297 893 1345 sunt,
925 1308 1009 1347 quae
1029 1297 1238 1338 scrutatore
1260 1329 1274 1347 ,
1304 1298 1341 1338 δι
1358 1310 1473 1338 manu
1497 1299 1614 1350 magis
1633 1300 1748 1339 etiam
1765 1301 1872 1339 exul-

0 1374 1 1399 3
55 1354 176 1454 Reerari
200 1353 321 1395 solent
343 1382 357 1404 ,
387 1354 426 1395 &
442 1366 563 1409 genus
584 1355 782 1408 quoddam
811 1355 1018 1398 manifesta
1040 1359 1290 1412 aemulationis
1315 1388 1328 1408 ,
1358 1371 1444 1411 quae
1472 1358 1521 1399 ad
1548 1357 1751 1412 perfidiam
1766 1360 1870 1401 viam

0 1402 6 1490 l·
115 1414 200 1454 mit.

525 1581 1177 1653 SYMBOLUM
1228 1582 1380 1652 LII.

133 3056 301 3112 'Coi-pius
330 3060 446 3101 etiam
472 3059 673 3101 translatus
696 3060 897 3115 invcoelum
921 3060 959 3103 δε
982 3062 1081 3102 inter·
1102 3055 1223 3102 sidera
1245 3056 1462 3103 collocatus
1486 3090 1500 3114 ‚
1531 3061 1632 3103 suam
1656 3062 1865 3114 malignita-

164 3128 242 3160 tem
257 3121 397 3161 retinet
421 3133 434 3167 3
465 3122 556 3172 quin
580 3119 698 3161 immo
722 3122 830 3163 tanto
856 3135 899 3163 ea
920 3124 973 3162 ibi
998 3122 1119 3174 major
1142 3121 1197 3162 est
1220 3151 1233 3172 ‚
1264 3120 1376 3175 quam
1402 3124 1465 3163 hic
1479 3122 1674 3163 existentis
1693 3123 1730 3161 in
1750 3131 1864 3172 terra,

19 3193 22 3238 ξ
165 3181 309 3231 quanto
320 3191 510 3222 venenata
526 3180 607 3233 ejus
623 3180 818 3233 agendivis
836 3184 874 3224 in
888 3184 1017 3224 omnia
1032 3183 1114 3223 haee
1130 3181 1310 3223 inferiora
1323 3184 1530 3237 porrigitur
1550 3183 1673 3227 latius.
1733 3180 1865 3238 Probe

992 3243 1058 3283 lii
1090 3255 1112 3282 2
1798 3253 1866 3282 ex-

18 3309 23 3345 '³
65 3307 1850 3384 mmgfflw*
