2132 3730
777 260 1124 302 DIDACI
1176 253 1712 304 SAAVEDRAE

353 325 1830 341 „d———m———ssffl

283 354 414 400 millis,
449 360 510 389 aut
530 346 750 396 eadempro
768 345 876 384 libitu
896 345 1058 383 violare:
1089 343 1141 383 fic
1158 345 1258 384 enim
1283 344 1379 384 fides
1410 346 1624 385 turbaretur
1651 347 1826 399 publica,
1855 346 1892 386 &
1928 321 2087 398 grandis·
2126 358 2128 368 ¹

282 414 410 453 simam
431 406 693 449 existimationi
711 404 781 443 suae
805 406 990 443 maculam
1017 403 1243 456 aspergeret
1301 404 1441 444 Cautio
1467 404 1532 445 ista
1551 404 1643 445 nihil
1667 406 1767 446 aliud
1786 406 1860 447 effe
1880 405 2020 454 debet,
2044 417 2089 446 ac
2124 415 2129 447 ῑ,

280 471 446 525 prudens
467 465 638 518 quaedam
656 463 973 516 circumspectio,
1001 463 1037 503 ἃ
1057 463 1257 516 prudentia
1281 466 1452 516 politica
1511 465 1774 506 Diffidentiam
1804 478 1852 507 ex
1869 466 2082 517 suspicione
2124 477 2126 491 >

281 542 402 570 ortun
426 526 712 578 improbamus
703 537 739 564 in
765 525 958 576 Principe,
989 523 1015 563 Γ]
1033 524 1128 563 levis
1145 523 1217 572 sit,
1239 523 1275 563 δε
1295 525 1454 572 vitiosa,
1485 537 1568 576 quae
1594 525 1696 566 illico
1726 527 1812 566 suos
1840 526 1972 578 prodit
1995 524 2088 565 effe·
2123 551 2127 566 f

281 591 386 636 ctus,
420 587 456 626 &
474 586 520 624 ad
540 586 810 625 executionem
839 597 936 637 prog3
926 584 1101 633 reditur,
1134 596 1214 623 non
1242 582 1554 636 circumspectam
1587 587 1708 634 illam,
1739 585 1777 625 &
1804 587 2052 626 universalem
2072 612 2091 635 ‚
2122 614 2125 636 J

279 662 361 700 qua:
384 658 518 687 omnes
541 646 734 698 aequaliter
766 645 935 697 lespicit,
965 644 1057 684 nulli
1089 644 1239 683 interim
1270 644 1308 683 in
1331 642 1547 696 particulari
1573 645 1721 685 sinistri
1732 648 1933 697 quicquam
1961 647 2086 696 impu-

275 708 414 755 tando,
444 707 570 761 donec
589 703 876 746 circumstantiae
895 703 1020 756 probe
1048 705 1288 753 examinatae,
1319 703 1340 743 a
1367 704 1515 743 ratione
1544 705 1659 744 aliud¹
1680 705 1865 745 suaserint.
1924 705 1977 745 Et
2004 704 2088 745 fieri

277 766 427 821 potest,
458 777 500 806 ut
518 767 608 806 licet
627 767 738 805 alicui
760 766 843 804 satis
858 777 937 804 non
961 763 1054 805 fidas
1072 794 1083 813 ,
1115 765 1256 803 bonam
1277 773 1404 803 tamen
1434 764 1484 803 de
1504 775 1555 804 eo
1585 765 1725 804 habeas
1755 766 1996 817 opinionem:
2020 763 2087 804 ista
2120 798 2122 802 .

275 830 374 868 enim
398 826 603 866 diffidentia
620 838 699 866 non
724 826 958 877 particularis
989 823 1043 864 est
1070 823 1120 864 de
1148 822 1362 863 actionibus
1387 824 1506 872 illius,
1537 825 1599 864 sed
1634 826 1763 864 cautio
1797 824 1968 876 quaedam
1997 835 2089 876 pru·
2119 843 2122 853 1

274 888 413 927 dentiae
438 887 634 938 generalis,
696 885 796 924 Intra
823 884 900 936 ipsa
925 895 1129 935 regnorum
1154 883 1297 923 viscera
1325 895 1430 923 arces
1464 885 1679 937 eriguntur,
1706 897 1751 923 ac
1773 885 2085 937 propugnacula,
2118 919 2130 938 Ι,

273 948 310 987 &
329 947 506 1000 praesidiis
522 944 738 992 firmantur,
771 954 885 995 atque
908 943 1108 992 custodiis,
1141 956 1221 984 non
1239 944 1344 983 secus
1362 956 1407 982 ac
1423 942 1452 982 fi
1475 944 1513 984 in
1534 943 1697 984 hostium
1716 943 1856 984 finibus
1875 944 1942 983 sita
1956 942 2087 984 effent.

270 1006 363 1048 Nec
385 1007 524 1046 inutilis
542 1004 596 1044 est
616 1006 675 1044 illa
694 1004 921 1056 prudentia,
951 1015 1017 1044 aut
1041 1004 1291 1044 Subditorum
1321 1003 1494 1043 fidelitati
1524 1005 1726 1056 quicquam
1749 1003 1920 1057 derogat.
1981 1003 2088 1043 Con·
2116 1004 2132 1051 &l

270 1067 362 1107 fidat
396 1066 574 1116 Princeps
604 1064 903 1116 consanguineis
929 1065 1020 1113 suis,
1051 1065 1217 1112 Amicis,
1247 1063 1404 1103 subditis
1435 1062 1473 1103 &
1508 1062 1713 1110 Ministris;
1743 1062 1878 1103 verbm
1900 1075 1979 1104 non
2007 1072 2086 1103 tam
2115 1056 2121 1105 l

268 1138 408 1166 vecors
437 1123 497 1164 illa
519 1125 564 1164 fit
583 1123 828 1164 Confidentia
842 1154 855 1171 ‚
886 1135 951 1163 aut
969 1126 1084 1163 altum
1106 1124 1270 1163 dormiat
1291 1123 1394 1175 quasi
1411 1122 1539 1162 secura
1557 1124 1604 1163 ab
1624 1123 1802 1163 omnibus
1819 1123 1985 1171 casibus,
2003 1123 2087 1173 qui·
2115 1118 2120 1173 j

267 1186 339 1226 bus
360 1194 424 1225 aut
450 1183 673 1224 dominandi
701 1183 889 1236 cupiditas
909 1213 921 1231 ‚
952 1194 1016 1223 aut
1037 1184 1090 1222 rei
1117 1184 1276 1235 privatae
1291 1182 1476 1232 studium,
1508 1194 1572 1223 aut
1593 1183 1724 1223 odium
1749 1182 1915 1234 denique
1934 1192 2087 1233 pertur-

265 1247 358 1285 bant
392 1244 636 1293 fidelitatem,
667 1241 868 1296 perruptis
891 1242 1116 1284 fortioribus
1159 1241 1257 1294 Juris
1294 1241 1456 1282 Naturae
1486 1243 1522 1283 &
1559 1243 1744 1283 Gentium
1779 1243 1980 1295 repagulis.
2040 1240 2081 1281 Si

264 1304 447 1359 Princeps
467 1315 545 1345 tam
565 1306 696 1344 socors
716 1304 784 1353 fit,
814 1312 855 1343 ut
874 1303 1106 1356 diligentiam
1124 1302 1228 1341 istam
1252 1315 1351 1341 onus
1373 1313 1548 1354 reputet‚·
1577 1312 1620 1342 ut
1649 1304 1804 1343 minoris
1832 1301 1988 1341 aestimet
2020 1299 2086 1340 da·
2112 1305 2119 1349 ζ,

263 1378 422 1415 ninum,
451 1364 566 1417 quarn
584 1367 718 1405 vivere
745 1365 959 1414 inquietum
977 1364 1029 1402 ob
1059 1372 1120 1401 tot
1138 1374 1182 1401 ac
1204 1371 1326 1401 tantas
1344 1364 1561 1401 cautiones:
1593 1371 1634 1401 ut
1651 1363 1744 1401 sinat
1763 1364 1817 1400 ire
1837 1362 1984 1410 omnia,
2006 1372 2082 1400 nec
2112 1354 2113 1359 ¹

265 1426 437 1465 attendat
464 1424 511 1464 ad
542 1423 808 1471 incommoda,
839 1435 924 1474 quae
957 1423 1114 1462 evenire
1147 1420 1321 1473 possunt,
1354 1421 1465 1460 facile
1494 1420 1584 1469 fiet,
1615 1431 1657 1460 ut
1686 1420 1849 1461 Ministri
1880 1422 1967 1461 mali
1992 1432 2084 1460 eva·
2112 1434 2114 1438 ·

264 1485 377 1534 dant,
408 1485 655 1525 &interdum
680 1484 792 1523 etiam
813 1482 941 1522 infidi·-
974 1495 1060 1521 cum
1083 1482 1184 1521 enim
1206 1481 1251 1519 ad
1269 1480 1558 1533 gubernandum
1588 1480 1764 1520 videatur
1789 1481 1986 1529 inhabilis,
2014 1479 2084 1518 de·
2110 1522 2112 1526 y

261 1545 419 1597 spicatui
448 1545 610 1584 habetur
630 1545 676 1584 ab
696 1544 796 1590 aliis,
828 1541 865 1581 &
885 1542 1017 1593 singuli
1036 1539 1270 1580 commifl‘am
1288 1540 1354 1578 sib1
1383 1541 1668 1592 gubernationis
1693 1550 1842 1590 partem
1879 1537 2082 1588 tyrannice
2108 1589 2110 1595 Ι

259 1613 483 1656 procurant.
544 1603 693 1642 Verum
720 1602 747 1641 Γ]
766 1602 946 1652 Princeps
969 1601 1012 1640 fit
1034 1602 1214 1653 vigilam,
1246 1598 1416 1649 quilicet
1436 1598 1626 1647 confidat,
1657 1610 1735 1637 non
1764 1610 1920 1637 omnem
1950 1608 2081 1639 tamen

260 1665 403 1703 omittit
423 1664 666 1708 cautionem
697 1662 762 1712 qui
779 1660 830 1698 fic
848 1660 995 1711 semper
1011 1660 1212 1698 instructus
1235 1657 1313 1706 est,
1345 1668 1387 1697 tsst
1402 1670 1595 1709 nunquam
1613 1670 1701 1698 eum
1735 1657 1757 1697 ὲ
1774 1658 1967 1708 consiliis,
1997 1659 2080 1697 aliis

259 1735 336 1774 que
354 1722 489 1762 mediis
510 1723 736 1773 imparatum
766 1718 935 1758 offendat
963 1718 1146 1771 perfidia,
1176 1719 1240 1769 qui
1272 1717 1444 1757 absolute
1476 1730 1556 1758 non
1582 1716 1752 1770 judicat,
1785 1718 1848 1757 sed
1881 1719 2081 1770 praevertit

257 1782 401 1830 solum3
433 1783 496 1833 qui
517 1794 595 1822 non
617 1794 679 1832 arg„
669 1782 737 1820 uit
757 1779 820 1819 sed
843 1779 1045 1831 praeservat
1067 1776 1314 1825 fidelitatem,
1347 1787 1389 1817 ut
1407 1789 1456 1817 ne
1481 1780 1518 1818 in
1536 1780 1749 1831 periculum
1778 1777 2012 1826 adducatur,
2044 1778 2078 1817 is

257 1842 455 1882 Coronam
477 1842 578 1880 suam
606 1840 736 1881 secure
760 1839 935 1879 stabiliet.
996 1837 1067 1894 (a)
1099 1839 1219 1879 hulla
1251 1837 1324 1876 fuit
1350 1837 1525 1888 occasio,
1556 1851 1625 1878 cur
1652 1840 1817 1878 animum
1842 1838 1959 1891 Regis
1987 1837 2080 1878 Fer-

256 1902 410 1942 dinandi
428 1902 633 1942 Catholici
661 1898 735 1939 ulla
764 1899 904 1937 subiret
920 1898 1078 1950 suspicio
1099 1899 1149 1937 de
1175 1896 1251 1936 fide
1270 1899 1394 1947 magni
1421 1897 1565 1947 Ducis,
1598 1898 1634 1938 &
1663 1908 1789 1939 tamen
1817 1911 1866 1938 eo
1896 1910 1975 1938 non
2006 1898 2079 1949 ob..

257 1961 379 2003 stante
404 1970 532 2000 certos
547 1960 713 1999 habebat
737 1959 935 2006 homines,
967 1959 1031 2008 qui
1052 1958 1199 1996 secreto
1224 1956 1268 1993 ad
1290 1968 1426 1994 omnes
1445 1968 1525 2007 ejus
1549 1957 1718 1997 actiones
1744 1957 1904 1998 sollicite
1929 1957 2075 2010 advigi-

255 2022 398 2069 larent,
430 2020 466 2060 &
484 2019 750 2067 attenderent,
780 2027 821 2056 ut
839 2019 990 2069 cognita
1020 2018 1080 2056 illa
1097 2016 1287 2067 diligentia
1306 2014 1414 2054 tanto
1431 2018 1641 2056 cautiorem
1658 2017 1696 2056 se
1713 2019 1749 2056 in
1766 2018 1944 2056 omnibus
1964 2029 2072 2069 gere-

256 2092 327 2122 ret.
387 2080 438 2121 Et
459 2078 543 2119 sane
574 2078 782 2118 diffidentia
800 2076 895 2116 vere
920 2089 999 2116 non
1024 2076 1121 2124 fuit,
1153 2077 1216 2115 sed
1249 2074 1463 2126 prudentiae
1498 2077 1691 2124 officium,
1723 2089 1807 2128 quae
1823 2076 1988 2128 provida
2016 2075 2073 2117 est
2131 2116 2132 2125 ,

255 2143 293 2182 in
314 2141 493 2180 omnibus
510 2139 675 2186 casibus,
707 2138 744 2176 &
765 2138 1070 2176 aemulationibus
1097 2136 1314 2174 dominatus
1333 2164 1344 2182 ,
1378 2136 1522 2185 quippe
1546 2147 1630 2185 quae
1649 2147 1730 2175 non
1755 2135 1902 2187 semper
1935 2136 1983 2175 ad
2013 2145 2074 2176 ra-

255 2202 371 2242 tionis
391 2201 571 2239 trutinam
591 2199 854 2249 ponderantur
872 2227 884 2245 ,
917 2196 953 2235 &
975 2196 1132 2247 expedit
1152 2195 1342 2233 interdum
1362 2206 1424 2232 eas
1446 2196 1559 2233 etiam
1576 2195 1727 2234 levibus
1754 2194 1804 2234 de
1826 2194 1944 2234 causis
1961 2193 2069 2235 susci·
2098 2239 2100 2245 ‚

252 2273 365 2313 pere.
399 2261 539 2299 malitia
553 2259 655 2299 enim
677 2257 759 2297 fere
778 2268 886 2296 coeco
909 2257 1076 2308 quodam
1093 2254 1214 2294 modo
1236 2257 1311 2306 agit
1335 2254 1481 2305 absque
1500 2254 1702 2307 prudentia
1719 2285 1732 2305 ,
1761 2253 1881 2295 immo
1914 2253 1951 2295 &
1976 2256 2068 2295 ima-

278 2322 458 2361 imatione.

251 2334 275 2374 g
427 2377 656 2418 Cavendum
674 2386 829 2424 tamen
858 2387 909 2415 ne
927 2384 1051 2414 metus
1069 2373 1131 2412 ille
1165 2373 1261 2412 levis
1283 2372 1347 2420 sit,
1378 2373 1404 2412 Γ
1408 2385 1468 2413 ne
1483 2372 1677 2414 sufficienti
1710 2373 1987 2422 fundamento,
2018 2384 2064 2414 ul:

251 2438 377 2479 eidem
398 2438 493 2491 Regi
517 2437 589 2491 (b)
623 2437 759 2477 Ferdm
765 2437 863 2475 mdo
886 2447 971 2475 cum
998 2433 1137 2473 eodem
1163 2432 1312 2485 Magno
1336 2433 1451 2473 Duce
1471 2433 1601 2485 postea
1622 2435 1780 2474 accidit:
1810 2434 1879 2474 etsi
1902 2436 2002 2474 enim
2033 2435 2067 2474 is
2131 2467 2132 2475 ,

249 2498 338 2552 post
357 2499 501 2538 cladem
535 2498 637 2549 apud
662 2498 885 2536 Ravennam
910 2494 1022 2534 valde
1038 2495 1134 2533 illius
1168 2503 1287 2545 opera
1314 2493 1501 2546 indigeret
1530 2506 1602 2546 pro
1627 2495 1739 2533 rebus
1768 2494 1907 2543 Italiae,
1937 2506 1981 2534 ea
2010 2503 2067 2533 ta·

249 2571 338 2600 men
359 2561 413 2597 uti
439 2560 563 2600 noluit
578 2587 591 2606 ,
622 2558 705 2597 viso
722 2567 830 2596 tanto
848 2556 1027 2608 applausu
1046 2566 1123 2605 quo
1146 2564 1280 2592 omnes
1299 2554 1402 2592 exire
1426 2566 1472 2592 ex
1489 2553 1667 2606 Hispania
1682 2584 1694 2603 ,
1725 2553 1761 2594 &
1785 2554 1969 2606 stipendia
1993 2553 2063 2595 sub

249 2631 299 2659 eo
331 2621 467 2658 mereri
495 2617 730 2671 gestiebant,
759 2618 850 2668 quin
887 2627 1044 2655 omnem
1074 2623 1258 2653 eventum
1287 2611 1410 2653 Ducis
1440 2613 1635 2654 Valentini
1668 2615 1957 2667 praeoccupavit
1987 2617 2065 2654 ani·
2092 2626 2094 2632 ·

246 2690 337 2726 mo,
368 2680 481 2718 certis
516 2677 649 2718 mediis
674 2675 947 2729 procurando,
977 2686 1019 2715 ut
1045 2673 1093 2713 de
1123 2672 1203 2725 ipso
1232 2672 1382 2713 securus
1407 2672 1509 2714 effet.
1573 2674 1627 2714 Ea
1652 2676 1819 2723 ratione,
1850 2684 1893 2713 ut
1915 2674 1963 2714 de
1981 2686 2069 2713 unat
2122 2686 2126 2694 ·

248 2739 372 2790 aliqua
390 2737 596 2784 fidelitate,
626 2750 738 2789 quain
762 2746 944 2787 expertus
968 2735 1114 2782 fuerat,
1143 2733 1374 2782 dubitando,
1406 2735 1512 2774 alteri
1535 2737 1649 2787 magis
1683 2733 1863 2787 suspeetae
1892 2734 1966 2773 sese
1992 2744 2062 2772 ex·
2088 2740 2092 2746 ’

247 2808 425 2850 poneret.
487 2797 543 2836 lta
569 2798 680 2838 animi
709 2798 796 2849 plus
820 2808 930 2847 aequo
955 2795 1186 2847 suspicaces,
1215 2804 1257 2832 ut
1285 2806 1401 2833 unum
1433 2794 1587 2846 aliquod
1617 2794 1800 2848 effugiant
1823 2794 2055 2846 periculum,

244 2859 284 2898 in
309 2858 481 2911 graviora
504 2857 695 2906 incidunt,
728 2857 796 2896 etfi
815 2856 1005 2896 interdum
1025 2857 1061 2894 in
1082 2853 1315 2905 Principibus
1332 2884 1344 2904 ,
1373 2856 1477 2894 nolle
1498 2865 1690 2895 tantorum
1717 2857 1884 2894 virorum
1910 2853 1962 2891 uti
1982 2852 2055 2890 ob-
2086 2891 2087 2901 ¹
2126 2869 2132 2888 s

245 2917 399 2969 sequi0‚
431 2916 573 2956 invidia
597 2919 727 2969 potius
748 2916 812 2966 sit,
842 2927 907 2956 aut
924 2915 1173 2970 ingratitud0‚
1204 2912 1315 2964 quam
1346 2913 1516 2966 suspicio.
1576 2914 1694 2954 Forte
1725 2916 1836 2955 etiam
1869 2924 1943 2963 qua
1972 2922 2055 2952 erat
2116 2928 2132 2970 ἐς

247 2976 379 3018 astutia
397 2975 458 3016 ille
478 2976 587 3025 Rex,
617 2978 772 3017 minime
788 2976 809 3017 e
830 2989 870 3017 re
884 2977 947 3016 sua
971 2976 1057 3016 fore
1077 2976 1276 3014 arbitratus
1309 2973 1447 3025 fuerit,
1476 2984 1518 3014 ut
1537 2973 1617 3025 ejus
1633 2974 1855 3027 deposceret
1880 2984 2053 3023 operam,
2085 2972 2087 2989 ³
2120 2988 2123 2997 ¹

246 3049 361 3089 quem
382 3049 461 3076 non
477 3035 625 3088 optime
647 3047 873 3077 contentum
902 3035 977 3077 effe
999 3036 1123 3088 probe
1143 3043 1318 3074 noverat.
1381 3034 1563 3088 principi,
1595 3037 1658 3087 qui
1678 3034 1790 3073 semel
1809 3031 1944 3071 diffisus
1963 3030 2054 3081 fuit,
2083 3047 2085 3088 j

245 3097 348 3138 haud
377 3098 538 3137 multum
562 3095 678 3136 debet
711 3096 883 3137 fidelitas.
944 3097 1038 3149 Quo
1056 3096 1138 3147 quis
1174 3095 1291 3146 magis
1326 3095 1510 3146 ingenuus
1538 3094 1616 3141 est,
1647 3093 1684 3132 &
1712 3091 1945 3145 generosiori
1974 3094 2054 3131 ani-
2082 3103 2085 3128 s
2120 3111 2129 3144 ,-

249 3168 338 3207 mo,
367 3157 445 3199 hOC
474 3156 585 3197 sentit
598 3157 774 3210 gravius,
805 3157 830 3198 li
851 3156 947 3198 fides
963 3157 1026 3197 sua
1051 3164 1216 3195 vocetur
1229 3166 1269 3195 m
1284 3154 1464 3206 dubium,
1494 3155 1533 3195 &
1549 3153 1716 3194 offensus
1732 3151 1840 3193 tanto
1855 3151 1973 3191 audet
1987 3150 2048 3191 fa·
2082 3158 2084 3185 ἰ

1997 3224 2052 3251 cr·

352 3343 410 3389 (a)
434 3344 524 3384 Mar.
540 3345 632 3387 Hrst.
644 3344 743 3396 Hisp.
794 3345 857 3391 (b)
881 3345 981 3385 idem
995 3343 1086 3384 Hist.
1101 3343 1204 3395 Hisp,
