2132 3730
490 212 1476 270 SYMBOLAPOLJTICA,
1799 233 1884 282 {280

85 361 125 400 ὅτ,
141 356 424 398 administranda
446 355 614 411 justitia,
645 371 809 411 quorum
830 361 1120 404 constitutiones
1132 365 1221 403 licet
1238 365 1366 407 futiles
1389 367 1591 408 videantur
1613 368 1650 409 &
1664 381 1783 418 vanae,
1798 383 1885 423 pru-

84 417 298 459 dentiffimae
320 428 448 459 tamen
462 418 546 458 sunt
570 418 620 458 eo
638 421 796 459 nomine
817 451 830 470 ,
860 422 967 473 quod
986 422 1033 462 ad
1055 423 1279 465 modestiam
1299 427 1491 476 erudiant,
1522 427 1739 482 faciantque
1750 440 1792 470 ut
1810 433 1885 484 pri-

82 478 128 518 us
144 475 304 517 obedire
322 480 452 518 norint
472 506 484 526 ,
515 479 581 530 qui
603 479 681 517 aliis
701 479 789 519 dein
811 482 998 533 imperare
1024 483 1179 522 debent.

230 537 266 589 §.
297 538 402 578 Alibi
442 537 614 578 scientias
642 540 742 579 inter
767 538 926 591 politica
953 542 1133 595 regnandi
1161 541 1406 584 instrumenta
1438 546 1476 584 in
1499 545 1674 600 Principe
1700 550 1886 590 recensui·

6 622 11 650 -,
75 606 163 638 mus
178 626 189 646 ,
219 609 324 637 nunc
344 596 438 637 illud
455 599 655 649 quaeritur,
687 611 733 639 an
749 601 792 639 iis
810 602 924 641 etiam
951 602 1170 642 conducant
1190 631 1203 652 ,
1234 605 1298 654 qui
1312 615 1446 656 parere
1460 604 1618 656 debent,
1636 609 1672 648 ὅς
1692 621 1738 648 an
1745 609 1880 660 juven-

76 667 138 697 tus
163 658 360 709 popularis
380 658 424 697 iis
440 656 656 698 instruenda
671 658 745 698 sit?
773 659 925 700 Natura
940 663 979 701 in
993 662 1075 714 ipso
1095 664 1434 716 capite,tanquam
1449 666 1568 705 totius
1584 670 1757 719 corporis
1777 668 1879 710 Prin-

6 718 9 749 ἑ
75 718 164 769 cipe
184 744 198 768 ,
220 718 507 770 intelligentiam
527 717 723 758 constituit
738 748 751 768 ‚
782 729 825 760 ut
845 721 1018 760 scientias
1043 721 1307 772 condisceret,
1337 723 1443 763 uti&
1463 727 1713 776 memoriam,
1744 739 1786 767 ut
1803 741 1883 769 eas-

5 774 7 783 '
77 776 166 817 dem
192 777 436 818 conservaret
458 791 469 816 .-
498 788 537 818 at
565 778 662 818 verb
689 780 863 820 manibus
889 780 928 819 &
953 782 1133 821 membris
1159 783 1312 834 reliquis
1338 794 1419 823 non
1452 784 1521 825 nisi
1545 786 1808 829 habitudinem
1835 789 1884 829 ad

73 835 337 877 obediendum
353 839 549 889 impertiit.
621 838 813 879 Homines
826 840 1048 880 societatem
1067 842 1166 881 inter
1188 842 1224 881 se
1242 845 1637 897 communitatemque
1649 843 1779 886 coiere
1792 860 1887 900 ope-

69 896 178 936 randi
199 897 307 937 causa
327 928 338 946 ‚
368 909 450 939 non
470 897 688 950 speculandi
705 927 718 949 ‚
747 901 865 951 magis
887 900 940 939 ob
959 903 1277 941 communitatem
1291 902 1443 943 subsidii
1463 906 1612 956 mutui,
1642 905 1757 959 quam
1774 908 1885 948 theo-

67 957 132 996 riae
156 957 418 1003 subtilitatem.
494 957 594 997 Non
610 957 694 998 sunt
713 957 918 998 fortunatae
935 959 1049 1012 Resp.
1074 973 1124 1000 ex
1148 971 1224 1010 eo,
1258 958 1366 1014 quo‘d
1389 964 1583 1016 ingenium
1604 974 1793 1017 penetrat,
1819 968 1884 1008 sed

67 1028 118 1056 ex
134 1027 208 1066 e0‚
239 1017 347 1070 quod
365 1029 499 1058 manus
515 1017 679 1070 perficit.
767 1017 993 1059 Studiorum
1010 1022 1133 1061 otium
1144 1022 1246 1061 vitiis
1267 1023 1378 1062 alitur
1391 1050 1403 1072 ‚
1433 1024 1523 1065 &in
1542 1026 1670 1066 charta
1684 1038 1728 1066 ea
1751 1029 1882 1067 omnia

68 1078 268 1118 aeternitati
284 1077 512 1127 consecrat,
544 1090 629 1128 quae
650 1087 872 1130 temporum
902 1078 1100 1120 adinvenit
1127 1083 1280 1121 malitia.
1344 1082 1474 1123 Multa
1504 1096 1639 1125 contra
1669 1087 1884 1139 supremam

66 1139 224 1177 molitur
247 1136 479 1190 potestatem
495 1165 509 1186 ,
540 1137 578 1176 δι’.
603 1138 759 1190 plebem
784 1137 832 1177 ad
848 1137 1053 1180 seditiones
1078 1142 1260 1180 concitat.
1323 1142 1496 1195 Spartani
1517 1143 1593 1198 (a)
1621 1145 1742 1186 literas
1769 1146 1821 1186 ad
1842 1161 1883 1186 u-

51 1195 131 1249 Jz'mz
143 1194 266 1248 Jhltem
292 1193 457 1247 discebant
470 1228 482 1246 ,
511 1197 645 1250 reliqua
676 1200 780 1238 omm's
796 1195 963 1250 disciplina
991 1208 1091 1249 erat,
1121 1208 1162 1239 ut
1175 1199 1318 1251 pulchre
1336 1210 1510 1253 parerent
1537 1235 1550 1253 ,
1579 1213 1620 1244 ut
1646 1205 1778 1246 labores
1801 1214 1884 1259 per·

51 1255 200 1309 jhm-ent
219 1288 232 1306 ‚
262 1264 303 1296 ut
322 1259 485 1308 inpugna
505 1259 695 1297 vincerent.
756 1256 908 1297 Subditi
936 1262 1056 1313 arguti
1073 1261 1184 1300 nimis
1213 1257 1252 1300 ἃ
1274 1260 1380 1301 docti
1412 1264 1609 1304 novitates
1626 1276 1773 1314 amant,
1805 1278 1886 1306 car·

60 1325 160 1369 punt
175 1317 495 1369 gubernationem
514 1343 528 1363 ,
556 1317 729 1356 consulta
744 1316 966 1368 Principum
985 1329 1132 1359 vocant
1153 1319 1202 1359 ad
1217 1330 1380 1362 examen
1396 1350 1409 1371 ,
1436 1321 1475 1362 &
1490 1325 1680 1375 populum
1704 1338 1881 1365 commo-

61 1386 170 1416 vent.
241 1373 519 1414 Obedientiam
543 1376 661 1426 magis
682 1384 907 1426 promptam
927 1374 1004 1416 effe
1030 1388 1190 1429 oportet
1210 1406 1224 1428 ‚
1256 1380 1372 1431 quam
1400 1383 1664 1435 ingeniosam3
1695 1384 1882 1425 sinceram

61 1437 202 1488 magis,
231 1433 346 1486 quam
370 1433 444 1487 (b)
460 1430 632 1472 astutam.
693 1431 1158 1488 Ignorantiapraecipuum
1170 1436 1325 1488 Imperii
1339 1439 1494 1480 Turcici
1512 1441 1884 1490 fundamentumest.

62 1497 142 1549 Qui
164 1498 204 1536 in
226 1495 293 1535 illo
307 1494 546 1533 scientiarum
569 1490 758 1545 spargeret
775 1493 916 1534 semina
930 1523 944 1544 ‚
971 1494 1086 1536 facile
1106 1496 1145 1536 id
1168 1506 1376 1538 everteret.
1440 1499 1625 1552 Quietam
1650 1501 1886 1556 felicemque

60 1559 181 1596 vitam
204 1555 346 1595 vivunt
361 1551 525 1591 Helveti
539 1551 642 1603 apud
661 1563 762 1604 quos
790 1553 960 1594 scientiae
982 1568 1063 1595 non
1089 1556 1299 1597 admodum
1325 1560 1480 1611 vigent,
1497 1560 1534 1600 &
1548 1561 1777 1614 proscriptio
1797 1564 1885 1604 sub-

57 1617 174 1655 tiliori
199 1609 495 1668 philosophandi
519 1622 660 1666 genere
683 1640 696 1661 ‚
725 1624 806 1652 non
825 1614 950 1654 minus
974 1614 1078 1663 bona
1099 1628 1187 1655 cum
1207 1618 1366 1668 politica
1381 1620 1417 1658 se
1434 1619 1575 1671 suaque
1599 1621 1850 1663 moderantur
1864 1652 1880 1674 ,

57 1687 175 1728 quam
185 1676 265 1715 aliae
278 1671 475 1714 Nationes
495 1684 504 1710 :
532 1672 757 1712 vehementi
772 1674 833 1712 illa
844 1676 1098 1715 contentione
1122 1676 1160 1715 in
1175 1675 1337 1716 scientiis
1355 1677 1614 1729 perdiscendis
1629 1680 1878 1733 languescunt

57 1737 183 1785 vires,
215 1733 449 1775 &vilescunt
466 1731 694 1780 animi,dum
715 1734 830 1773 nimia
850 1734 991 1786 ingenii
1010 1737 1093 1774 acie
1110 1737 1282 1787 pericula
1299 1737 1525 1788 penitiffime
1545 1749 1762 1790 penetrant.
1792 1741 1882 1782 Stu-

59 1797 212 1836 diorum
233 1795 428 1835 amoenitas
445 1821 458 1842 ,
487 1792 713 1832 eruditionis
739 1794 858 1845 gloria
877 1822 890 1842 ,
921 1793 1127 1846 &praemia
1144 1797 1287 1835 multos
1313 1797 1506 1844 alliciunt3
1536 1798 1640 1838 unde
1651 1801 1722 1839 viri
1741 1800 1879 1843 desunt

58 1868 136 1909 pro
165 1856 276 1895 armis
293 1851 568 1894 &defensione
590 1850 787 1901 Statuum,
817 1865 983 1904 quorum
1000 1854 1088 1906 plus
1104 1853 1283 1904 interest,
1313 1854 1541 1897 fortitudine
1560 1857 1734 1909 praestare
1750 1874 1880 1914 popu-

53 1918 163 1966 lum,
194 1914 309 1968 quam
337 1914 467 1954 literis.
545 1911 668 1966 Quod
701 1913 740 1951 in
765 1913 823 1952 his
847 1914 1074 1965 generosum
1097 1913 1154 1954 est
1170 1940 1184 1964 ,
1212 1912 1380 1956 fastidire
1397 1914 1491 1956 facit
1511 1928 1557 1957 ea
1573 1921 1701 1958 omnia
1730 1924 1877 1962 exerci-

55 1978 110 2014 tia
124 2006 137 2024 ,
169 1987 255 2026 quae
275 1985 417 2027 corpus
437 1973 555 2024 magis
574 2001 585 2020 ,
613 1970 729 2024 quarn
753 1973 920 2012 animum
939 1983 1148 2025 occupant.
1210 1973 1308 2014 Otio
1323 1976 1489 2015 literario
1507 1977 1657 2029 ingenia
1674 1976 1771 2019 fiunt
1797 1993 1880 2021 me.

55 2032 270 2076 lancholiea
295 2061 308 2085 ‚
338 2043 381 2073 ut
404 2034 524 2072 vitam
547 2034 666 2085 magis
690 2041 821 2071 ament
848 2032 1048 2072 solitariam
1077 2033 1115 2073 &
1134 2034 1309 2075 coelibem
1329 2046 1343 2082 ς
1375 2033 1510 2075 contra
1534 2047 1579 2075 ac
1609 2034 1691 2077 fieri
1715 2050 1877 2091 oportet

54 2095 105 2137 ad
125 2095 204 2135 hoc
219 2124 233 2146 ,
263 2104 307 2136 ut
322 2091 494 2144 Respub.
519 2090 595 2131 sese
610 2092 869 2144 multiplicet;
899 2092 938 2132 &
961 2094 1067 2133 viros
1090 2093 1231 2133 habeat
1255 2093 1303 2133 ad
1335 2106 1490 2134 munera
1508 2095 1546 2135 δε
1572 2096 1695 2136 officia
1715 2100 1875 2150 publica

52 2155 218 2197 idoneos
238 2183 252 2204 ,
278 2164 396 2205 atque
413 2162 459 2191 ut
475 2151 575 2190 tueri
595 2150 632 2190 se
651 2151 763 2203 possit
777 2180 791 2200 ,
822 2150 916 2190 &in
933 2151 1085 2192 hostem
1106 2154 1172 2193 ire.
1231 2153 1385 2206 Ingenia
1407 2155 1571 2194 scientiis
1591 2159 1744 2197 exculta
1767 2160 1873 2201 hau'd

51 2216 200 2257 faciunt
217 2213 439 2256 Provincias
457 2221 584 2250 rerum
607 2211 720 2263 copia
741 2210 897 2250 affluere
914 2240 928 2258 ‚
959 2213 1166 2252 autincolis
1185 2211 1440 2264 frequentari,
1471 2214 1535 2254 sed
1549 2216 1685 2256 artium
1714 2218 1751 2257 &
1772 2232 1872 2260 mer-

51 2277 309 2317 cimoniorum
352 2269 532 2313 industria
553 2297 566 2317 ‚
596 2278 639 2309 ut
671 2272 711 2309 in
743 2270 957 2310 Provinciis
986 2271 1146 2325 Belgicis
1190 2271 1328 2312 videre
1350 2274 1454 2318 licet.
1539 2274 1647 2315 Bene
1674 2280 1871 2329 expende-

52 2321 142 2377 runt
160 2332 409 2376 incommoda
429 2329 498 2370 ista
507 2329 690 2371 Germani
707 2330 865 2382 aliaeque
880 2329 1075 2371 Nationes
1091 2363 1102 2381 ,
1134 2344 1218 2383 qua:
1235 2331 1280 2372 N
1283 2333 1497 2373 obilitatem
1527 2334 1631 2375 suam
1652 2337 1690 2376 in
1714 2338 1798 2378 solo
1812 2352 1868 2380 ar-

53 2408 206 2437 morum
225 2394 435 2436 fundarunt
458 2391 645 2432 exercitio
662 2420 675 2439 ,
704 2389 861 2431 minime
882 2392 1086 2443 pulchrum
1115 2391 1370 2433 existimantes
1400 2393 1538 2445 gradus
1564 2396 1809 2449 honoresque
1825 2402 1870 2440 li·

54 2458 214 2497 terarios
241 2455 443 2494 admittere
463 2464 477 2499 ς
501 2461 616 2502 atque
634 2453 684 2490 ita
697 2449 741 2490 fit
764 2479 777 2501 ,
805 2461 849 2491 ut
870 2463 1006 2492 omnes
1027 2449 1112 2491 fere
1134 2451 1302 2493 Nobiles
1318 2452 1365 2493 ad
1380 2465 1482 2494 arma
1495 2453 1670 2505 adjiciant
1682 2459 1865 2512 animum,

54 2518 94 2557 ἃ
114 2517 244 2557 militia
271 2514 420 2555 floreat.
477 2511 645 2552 Tametsi
663 2510 756 2551 vero
787 2511 1018 2551 orthodoxae
1044 2512 1256 2565 Religionis
1282 2514 1452 2566 cognitio
1474 2513 1575 2553 haud
1587 2523 1724 2566 parum
1749 2519 1868 2560 scien-

53 2578 116 2618 tiis
134 2574 357 2624 illustretur,
384 2571 478 2614 illud
497 2581 624 2612 tamen
653 2572 780 2624 negari
804 2583 884 2611 non
910 2571 1060 2624 potest,
1088 2575 1208 2612 multa
1229 2575 1343 2614 etiam
1366 2575 1415 2613 ab
1433 2573 1569 2614 iisdem
1586 2574 1635 2614 ad
1660 2586 1783 2616 meras
1805 2590 1865 2618 re⁴

53 2638 145 2677 duci
171 2636 400 2687 opiniones,
427 2630 451 2673 ὲ
475 2632 614 2685 quibus
635 2633 749 2672 variae
771 2631 973 2672 nascuntur
990 2629 1135 2682 Seciae,
1154 2638 1192 2674 &
1210 2645 1259 2673 ex
1277 2634 1336 2673 his
1360 2632 1612 2684 Imperiorum
1643 2637 1866 2678 conversio·

51 2710 134 2739 nes.
195 2694 319 2736 Immo
338 2695 496 2747 cognito
515 2690 590 2743 jam
614 2701 709 2733 vero
729 2692 807 2732 Dei
826 2694 958 2743 cultu,
988 2693 1117 2732 utilior
1138 2692 1284 2733 mundo
1308 2692 1395 2732 fore
1417 2691 1614 2733 videretur
1628 2694 1772 2736 fincera
1798 2699 1863 2738 ali-

54 2770 129 2810 qua
149 2757 186 2797 &
211 2756 364 2796 credula
382 2753 613 2808 ignorantia,
645 2751 757 2805 quam
780 2753 942 2807 superba
965 2753 1003 2793 &
1022 2754 1141 2793 inanis
1160 2751 1302 2793 sciendi
1321 2752 1590 2806 praesumptio,
1612 2757 1784 2796 maximis
1801 2769 1858 2797 er-

50 2819 203 2859 roribus
236 2813 421 2868 expolita.
482 2812 699 2853 Hae&aliae
719 2816 886 2855 rationes
919 2814 1137 2866 complures
1164 2812 1322 2853 suadent
1348 2812 1501 2867 prorsus
1517 2815 1759 2866 extirpandas
1785 2816 1861 2858 effe

53 2879 225 2919 scientias
241 2907 254 2927 ,
273 2872 479 2916 secundum
506 2874 651 2926 regulas
663 2876 860 2927 politicas,
887 2886 971 2926 quae
989 2873 1037 2914 ad
1058 2873 1362 2914 dominationem
1384 2871 1858 2933 attenduntmagis‚quam

53 2939 103 2979 ad
120 2938 357 2979 subditorum
381 2935 582 2974 utilitatem
607 2946 620 2981 3
650 2933 713 2974 sed
730 2937 914 2988 principia
927 2934 992 2975 ista
1011 2936 1159 2983 tyranni
1182 2933 1265 2974 sunt
1290 2932 1439 2987 potins,
1471 2932 1584 2985 quam
1603 2935 1745 2976 boni&
1760 2939 1857 2988 aequi

52 2999 237 3051 Principis
261 3028 275 3048 ,
305 2997 369 3049 qui
394 2995 576 3035 decorem
593 2994 629 3034 δι
645 2997 800 3048 gloriam
825 2995 999 3036 Statuum
1021 2994 1172 3035 suorum
1195 3007 1273 3048 prae
1298 2994 1418 3034 oculis
1439 2994 1581 3034 habere
1607 2995 1723 3036 debet
1743 3007 1755 3038 ε
1786 2998 1858 3036 illis

16 3085 19 3088 -
57 3069 184 3100 autem
201 3058 393 3099 utiliffimae
410 3085 424 3106 ,
452 3053 572 3095 immo
600 3056 766 3097 maxime
794 3055 1006 3097 necess'ariae
1037 3055 1122 3094 sunt
1142 3054 1303 3096 scientiae
1322 3055 1370 3095 ad
1387 3053 1644 3095 confutandos
1665 3055 1855 3095 Senario-

0 3140 4 3215 Ι
848 3128 853 3133 ·
981 3116 1021 3157 D
1037 3113 1062 3155 d
1080 3115 1105 3154 d
1124 3115 1150 3155 d
1767 3127 1852 3157 rum

0 3273 3 3332 ξ
157 3269 215 3318 (a)
239 3269 334 3311 Plut.
387 3270 457 3322 (b)
475 3275 599 3309 Patres
617 3269 741 3309 valere
762 3265 858 3308 decet
871 3268 1000 3317 consilio
1012 3295 1021 3313 ,
1040 3267 1158 3323 populo
1167 3262 1433 3322 stcpervacanea
1449 3265 1625 3306 calliditas
1638 3264 1696 3319 4]st-
1728 3263 1851 3309 Salustr
