2132 3730
489 266 1484 312 SYMBOLAPOLJTJCA.·
1793 282 1872 323 331

581 331 1873 342 .————--———.——-——————————*——————-

69 356 167 397 vero
187 348 404 407 persuasere
420 360 505 399 ‚.ut
532 351 579 389 ad
595 351 906 390 Promontorium
923 351 1035 390 bonae
1052 351 1127 402 spei
1151 353 1362 391 eorundem
1383 353 1688 404 navigationibus
1710 351 1785 408 sese
1803 365 1878 405 op.

67 422 270 467 ponerent.
328 411 478 451 Verum
507 411 546 451 hi
575 410 734 451 consilio
753 419 827 449 tam
857 420 1082 462 opportuno
1108 411 1167 450 usi
1193 412 1301 450 misfis
1329 413 1418 451 illuc
1446 413 1517 452 suis
1544 411 1805 461 institoribus,
1841 413 1880 453 &

67 471 294 514 introductis
315 473 570 518 commerciis,
589 482 634 510 ea
656 469 895 522 Reipublicae
919 471 1074 522 penitus
1102 468 1347 523 praeripuere,
1365 474 1425 519 cui
1451 473 1567 525 longe
1589 472 1714 512 fuisset
1737 474 1879 522 utilius,

66 533 334 574 Lusitanorum
363 532 648 585 navigationem
679 529 850 570 mansisse
875 532 1059 583 integram
1081 544 1091 569 τ
1121 532 1174 569 ita
1195 534 1296 570 enim
1330 533 1540 572 eorundem
1560 534 1718 585 navigiis
1735 535 1790 573 uti
1809 545 1879 585 po-

68 590 195 633 tuifl‘et
214 603 393 645 tanquam
421 593 602 632 onerariis
630 591 678 631 ad
697 589 944 630 advehendas
958 589 1127 630 Orientis
1152 590 1302 631 divitias
1317 624 1328 640 ,
1359 593 1396 632 δι
1417 593 1445 633 si
1471 603 1607 645 portus
1635 595 1760 645 Regni
1783 594 1880 633 illius

68 651 270 705 attigissent
295 683 307 702 ‚
340 652 548 692 incolarum
576 664 695 704 opera
719 656 757 692 δε
784 653 916 691 labore
942 663 1005 690 eas
1027 651 1240 703 perficere,
1271 652 1308 691 &
1329 652 1416 704 post
1434 653 1566 704 majori
1593 665 1679 693 cum
1703 652 1881 693 industria

66 713 108 753 δε
130 714 238 754 lucro
261 724 332 767 per
353 713 565 755 universam
581 711 779 765 Europam
798 711 1014 753 distrahere.
1072 712 1268 753 Nimirum
1288 713 1347 757 illa
1380 715 1455 766 ipsa
1473 711 1718 753 instrumenta
1739 714 1776 755 δε
1798 725 1881 755 me-

70 2143 132 2186 dia
149 2175 161 2194 ‚
190 2155 274 2198 quae
289 2142 337 2184 ad
364 2142 605 2184 securitatem
632 2143 828 2197 propriam
846 2154 935 2184 cum
961 2142 1102 2183 damno
1119 2142 1244 2184 alieno
1263 2141 1432 2184 humana
1460 2144 1655 2196 excogitat
1672 2143 1886 2196 prudentia,

71 2205 217 2245 auctori
242 2203 375 2256 postea
391 2204 585 2243 accersunt
607 2205 781 2243 exitium.
829 2203 1029 2243 Sabaudiae
1059 2203 1098 2243 &
1116 2204 1260 2244 Parmae
1273 2203 1408 2243 Duces
1429 2203 1519 2243 belli
1541 2203 1716 2243 incendia
1742 2205 1783 2243 in
1799 2202 1889 2242 Me·

70 2263 279 2306 diolanensi
309 2263 419 2303 Statu
438 2263 578 2303 fovere
597 2263 833 2316 satagebant,
860 2262 926 2303 sed
949 2275 1083 2302 eorum
1105 2264 1198 2303 alter
1212 2264 1318 2303 suum
1337 2265 1537 2315 proprium
1556 2265 1698 2303 evertit
1720 2263 1888 2315 penitus,

69 2326 163 2365 alter
179 2323 276 2366 vero
296 2323 385 2363 belli
405 2323 532 2372 sedem
553 2323 602 2362 ad
623 2323 660 2362 se
674 2324 873 2375 pertraxit.
932 2322 1103 2363 Unicum
1121 2319 1264 2363 malum
1285 2324 1487 2365 confilium
1501 2325 1654 2376 optimo
1668 2325 1795 2363 animo
1813 2324 1888 2362 Re-

68 2387 125 2436 gis
143 2384 307 2426 Franciae
327 2382 547 2435 impress‘um
561 2382 714 2433 effecit,
745 2392 787 2422 ut
807 2382 966 2434 seipsum
980 2381 1094 2436 poene
1116 2392 1285 2431 metuat,
1299 2383 1443 2423 diffidat
1469 2383 1590 2423 Matri
1609 2415 1619 2432 ‚
1649 2383 1769 2423 Fratri
1789 2384 1888 2423 Ger-

71 2457 186 2485 mano
209 2476 222 2493 ,
246 2444 288 2484 δι
318 2445 395 2483 toti
414 2455 532 2496 regno
558 2457 567 2481 :
596 2443 788 2494 persuasus
804 2443 965 2492 scilicet,
995 2442 1032 2482 se
1057 2442 1199 2494 suaque
1230 2443 1309 2483 fine
1332 2444 1438 2484 bello
1467 2442 1562 2483 stare
1575 2456 1655 2484 non
1673 2443 1803 2496 posse,
1835 2453 1880 2483 at-

72 2516 150 2555 que
166 2502 265 2543 adeo
288 2502 309 2541 a
337 2505 442 2543 ruina
460 2500 615 2543 Domus
632 2502 836 2543 Austriacae
861 2503 964 2542 suam
981 2502 1201 2555 dependere
1218 2503 1375 2543 salutem
1397 2504 1434 2544 &
1455 2503 1802 2544 conservationem.

225 2603 363 2644 Foedus
391 2605 692 2645 Camerancense
717 2614 850 2645 contra
871 2604 1169 2656 Rempublicam
1190 2602 1385 2646 Veneram
1408 2601 1516 2645 suasit
1537 2616 1618 2645 non
1631 2617 1749 2645 nemo
1767 2604 1888 2657 Lega-

73 2676 135 2706 tus
159 2663 181 2705 ὲ
213 2663 369 2705 Francia
389 2666 467 2705 hoc
488 2665 575 2704 usus
610 2675 835 2718 argumento
853 2694 868 2714 s
897 2663 1005 2715 quod
1034 2663 1276 2705 diffenfiones
1309 2666 1370 2704 illa
1400 2664 1598 2704 seminaret
1629 2666 1728 2705 inter
1750 2664 1889 2705 Princi-

74 2738 145 2778 pes
165 2757 177 2774 ‚
207 2736 251 2765 ut
272 2726 375 2764 suam
394 2723 601 2765 fabricetur
615 2724 809 2764 fortunam
835 2737 923 2763 cum
945 2725 1103 2763 aliorum
1136 2725 1242 2764 ruina
1272 2754 1283 2772 ‚
1315 2724 1351 2763 δε
1368 2725 1464 2764 uniti
1497 2726 1595 2764 inter
1613 2725 1651 2765 se
1669 2726 1889 2778 compiures

72 2785 201 2826 eidem
230 2786 340 2824 armis
367 2780 543 2836 eripuere
561 2815 572 2833 ,
592 2785 785 2835 quicquid
803 2786 841 2824 in
865 2795 962 2823 terra
980 2782 1085 2823 firma
1110 2784 1373 2835 acquisiverat.
1433 2783 1531 2824 Fieri
1549 2783 1653 2824 forte
1672 2788 1827 2837 potuit,
1845 2796 1889 2825 ut

73 2856 253 2898 tempora
280 2843 342 2884 illa
359 2845 454 2883 tales
473 2853 572 2883 artes
592 2845 789 2896 exigerent
812 2874 822 2892 ,
853 2853 918 2883 aut
942 2843 1050 2894 quod
1077 2841 1164 2883 Viri
1196 2843 1405 2896 prudentes
1426 2874 1438 2892 ‚
1467 2844 1605 2895 quibus
1635 2842 1799 2886 Senatus
1827 2845 1889 2885 ille

75 2905 224 2957 semper
244 2904 375 2945 floruit
400 2934 413 2953 ,
443 2902 524 2955 ejus
545 2904 599 2942 rei
616 2903 863 2943 incommoda
892 2904 1140 2955 agnoscerent
1170 2902 1347 2955 quidem,
1375 2904 1417 2942 iis
1442 2912 1570 2945 tamen
1587 2915 1793 2946 occurrere
1809 2917 1890 2945 non

73 2963 226 3017 poffent
248 2995 262 3015 ,
292 2964 346 3005 ob
358 2964 515 3004 nimiam
529 2961 756 3003 Senatorum
771 2962 1076 3012 multitudinem,
1093 2973 1160 3002 aut
1184 2976 1233 3003 ne
1258 2961 1479 3003 obsistendo
1496 2962 1656 3016 suspecti
1676 2967 1753 3005 aliis
1777 2966 1877 3005 habe

75 3018 219 3065 re’ntur.
299 3022 366 3064 Est
393 3026 575 3063 nimirum
608 3023 690 3062 haec
714 3023 1097 3075 Rerumpublicarum
1120 3022 1320 3063 infelicitas
1340 3053 1352 3072 ‚
1382 3032 1426 3062 ut
1463 3025 1502 3063 in
1530 3024 1601 3064 iliis
1626 3026 1764 3064 malitia
1786 3054 1802 3073 ,
1830 3035 1874 3074 ty

76 3086 202 3124 ianuis
224 3113 238 3134 ‚
268 3084 447 3124 odiorum
489 3082 708 3122 fomentum
733 3112 746 3131 ,
791 3081 1088 3123 commodorum
1116 3084 1337 3135 procuratio
1362 3113 1374 3131 ,
1405 3085 1507 3123 nulla
1523 3084 1650 3122 habita
1667 3084 1820 3136 Justitiae
1836 3095 1875 3124 ra

79 3145 185 3183 tione
206 3173 219 3193 ‚
247 3145 485 3196 praecipuum
511 3145 709 3196 magisque
738 3142 910 3182 securum
951 3142 1167 3195 suffragium
1188 3141 1265 3182 effe
1292 3143 1410 3182 soleat
1431 3173 1443 3191 ‚
1473 3142 1581 3194 quod
1607 3146 1730 3184 zelum
1747 3175 1757 3192 ‚
1787 3157 1873 3184 amo

79 3214 239 3256 remque
256 3205 293 3245 in
316 3205 476 3257 patriam
493 3204 754 3244 communiter
774 3203 1087 3255 interpretamur,
1116 3202 1300 3255 adempza
1313 3204 1404 3243 viris
1422 3201 1643 3242 melioribus
1667 3203 1874 3258 recteagen

1015 3261 1210 3303 00002
1841 3265 1866 3304 d
