2132 3730
261 198 347 236 280
709 183 1659 231 DIDACVI'SAAVEDRAE

265 254 521 263 ——————-
525 250 2058 264 -—————————-——-—-——————————.—.—————-——-—-

262 287 306 316 ac
329 273 405 314 fine
423 286 501 314 non
526 269 683 310 essemus
706 279 863 319 quoque
886 267 958 322 (a)
984 270 1142 309 solliciti.
1203 270 1378 323 Utraque
1401 266 1567 312 anchora
1594 284 1695 324 opus
1717 270 1792 322 est,
1822 280 1866 312 ut
1891 282 1937 312 ea
1954 271 2061 313 stabi-

261 337 326 375 liat
345 347 388 374 ac
407 333 530 372 firmet
550 327 763 380 prudentia.
827 327 929 380 Quia
954 328 1051 369 vero
1074 326 1201 368 isthaec
1217 330 1254 369 in
1271 332 1506 382 praeteritum
1528 331 1567 371 δε
1595 331 1756 383 praesens
1785 331 1872 371 suos
1896 340 2061 372 tantum-

262 394 383 435 modo
403 389 564 431 intendit
581 388 740 437 oculos,
769 389 908 428 nonin
935 387 1127 438 futurum,
1157 388 1260 428 unde
1281 392 1410 431 omnia
1433 390 1656 443 dependent
1672 393 1848 444 negotia,
1879 390 1970 431 ideo
1996 402 2062 431 ne-

263 452 402 494 cess'um
427 448 503 499 est,
532 456 575 486 ut
597 447 861 488 ratiocinando
891 447 1103 499 conje&et‚
1134 447 1172 486 &
1199 447 1287 488 ante
1307 451 1532 502 prospiciat,
1565 450 1657 503 quid
1685 462 1754 503 per
1781 453 1867 493 haec
1896 459 1961 491 aut
1996 451 2063 491 illa

261 512 385 554 media
402 508 565 548 obtineri
585 507 715 559 poffit3
743 507 782 547 &
801 508 897 547 utin
925 519 1013 548 eum
1045 506 1161 547 finem
1189 507 1504 551 deliberationem
1532 511 1928 563 consultationemque
1960 509 2064 550 insti·
2130 510 2132 519 ‘

263 581 343 611 tuat
363 581 446 620 quae
463 565 488 619 ζ
497 577 539 607 ut
555 567 650 607 dixit
668 567 756 606 Rex
775 567 993 619 Alphonsus
1011 565 1205 620 Sapiens)
1229 566 1299 621 (b)
1312 582 1347 607 es
1370 568 1456 608 lmen
1475 570 1756 620 antevidimient,
1787 584 1852 624 que
1875 571 1960 610 Ome
1973 578 2066 610 toma
2092 605 2094 608 .
2130 564 2132 566 ³

248 631 346 681 solare
363 623 450 677 cosas
468 623 619 677 dudostzs.
680 627 783 667 Bona
796 626 954 680 utilisque
976 626 1159 666 dubiarum
1172 656 1184 674 ,
1215 639 1303 679 quas
1328 630 1407 680 quis
1438 627 1588 680 agendas
1611 626 1814 681 fiisteperit,
1843 641 1960 669 rerum
1980 638 2067 682 pro·
2127 630 2129 644 '

257 689 338 741 visto
362 685 420 740 est.
478 687 521 727 In
536 684 582 726 ea
599 686 877 727 consultatione
897 689 965 726 tria
982 685 1255 726 consideranda
1274 686 1370 726 sunt.
1427 686 1575 736 Facile,
1599 686 1836 739 Honestum,
1866 689 1904 729 &
1939 689 2063 729 Utile.
2126 687 2127 738 j

255 749 325 802 (c)
358 747 484 788 Omnes
516 748 683 798 buippe,
714 748 774 800 qui
806 759 1009 798 magnarum
1033 759 1150 786 rerum
1173 744 1299 793 consilia
1317 743 1522 799 fitſsipiunt,
1552 745 1721 801 cesti-‘mare
1742 748 1878 798 debent,
1894 744 1954 789 'aiz
1974 747 2071 802 quod
2114 743 2126 790 ’1

257 809 456 856 inchoatur,
480 806 686 858 Reipublicae
706 806 787 846 utile
800 838 812 855 ,
842 806 918 859 ipsis
932 803 1123 858 gloriofitm,
1140 812 1403 858 σικίρϊοηῐρΐῑιηι
1420 804 1561 860 ςῇἑεῖῑι,
1591 816 1655 848 mit
1674 815 1763 847 certe
1777 821 1841 847 non
1858 807 2061 857 arduumfit.
2124 797 2126 816 ³

256 868 364 909 Simul
375 863 461 919 ipſs,
491 863 697 920 quifiiadet‚
727 864 981 918 confideraiidus
995 865 1065 920 qli,
1098 878 1144 906 an
1166 867 1325 917 privatae
1345 867 1399 907 rei
1417 865 1542 907 studio
1561 877 1767 908 moveatur
1781 897 1793 916 ,
1824 875 1888 907 aut
1903 866 1979 906 fine
1998 867 2065 907 ali·
2122 877 2132 918 1Ξ

257 941 335 981 quo
353 927 587 979 particulari,
616 924 798 978 adjiciatne
816 924 956 978 confiHo,
988 925 1027 966 &
1046 927 1267 966 executioni
1288 927 1478 978 periculum
1495 925 1615 978 Juum3
1644 925 1696 972 &⁴³
1718 926 1756 979 fi
1763 924 1919 977 fortuna
1945 929 2064 979 caeptis
2112 956 2114 958 -

255 986 419 1043 affiaerit,
449 982 677 1036 cuistmmzmn
699 984 799 1025 decus
813 987 1050 1040 aquitarum
1083 985 1111 1025 fi
1135 986 1241 1026 secus
1263 1016 1275 1035 ‚
1306 988 1368 1026 cui
1391 985 1546 1026 infamia
1570 985 1824 1039 exspectanda
1845 985 1900 1027 fit.
1961 985 2064 1025 Prae-

255 1045 366 1090 miffo
388 1044 509 1085 isthoc
542 1046 737 1093 examine,
769 1044 807 1085 &
823 1057 864 1085 re
880 1045 995 1085 semel
1011 1043 1168 1095 statuta,
1200 1047 1378 1099 applicari
1396 1046 1540 1086 debent
1567 1045 1781 1098 mediajam
1801 1045 1910 1086 distis
1927 1045 2064 1085 condi·
2101 1083 2111 1092 Α,

255 1107 423 1148 tionibus
442 1104 674 1145 conformia:
704 1116 833 1157 neque
851 1106 953 1147 enim
975 1103 1180 1145 honestum
1203 1108 1274 1145 erit
1294 1135 1306 1156 ,
1338 1115 1404 1146 aut
1421 1108 1533 1155 utile,
1565 1106 1673 1158 quod
1693 1118 1763 1158 per
1785 1105 1910 1145 media
1934 1106 2064 1157 iniqua
2104 1154 2107 1159 ,

254 1168 291 1209 δι
313 1165 530 1218 sumptuosa
546 1165 801 1206 obtinebitur:
829 1178 904 1218 qua
933 1167 971 1205 in
993 1177 1034 1204 re
1059 1174 1224 1216 quatuor
1245 1166 1392 1206 diversa
1411 1176 1610 1219 tempora,
1639 1178 1724 1218 quae
1743 1168 1781 1205 in
1802 1165 1980 1205 omnibus
1997 1176 2063 1204 oc·
2092 1156 2108 1190 s

255 1236 409 1268 currunt
433 1226 618 1279 negotiis,
650 1226 687 1266 δι
705 1227 926 1277 cumprimis
944 1228 980 1264 in
1003 1223 1285 1264 infirmitatibus
1307 1226 1716 1279 Rerumpublicarum,
1747 1225 1850 1265 haud
1880 1225 1987 1264 secus
2016 1236 2061 1263 ac

255 1290 292 1328 in
309 1286 452 1327 morbis
471 1297 697 1337 cerporum,
727 1285 1003 1326 consideranda
1019 1285 1126 1330 sunt.
1156 1285 1389 1338 Principium
1406 1288 1604 1335 nimirum,
1634 1286 1939 1333 Incrementum‚
1956 1283 2062 1324 Con·
2097 1298 2109 1338 5

253 1347 414 1389 sistentia
428 1376 440 1396 ,
467 1346 505 1386 ἃ
523 1344 766 1393 Declinati03
795 1346 933 1397 quibus
955 1346 1138 1397 cognitis,
1170 1345 1209 1384 &
1225 1347 1423 1396 applicatis
1447 1347 1696 1386 convenienti
1714 1355 1890 1396 tempore
1905 1343 2061 1393 mediis,

253 1408 399 1448 facilius
425 1406 638 1453 obtinetur,
670 1404 777 1458 quod
794 1406 833 1444 in
864 1406 969 1444 votis
1003 1403 1083 1452 est,
1116 1412 1180 1442 aut
1195 1403 1433 1453 retardatur,
1462 1404 1490 1444 fi
1521 1403 1619 1444 ordo
1637 1413 1902 1457 permutetur,·
1927 1415 2059 1455 quem·
2097 1415 2099 1419 ¹

255 1465 462 1508 admodum
479 1464 731 1505 retardaretur
756 1464 883 1503 cursus
906 1464 1035 1512 navis,
1066 1462 1094 1502 fi
1111 1464 1243 1502 clavus
1264 1475 1417 1515 proram
1444 1474 1668 1515 occuparet.
1727 1462 1909 1503 Industria
1936 1463 2059 1503 confl-
2084 1459 2109 1481 „a

253 1527 315 1568 stit
333 1528 368 1565 in
390 1525 583 1578 seligendis
606 1525 761 1572 mediis,
793 1523 840 1563 ad
864 1523 980 1564 finem
1000 1522 1243 1574 propositum
1265 1524 1432 1562 maxime
1448 1523 1624 1571 idoneis,
1652 1534 1755 1562 nunc
1781 1523 1840 1561 his
1864 1534 1967 1561 nunc
1988 1523 2060 1562 illis
2090 1519 2108 1574 (ἒ

252 1585 427 1634 utendo,
458 1597 532 1636 qua
558 1586 595 1622 in
632 1595 673 1623 re
702 1595 783 1623 non
821 1583 945 1622 minus
977 1581 1136 1633 prosunt
1169 1579 1208 1619 &
1239 1580 1421 1632 adjuvant
1451 1593 1495 1621 ea
1513 1611 1526 1631 ‚
1569 1593 1654 1632 quae
1691 1583 2061 1633 praetermittuntur,
2090 1586 2101 1609 ν

253 1646 367 1698 quam
398 1656 462 1692 ea,
493 1655 577 1694 quae
608 1643 858 1684 adhibentur:
890 1641 946 1679 uti
968 1642 1006 1680 in
1028 1642 1217 1679 variarum
1248 1652 1395 1680 vocum
1434 1642 1724 1681 concertatione
1769 1640 1906 1680 accidit
1925 1671 1938 1690 ,
1969 1653 2060 1693 qua-
2087 1634 2106 1654 '⁵

250 1717 334 1746 rum
389 1704 467 1744 aliae
515 1714 584 1754 per
634 1703 762 1746 vices!
790 1713 893 1740 nunc
938 1700 1070 1747 silent,
1113 1711 1217 1739 nunc
1260 1700 1508 1740 modulantur
1553 1702 1633 1741 aliae
1686 1699 1725 1740 δε
1761 1709 1889 1740 tamen
1925 1713 2060 1742 omnes

250 1765 357 1807 simul
418 1763 656 1804 harmoniam
725 1762 904 1801 efficiunt.
1029 1757 1206 1812 Negotia
1257 1759 1454 1813 semetipsa
1505 1772 1587 1800 non
1637 1770 1869 1812 procurant,
1916 1769 2052 1800 tamet-

253 1826 279 1866 si
308 1834 371 1865 aut
398 1825 502 1863 bona
547 1820 760 1862 eorundem
794 1819 989 1872 dispositio
1026 1819 1064 1859 δε
1096 1818 1267 1871 justitia,
1297 1828 1363 1860 aut
1396 1821 1537 1861 utilitas
1571 1820 1725 1873 publica
1756 1831 1800 1860 ea
1831 1831 1965 1873 urgere
2002 1823 2058 1861 vi·

254 1887 431 1926 deantur:
461 1883 552 1934 quin
571 1891 705 1921 contra
736 1880 810 1935 (cl)
831 1877 920 1931 ssepe
935 1878 1090 1933 honestas
1105 1877 1367 1931 rerimzcaustis,
1384 1883 1420 1920 ni
1428 1879 1595 1934 judicimn
1612 1879 1791 1928 adhibeas,
1799 1880 1976 1933 perniciosi
1988 1883 2060 1921 exi-

255 1955 311 1985 fils
328 1940 580 1996 ccrfflqmmfur.
641 1940 840 1980 Erraretur
855 1941 892 1978 in
909 1940 1062 1990 paucis,
1093 1937 1120 1977 si
1138 1938 1267 1978 debita
1281 1938 1526 1980 adhiberetur
1545 1941 1726 1980 attentio:
1756 1939 1892 1980 verum
1918 1949 1983 1979 aut
1995 1940 2060 1979 de·
2080 1964 2099 1977 ..

255 2005 457 2056 fatigantur
483 2001 678 2053 Principes
696 2030 708 2049 ‚
738 2007 803 2038 aut
828 1996 1052 2038 subtilitates
1078 1997 1285 2049 spernunt,
1315 1998 1353 2037 ὃν.
1386 1997 1643 2038 obstinatione
1672 1995 1834 2049 quadam
1873 2011 1942 2046 ea,
1973 2012 2058 2051 quae
2130 2022 2132 2026 ι

258 2066 383 2104 animo
401 2068 662 2112 conceperant
675 2090 686 2108 ,
703 2059 888 2112 potentiae
910 2057 1031 2096 suaevi
1051 2057 1227 2097 obtinere
1248 2058 1500 2098 contendunt.
1560 2055 1649 2097 Hac
1666 2067 1708 2096 ut
1723 2056 1929 2110 plurimum
1950 2060 2057 2110 igno.
2091 2052 2097 2094 ’ἐ

255 2120 373 2164 rann-21
392 2123 445 2160 uti
470 2121 588 2167 solet,
618 2121 738 2159 amica
757 2117 1041 2169 compositione
1064 2116 1280 2168 prudentia.
1339 2117 1462 2169 Quod
1483 2118 1541 2156 vis
1567 2119 1771 2169 impetrare
1791 2118 1943 2168 nequit,
1965 2130 2060 2169 pau-
2080 2109 2097 2167 353

253 2185 356 2225 latim
380 2181 526 2221 facilius
552 2178 678 2219 reddit
710 2178 935 2226 dexteritas,
964 2188 1049 2228 quae
1079 2187 1231 2228 tempus
1269 2176 1307 2216 &
1331 2176 1573 2215 occasionem
1599 2177 1802 2215 observare
1831 2175 1903 2216 rite
1935 2189 2057 2218 nove·
2082 2195 2091 2218 ,=

250 2246 310 2285 rit.
371 2242 425 2281 Ita
453 2239 544 2280 fecit
569 2239 738 2293 Legatus
766 2238 939 2284 Caecina‚
971 2235 1060 2275 etim
1090 2247 1219 2288 neque
1245 2235 1492 2284 au6t0ritate,
1522 2247 1650 2287 neque
1664 2236 1849 2287 vprecibus
1886 2238 2056 2289 legiones
2087 2226 2095 2271 ’ἶ

252 2303 499 2344 Germanicas
517 2298 537 2338 ὲ
555 2299 645 2353 fuga
660 2329 673 2349 ‚
704 2310 817 2350 quam
834 2297 962 2338 nescio
979 2297 1062 2348 quis
1078 2296 1197 2335 inanis
1222 2295 1402 2335 suadebat
1425 2304 1571 2344 metus,
1600 2295 1726 2347 posset
1746 2295 1960 2345 retrahere,
1986 2296 2056 2336 do-
2084 2313 2091 2346 j

251 2375 324 2404 nec
363 2360 432 2415 (e)
456 2360 632 2412 projecJus
661 2361 697 2399 in
711 2359 820 2398 limine
837 2364 969 2409 portae,
997 2352 1204 2405 mifi’mtioiie
1230 2354 1376 2404 (leffium,
1403 2357 1487 2409 quia
1507 2363 1576 2407 per
1603 2363 1724 2406 corpus
1754 2354 1885 2406 Legati
1910 2355 2055 2395 eundum
2090 2407 2092 2411 y

250 2430 352 2471 erat,
383 2418 494 2469 claufit
512 2420 621 2462 viam.
681 2416 804 2470 Quod
828 2416 931 2455 idem
957 2415 1030 2454 alio
1053 2415 1090 2453 in
1107 2413 1192 2452 casu
1220 2425 1307 2454 ante
1327 2414 1533 2466 Pompejus
1561 2412 1716 2454 fecerat.
1777 2413 1953 2454 Verbum
1971 2417 2055 2455 uni·
2075 2415 2091 2467 ζῗ

251 2494 341 2523 cum
366 2476 595 2530 tempestive
619 2479 835 2528 prolatum,
863 2473 1066 2527 aliquando
1082 2472 1282 2514 vitftoriam
1315 2476 1478 2527 peperit.
1540 2471 1623 2528 (f)
1653 2472 1913 2514 Ferdinandus
1939 2474 2052 2516 Gon·
2072 2470 2089 2517 i?
2127 2495 2132 2506 ·

250 2539 372 2583 salvus
401 2538 571 2578 Castellae
602 2537 745 2577 Comes
775 2537 895 2575 aciem
920 2533 1170 2582 instruxerat,
1202 2543 1244 2573 ut
1283 2546 1370 2574 cum
1397 2534 1586 2575 Africanis
1604 2532 1847 2586 confligeret,
1879 2533 2051 2587 datoque
2070 2529 2081 2589 :J
2122 2562 2132 2592 t

252 2602 299 2643 ad
323 2601 491 2654 praelium
511 2598 636 2651 signo,
667 2609 754 2636 cum
785 2597 964 2647 aequitum
986 2605 1084 2633 unus
1113 2593 1276 2634 admotis
1309 2605 1412 2646 equo
1435 2594 1659 2643 calcaribus,
1688 2593 1781 2633 alios
1809 2585 2080 2642 antevertere3
2118 2623 2132 2664 f

253 2663 415 2714 cogitat,
441 2660 543 2698 illico
565 2658 602 2697 in
625 2659 745 2697 oculis
771 2657 941 2696 omnium
959 2663 1059 2694 terra
1086 2653 1305 2695 dehiscente
1326 2652 1478 2694 haustus
1502 2652 1601 2698 fuit:
1632 2653 1801 2693 turbavit
1824 2665 1868 2694 ea
1885 2666 1945 2694 res
1967 2656 2050 2695 uni-

254 2721 405 2762 versum
427 2718 659 2766 exercitum3
683 2727 721 2757 at
743 2716 884 2756 Comes
907 2714 954 2755 ad
981 2715 1120 2756 milites
1137 2714 1366 2755 conversus:
1393 2713 1433 2755 Si
1455 2722 1580 2764 terra,
1611 2714 1751 2766 inquit,
1782 2726 1841 2754 nos
1857 2711 1965 2766 ferre
1985 2727 2050 2755 non
2065 2718 2070 2765 j

241 2779 403 2835 stistinet,
433 2779 658 2818 multominus
684 2790 743 2819 uos
750 2774 875 2829 ferent
892 2773 1016 2828 hcstes,
1046 2774 1084 2816 ἃ
1103 2787 1269 2828 pugnam
1297 2775 1451 2816 exorsus
1468 2774 1629 2815 feliciter
1662 2775 1923 2827 triumphavit.
1954 2773 2048 2814 Nec
2065 2783 2089 2826 ’Ἴ

252 2840 408 2882 minoris
432 2837 643 2889 prudentiae
671 2836 762 2886 fuit,
794 2836 901 2890 quod
920 2837 958 2875 in
986 2834 1170 2875 conflfflu
1202 2834 1249 2875 ad
1274 2834 1493 2875 Ciriniolam
1512 2833 1670 2881 accidit;
1701 2834 1788 2874 cum
1815 2836 1915 2874 enim
1931 2833 2046 2874 Italus
2063 2842 2083 2881 ς’
2112 2856 2132 2894 tl

255 2900 408 2953 qudiam
429 2898 535 2936 miles
552 2907 653 2937 ratus
669 2897 859 2948 Hispanos
876 2894 1003 2935 νίέὶοε
1021 2893 1116 2945 effe,
1145 2896 1314 2948 pulveris
1343 2896 1533 2947 sulphurei
1560 2893 1677 2934 cados
1699 2893 1850 2934 duobus
1874 2895 2045 2934 curribus
2059 2886 2070 2927 Ϊ·

253 2959 415 3015 gestatos
433 2956 672 3004 incendisset,
701 2957 739 2996 &
757 2968 888 3008 magna
907 2953 1099 2996 exercitiis
1121 2955 1238 2994 totius
1254 2953 1344 2994 esset
1361 2956 1528 2994 turbatio
1540 2985 1550 3003 ,
1581 2953 1798 2994 Gonsalvus
1816 2949 1860 2992 ed
1877 2954 2046 2994 occasio·
2064 3006 2066 3008 q

251 3033 302 3061 ne
319 3019 404 3059 usus
424 3016 595 3070 praesenti
611 3018 763 3065 anim0,
793 3016 898 3056 hilari
912 3014 1011 3055 facie
1029 3014 1077 3055 ad
1093 3013 1393 3055 circumstantes:
1420 3013 1516 3069 (g)
1546 3014 1664 3064 Bono,
1692 3013 1836 3064 inquit,
1864 3010 2044 3060 estoteani-
2079 3015 2081 3017 ’

2065 2809 2073 2840 Ὦ

1276 3134 2043 3145 -———-—————.

359 3161 415 3203 (a)
441 3153 603 3195 Acribus,
629 3163 670 3189 ut
681 3152 795 3201 ferme
817 3152 931 3194 talia,
954 3156 1071 3192 initiis
1084 3180 1093 3195 ‚
1110 3152 1367 3205 ineuritstfim‘.
1396 3154 1514 3193 Tacit.
1532 3154 1556 3191 l.
1573 3158 1606 3191 6.
1623 3152 1752 3189 Annal.
1807 3153 1868 3200 (b)
1894 3154 1935 3189 L.
1955 3164 1988 3202 5.
1998 3165 2042 3190 rt.
2080 3162 2083 3200 g

255 3224 290 3255 9.
311 3224 344 3259 p.
368 3222 404 3247 2.
455 3210 517 3252 (c)
540 3208 624 3244 Tac.
644 3206 665 3242 1.
690 3220 723 3241 2.
743 3205 832 3242 Hist.
884 3206 945 3254 (d)
972 3208 1057 3243 Tac.
1081 3207 1104 3243 l.
1128 3219 1160 3243 r.
1181 3207 1271 3244 Hist.
1322 3211 1380 3253 (e)
1405 3207 1457 3244 Id.
1479 3207 1503 3244 1.
1524 3203 1699 3245 2.Armal.
1756 3204 1819 3249 (f)
1838 3206 1928 3244 Mar.
1951 3205 2042 3255 Hist.
2080 3202 2093 3242 1

260 3261 356 3311 Hisp.
374 3264 395 3298 l.
418 3270 449 3301 ς.
470 3274 501 3298 ε.
523 3264 557 3297 6.
610 3259 670 3306 (g)
697 3260 785 3295 Mar.
808 3257 896 3294 Hist.
913 3257 1008 3307 Hisp.
1028 3260 1051 3295 l.
1079 3270 1139 3305 27.
1155 3271 1260 3298 c-21.
2092 3259 2093 3262 ’
