2132 3730
500 225 1479 276 SYMBOLAPOLITICA.
1793 246 1869 290 185

79 317 232 366 privato
249 310 366 363 ipsum
380 309 502 350 solum
521 311 725 362 respiciunt
744 322 757 357 3
785 312 824 350 in
843 311 1019 365 Principe
1041 344 1054 363 ,
1083 314 1206 366 ipsum
1233 316 1272 355 δι
1291 317 1599 369 Rempublieam.
1683 318 1783 359 Cum
1804 322 1876 360 uti-

79 377 184 414 litate
201 370 393 411 communi
409 371 582 410 omnium
596 401 610 420 ,
646 383 727 411 non
746 372 894 422 privata
912 375 1021 413 unius
1045 374 1282 414 consentiant
1308 387 1477 428 oportet.
1565 377 1731 419 Scientia
1754 381 1876 420 civilis

79 443 202 473 certos
229 429 436 481 praescribit
454 431 592 470 limites
621 430 807 470 virtuti&
826 432 923 472 illius
938 463 952 484 ,
981 437 1046 485 qui
1067 435 1230 486 imperat
1249 465 1259 482 ‚
1291 435 1328 475 δι
1347 437 1444 488 ejus,
1464 440 1528 489 qui
1546 448 1668 491 paret.
1728 439 1772 479 In
1795 438 1875 479 Mi-

76 490 188 533 nistro
204 500 285 529 non
313 489 365 528 sui
378 489 470 540 juris
494 488 532 529 δι
546 490 688 530 arbitrii
714 489 769 530 est
786 491 924 542 justitia
941 523 953 542 ,
983 494 1131 545 semper
1147 493 1195 533 ad
1220 493 1312 547 legis
1325 509 1500 537 normam
1517 498 1595 538 sese
1612 499 1730 539 debet
1741 499 1876 553 dirige·

74 564 141 592 re:
169 550 209 588 in
226 547 402 600 Principe
423 578 436 598 ‚
467 550 531 600 qui
547 551 644 590 illius
661 549 716 590 est
731 552 853 592 anima
867 582 881 603 ,
911 554 1121 605 peculiares
1155 554 1275 594 habet
1293 556 1617 598 considerationes
1640 590 1651 607 ‚
1685 571 1769 611 quae
1791 560 1875 599 uni·

9 641 11 647 ,
72 607 219 650 versum
238 607 275 648 ἃ
293 620 501 650 commune
525 608 697 661 spectant
713 611 930 664 imperium.
962 612 1005 652 ln
1023 612 1175 652 subdito
1197 617 1475 656 commiseratio
1501 617 1661 657 modum
1684 618 1875 659 excedere

0 690 2 710 1
69 671 264 720 nunquam
283 667 435 721 potest:
464 670 504 709 in
521 669 699 722 Principe
720 670 820 723 saepe
840 671 894 712 est
909 673 1036 712 noxia.
1097 673 1156 712 Ut
1177 674 1254 714 hoc
1272 676 1447 727 praesenti
1463 674 1706 718 Emblemate
1720 679 1876 730 subjice·

66 740 147 768 rem
168 728 291 767 oculis
308 759 319 776 ,
348 726 371 768 a
390 730 553 769 cornicis
576 732 743 783 aucupio
772 730 870 771 istud
888 732 1075 785 desumpsi
1095 763 1107 782 ,
1138 746 1212 785 qua
1231 764 1244 784 ,
1275 735 1464 777 Sanazaro
1490 735 1529 776 &
1554 735 1748 778 Garcilaso
1775 737 1875 779 testi-

67 789 138 827 bus
156 817 169 837 ‚
199 786 373 828 Pastores
390 789 610 830 utebantur.
671 790 729 830 Ea
742 791 868 831 erudit
888 791 1260 845 Principes,quanta
1285 808 1373 836 cum
1395 794 1600 847 prudentia
1618 799 1874 839 calamitatum

9 891 11 895 ,
66 847 104 888 &
121 849 382 899 periculorum
401 850 614 890 alienorum
634 849 710 891 sese
719 850 882 891 reddere
898 851 1064 893 debeant
1081 855 1300 908 participes.
1378 855 1585 896 Cornicem
1598 857 1797 909 ponebant
1809 859 1875 897 alis

9 903 11 911 '
64 909 246 948 extremis
267 909 374 948 humi
388 910 576 962 alligatam
597 939 611 959 ,
641 922 727 962 quae
748 909 837 950 cum
854 912 942 951 alias
961 925 1031 964 per
1052 914 1178 954 a'e'rem
1195 917 1467 967 praetervolare
1491 927 1693 965 cerneret3
1723 917 1874 957 sublatis

62 968 102 1035 in
117 969 255 1069 coelum
279 969 512 1009 clamoribus
528 981 591 1009 eas
610 970 854 1023 provocabat
873 1000 885 1020 ‚
919 981 960 1012 ut
977 973 1026 1012 ad
1051 973 1251 1017 ferendam
1277 989 1395 1029 opem
1414 976 1451 1016 se
1474 977 1742 1028 demitterent,
1766 977 1873 1018 mise,

62 1039 162 1068 rrcor
191 1040 225 1068 ia
242 1039 374 1073 motae.

207 1106 510 1162 Certavanla
538 1148 553 1168 ‚
589 1112 611 1162 i
632 1108 811 1180 agluna
835 1128 945 1162 mas
962 1106 1166 1179 piadofh

205 1179 310 1231 Del
334 1181 444 1232 mal
466 1198 608 1251 agene
634 1183 690 1234 de
707 1181 759 1233 la
780 1187 1091 1251 εονηραῇενα,

199 1249 302 1318 Qe
321 1250 401 1302 del
411 1249 540 1319 fityo
561 1249 774 1319 dvifhda
792 1289 808 1309 ,
846 1256 869 1303 ὃ
895 1249 1138 1319 temerosa.

201 1318 465 1389 Llegavqfie
489 1325 598 1372 mni
618 1341 744 1374 certa
764 1359 779 1378 ‚
817 1324 836 1373 i
866 1322 917 1373 la
941 1326 1162 1391 primera
1194 1353 1208 1375 ‚

199 1391 304 1454 ραι*
321 1390 401 1460 esto
426 1392 583 1442 baie-ia
604 1427 615 1446 ‚
643 1401 844 1461 pagava
868 1391 918 1447 fu
953 1395 1186 1443 inocencia
1208 1428 1223 1448 ‚

198 1461 295 1513 Con
314 1458 494 1531 prtsion
518 1496 530 1518 ‚
564 1461 592 1513 ὃ
607 1479 691 1515 con
715 1476 897 1514 muerte
925 1461 1187 1528 lastimcra.

322 1558 461 1609 Mox
479 1555 800 1610 advolarunt.
892 1556 1005 1608 Una
1022 1566 1122 1624 prae
1155 1553 1358 1622 reliquis
1378 1590 1392 1610 ‚
1430 1559 1585 1626 magis

315 1630 491 1681 Aliena
513 1626 642 1691 foctae
672 1626 840 1680 vincla
869 1663 884 1682 ‚
921 1622 1188 1694 quamfitae
1207 1630 1380 1675 timens

318 1699 363 1750 V
361 1703 436 1753 itae
466 1696 735 1766 periculum
759 1733 774 1753 ‚
806 1699 1009 1765 propius
1034 1691 1203 1760 accfft
1232 1732 1246 1750 ‚
1284 1692 1413 1744 nihil

306 1771 432 1837 Jam
451 1764 750 1839 profuturas
788 1769 967 1836 quippe
989 1783 1095 1834 quae
1122 1763 1340 1827 studium
1356 1760 1502 1828 situm

304 1843 496 1894 Sociam
520 1839 750 1906 juvandi
775 1849 928 1889 morte
951 1872 968 1893 ‚
1003 1835 1089 1887 vel
1113 1832 1289 1903 mgfi’ra
1315 1834 1409 1885 luit

316 1911 629 1979 Captivitate.

52 2017 158 2059 Nam
184 2029 268 2069 quae
288 2016 395 2057 humi
419 2014 497 2056 fixa
527 2015 719 2064 haerebat,
749 2016 940 2068 unguibus
969 2017 1237 2070 prehendebat
1261 2021 1415 2060 alteram
1432 2050 1445 2069 ,
1479 2028 1522 2059 ut
1547 2017 1584 2059 se
1600 2019 1775 2060 liberaret
1784 2033 1797 2069 ‚·
1827 2020 1865 2060 ὅτ

53 2080 135 2119 haec
157 2078 280 2117 rursus
301 2079 410 2116 aliam
425 2107 437 2123 ‚
468 2089 553 2128 quae
576 2076 711 2115 eadem
738 2075 852 2115 dueta
869 2078 1199 2119 commiseratione
1218 2079 1265 2118 ad
1297 2091 1381 2120 eam
1401 2078 1610 2132 juvandam
1627 2079 1835 2120 advolabat
1849 2111 1860 2130 s

52 2149 96 2179 ut
116 2151 191 2178 una
210 2147 372 2190 propter
390 2136 500 2177 aliam
516 2166 528 2184 ,
560 2147 675 2186 atque
692 2134 791 2175 adeo
801 2138 972 2188 perirent
990 2150 1138 2178 omnes.
1199 2139 1241 2179 In
1256 2152 1334 2191 quo
1356 2142 1468 2180 etiam
1496 2141 1649 2179 novitas
1676 2141 1779 2180 casus
1804 2142 1861 2181 lo·

54 2211 141 2239 cum
159 2199 322 2239 habuit:
353 2196 545 2237 interdum
565 2197 666 2236 enim
682 2195 760 2235 sola
785 2196 982 2236 curiositas
1013 2197 1089 2247 est,
1121 2209 1185 2238 aut
1213 2201 1391 2239 naturalis
1420 2198 1691 2251 inquietudinis
1719 2209 1862 2249 motus,

50 2272 135 2312 quae
163 2257 420 2299 misericordia
456 2256 618 2297 videtur.
711 2255 754 2295 In
782 2256 937 2297 miseriis
961 2256 999 2297 &
1016 2259 1285 2299 acerbitatibus
1306 2269 1526 2300 exterorum
1544 2259 1760 2310 Principum
1781 2272 1861 2300 non

49 2320 232 2372 improbo
248 2350 260 2368 ,
284 2316 332 2358 ad
360 2329 496 2358 eorum
516 2318 680 2356 lamenta
707 2315 746 2356 &
764 2328 886 2357 voces
902 2346 914 2366 ‚
946 2320 1188 2360 commoveri
1214 2331 1283 2359 cor
1310 2320 1349 2360 δε
1367 2321 1503 2360 oculos
1521 2319 1857 2359 commiserationis

51 2379 192 2420 affeetu
209 2411 220 2429 ‚
254 2378 375 2419 immo
391 2377 586 2419 interdum
612 2376 650 2417 δι
666 2376 788 2417 officia
807 2389 820 2424 ς
847 2378 967 2418 nolim
983 2387 1112 2419 tamen
1134 2378 1182 2420 ad
1202 2379 1416 2420 eorundem
1441 2379 1703 2419 defensionem
1721 2378 1857 2419 leviter

52 2441 183 2479 armari
209 2451 354 2479 manus.
415 2438 473 2478 Ut
491 2438 575 2489 quis
592 2438 761 2488 privatus
783 2439 822 2476 in
839 2439 990 2477 alterius
1005 2440 1162 2492 gratiam
1185 2440 1399 2491 periculum
1427 2440 1582 2488 subeat,
1602 2441 1793 2492 egregium
1804 2438 1858 2478 fa-

54 2500 161 2538 cinus
182 2497 237 2538 est
254 2529 266 2547 ,
297 2497 462 2539 &laude
481 2498 635 2550 dignum
663 2511 676 2545 ς
704 2508 743 2539 at
761 2497 1128 2550 reprehendendum
1154 2501 1191 2541 in
1216 2500 1410 2553 Principe,
1442 2500 1468 2540 ii
1489 2500 1645 2539 salutem
1663 2500 1855 2550 publicam

54 2558 221 2598 adducat
234 2560 272 2599 in
286 2558 483 2599 discrimen
499 2570 571 2610 pro
590 2557 702 2598 salute
719 2560 869 2598 alterius
890 2558 1073 2611 Principis
1092 2591 1103 2609 ,
1133 2561 1212 2601 fine
1225 2559 1418 2601 sufficienti
1436 2561 1700 2600 emolumento
1712 2588 1724 2607 ,
1744 2558 1781 2597 ὅτ.
1801 2571 1856 2598 ra-

54 2621 160 2659 tione
176 2617 320 2666 status,·
349 2631 421 2660 nec
437 2619 521 2659 satis
540 2619 621 2658 sunt
648 2631 703 2659 eae
720 2649 733 2668 ‚
762 2631 854 2670 quas
874 2620 1092 2671 propinqua
1113 2621 1292 2675 cognatio
1310 2621 1436 2661 secum
1468 2618 1611 2667 adfert,
1642 2627 1707 2657 aut
1731 2617 1854 2670 singu-

51 2681 136 2719 laris
166 2677 270 2718 forte
289 2681 450 2720 amicitia
473 2694 482 2720 ε
513 2691 600 2719 nam
616 2678 795 2731 Princeps
812 2677 859 2718 ad
884 2677 1135 2721 Subditorum
1158 2681 1358 2720 utilitatem
1379 2690 1489 2720 natus
1515 2677 1568 2718 est
1583 2677 1686 2730 prius
1700 2711 1710 2728 ,
1737 2676 1852 2730 quam

55 2738 435 2790 Consanguineorum
452 2771 462 2788 ‚
494 2739 532 2780 &
554 2739 788 2780 Amicorum.
851 2738 1043 2792 Opitulari
1061 2741 1119 2780 his
1141 2741 1286 2793 poterit
1309 2739 1373 2780 sed
1390 2740 1534 2792 absque
1557 2738 1698 2778 damno
1730 2738 1768 2777 δε
1785 2751 1853 2790 pe·

51 2801 172 2840 riculo
192 2800 321 2850 aliquo
342 2801 521 2851 graviori.
582 2799 749 2852 Quando
774 2798 982 2840 Praestitum
1009 2802 1116 2840 alteri
1134 2801 1314 2841 auxilium
1341 2811 1417 2840 tam
1443 2811 1650 2841 commune
1678 2797 1769 2839 facit
1783 2810 1852 2851 pe-

51 2861 213 2900 ticulum
238 2890 250 2907 ‚
281 2869 323 2898 ut
341 2860 447 2898 ruina
472 2861 582 2900 unius
609 2860 734 2900 secum
757 2861 880 2901 trahat
902 2861 1053 2901 alterius
1074 2862 1233 2902 exitium
1258 2891 1270 2910 ‚
1298 2863 1400 2902 nulla
1427 2858 1481 2900 est
1501 2860 1742 2913 obligationis
1764 2870 1850 2898 cau-

52 2919 90 2959 sa
107 2950 121 2968 ‚
149 2932 223 2959 nec
241 2920 315 2958 ulla
335 2928 437 2959 tanta
458 2920 496 2960 in
518 2921 609 2960 alios
626 2922 746 2971 pietas
769 2933 853 2973 quae
879 2922 978 2962 illam
1002 2922 1180 2962 excusare
1199 2931 1326 2974 queat.
1402 2920 1669 2962 Veruntamen
1694 2918 1848 2972 quando

54 2980 260 3021 commoda
276 2989 340 3019 aut
364 2979 590 3020 detrimenta
605 2981 656 3020 ita
669 2992 767 3020 nexa
781 2982 865 3022 sunt
881 2983 979 3022 inter
996 2982 1033 3022 se
1055 3013 1069 3032 ,
1098 2991 1142 3022 ut
1158 2983 1356 3034 utriusque
1375 2994 1433 3022 res
1451 2983 1509 3035 agi
1529 2980 1705 3021 videatur
1717 3010 1728 3029 ‚
1760 2980 1847 3029 quia

53 3049 132 3091 uno
150 3051 337 3092 pereunte
361 3042 467 3080 alteri
485 3052 641 3092 quoque
672 3042 910 3093 pereundum
931 3041 1046 3092 esset,
1076 3044 1222 3083 causam
1240 3042 1341 3082 suam
1363 3041 1499 3091 faciet,
1521 3042 1689 3094 quisquis
1706 3038 1845 3078 auxilio

54 3093 188 3150 praesto
199 3099 282 3149 est;
305 3099 437 3153 estque
462 3101 581 3152 major
604 3100 806 3154 prudentia
829 3100 850 3158 ζ
869 3113 913 3142 ut
927 3101 1131 3158 diximus)
1160 3104 1333 3156 periculo
1358 3102 1433 3143 sese
1450 3104 1490 3143 in
1509 3102 1633 3142 alieno
1649 3099 1757 3138 Statu
1775 3109 1845 3149 op-

55 3169 223 3210 ponere,
253 3160 368 3213 quam
398 3161 604 3215 expectare
635 3161 726 3201 illud
746 3163 967 3216 inproprie.
1030 3162 1152 3217 Quod
1170 3164 1197 3204 si
1212 3165 1324 3204 etiam
1345 3162 1482 3216 quietis
1509 3161 1546 3201 &
1571 3158 1845 3211 tranquillitatis

56 3217 216 3270 publicae
235 3221 448 3264 interfuerit
464 3253 478 3274 ,
507 3220 686 3276 oppresso
707 3220 807 3263 ferre
830 3223 1042 3277 praesidium
1065 3255 1076 3273 ‚
1107 3226 1265 3266 omnino
1298 3223 1426 3265 facere
1453 3220 1492 3262 id
1524 3220 1640 3261 debet
1661 3219 1843 3269 Princeps

1014 3287 1050 3326 A
1073 3298 1093 3325 a
1110 3298 1131 3325 a
1770 3289 1842 3331 ΡΟ·
