2132 3730
246 176 304 219 24
676 155 1625 199 DIDACJSAAVEDRAEs

320 220 1531 233 --η-υ-.-μ-ῥ-ῄ--ῤ-ι--ῇ--κῇ-

241 249 319 300 giat
340 246 499 285 omnino
519 274 530 290 ‚
562 251 626 280 aut
644 241 859 279 committat
888 240 995 277 aliis:
1047 239 1248 290 quomodo
1274 240 1368 280 fecit
1396 238 1562 290 Joannes
1593 241 1792 282 Secundus
1825 243 2044 294 Arragoniae

240 307 330 346 Rex
354 335 367 355 ,
398 306 462 355 qui
483 312 635 352 tempus
652 299 830 338 Poe'tices
850 297 975 338 studio
997 300 1179 338 inutiliter
1206 300 1442 347 traducebat,
1465 301 1671 341 evocando
1693 301 1741 342 ad
1759 303 1795 343 se
1813 300 1835 342 ὲ
1851 302 2046 342 remotifli-

240 368 312 407 mis
343 363 575 417 provinciis,
608 360 673 411 qui
702 360 740 398 in
758 370 805 399 eo
821 361 1055 398 excellerent
1078 371 1090 405 3
1120 368 1242 410 usque
1268 361 1359 400 dum
1381 359 1519 400 subditi
1546 364 1712 402 muneris
1737 361 1900 416 neglecti
1925 363 2045 414 impa-

244 428 408 472 tientes,
427 422 623 462 concitato
639 428 771 459 contra
791 419 1084 467 eumtumultu,
1118 420 1241 459 otioso
1259 419 1314 460 isti
1333 418 1447 472 ipsius
1474 419 1759 462 oblectamento
1790 422 1951 463 modum
1975 433 2048 472 po-

242 492 389 526 nerent.
452 480 718 520 Nihilominus
744 479 831 518 cum
856 478 985 518 Po‘e'sis·
1006 480 1083 518 hoc
1105 487 1281 530 tempore
1310 477 1347 519 in
1372 479 1463 520 aulis
1484 480 1521 520 &
1542 482 1688 533 palatiis
1711 482 1892 534 frequens
1914 480 2047 521 admo·

243 546 333 585 dum
362 542 407 582 fit
428 567 443 592 9
473 540 512 580 &
537 539 653 579 valde
671 533 939 579 mansuefaciat
964 546 1080 590 atque
1101 539 1418 579 excolatanimos
1435 569 1446 589 ,
1464 538 1618 581 videtur
1644 539 1864 593 ignorantiae
1892 542 2048 593 alicujus

242 614 374 646 notam
393 601 576 653 Princeps
600 600 760 640 omnino
792 599 962 653 effugere
981 607 1060 638 non
1089 595 1197 650 posse
1221 599 1289 638 nifi
1308 602 1444 640 leviter
1472 598 1612 640 tinctus
1630 599 1676 641 ea
1696 600 1741 641 fit
1759 632 1771 650 ,
1804 612 1868 642 aut
1885 604 2047 653 aliquam

243 666 322 716 ejus
341 662 518 702 notitiam
541 658 704 700 usumve
725 655 899 717 habeat„
955 660 1088 713 'Quare
1116 655 1258 710 aliquid
1285 656 1396 699 studii
1420 658 1464 700 ea
1484 662 1523 700 in
1547 674 1589 700 re
1618 660 1783 701 concedi
1799 659 1850 701 illi
1872 663 2048 714 poterit3

242 728 427 776 quantum
446 718 699 762 videlicetad
726 718 971 760 excitandum
998 721 1165 759 animum
1200 716 1238 758 &
1259 715 1451 771 ingenium
1477 721 1694 761 acuendum
1718 721 1803 760 satis
1831 721 1917 761 fore
1939 731 2050 774 puta-

241 786 355 824 bitur.
435 781 530 835 Quo
552 777 590 820 in
612 789 753 832 genere
770 781 890 819 multa
915 781 1030 819 ‘etiam
1062 781 1238 830 praeclara
1253 780 1435 830 'poemata
1452 780 1628 822 videmus
1654 780 1832 834 profecta
1848 782 1895 820 ab
1913 781 1971 828 iis,
1984 783 2049 833 qui

240 853 305 884 aut
326 843 430 882 orbis
449 872 460 890 ,
492 850 557 880 aut
576 839 756 879 Ecclessae
776 840 1031 891 gubernacula
1050 845 1277 887 tenuerunt,
1307 838 1425 890 idque
1441 848 1520 881 non
1540 839 1618 882 sine
1636 842 1837 882 universali
1851 842 2051 882 nationum

242 901 416 945 omnium
443 901 624 953 applausu
649 899 993 951 &approbatione.

390 958 427 1013 ς.
460 961 557 1000 Sunt
581 958 766 1012 praeterea
786 961 890 1015 inter
905 954 1100 1012 PrIncipes
1115 966 1194 998 non
1211 954 1343 1010 pauci,
1366 954 1430 1009 qui
1446 967 1564 1000 artem
1587 955 2053 1012 distilatoriainfactitent3

239 1022 347 1077 quod
361 1017 588 1061 exercitium
603 1019 672 1058 etfi
692 1017 967 1071 perhonestum
998 1019 1066 1068 sit,
1085 1029 1225 1071 utpote
1255 1021 1292 1058 in
1316 1028 1396 1069 quo
1422 1017 1532 1058 multi
1556 1020 1763 1060 admirandi
1792 1030 1936 1060 naturae
1957 1020 2052 1060 effe-

239 1085 342 1130 ctus,
364 1081 403 1121 &
423 1076 566 1120 secreta
586 1079 660 1119 sese
688 1078 875 1130 prodant·
902 1072 1053 1130 praestat
1072 1088 1200 1118 tamen
1224 1080 1269 1117 ab
1293 1076 1337 1118 eti
1360 1077 1546 1118 abstinere
1569 1079 1722 1130 prorsus
1746 1079 1940 1131 Principes
1958 1110 1971 1129 ,
2002 1080 2052 1120 eo

240 1142 347 1196 quod
368 1141 442 1195 (a)
460 1134 768 1179 curiositas'facili
785 1139 945 1191 negorio
964 1135 1053 1178 inde
1066 1138 1112 1177 ad
1123 1135 1349 1178 Alchitniain
1362 1136 1511 1188 adjiciat
1523 1139 1703 1187 animum,
1719 1147 1784 1178 aut
1797 1139 1926 1180 saltem
1937 1140 2003 1180 sub
2013 1142 2055 1180 il·

238 1206 309 1244 lius
322 1200 455 1242 colore
465 1194 659 1252 'cupiditas
672 1194 810 1239 deinde
820 1195 1032 1250 periculum
1046 1197 1161 1238 saciat
1179 1196 1441 1237 consolidandi
1455 1196 1713 1250 argentivivi,
1724 1195 1762 1238 &
1780 1198 1858 1238 auri
1872 1209 1987 1252 atque
1998 1213 2054 1239 ar-

237 1264 341 1318 genti
352 1259 596 1301 conficiendi.
645 1259 735 1312 Qua
747 1261 784 1299 in
795 1271 836 1298 re
853 1264 1008 1311 'tempus
1019 1260 1190 1317 omnium
1204 1259 1504 1310 pretiosissimum
1516 1255 1616 1298 male
1627 1255 1857 1300 &inutiliter
1866 1259 2052 1312 perditur,

239 1324 278 1364 &
310 1321 584 1362 consumuntur
613 1319 775 1359 thesauri
808 1320 1012 1371 praesentes
1044 1323 1117 1372 p'ro
1146 1314 1300 1357 incertis
1326 1318 1363 1358 δι
1387 1313 1574 1366 indubiis,
1624 1317 1740 1358 Mera
1766 1319 1959 1360 dementia
1978 1318 2052 1367 est,

240 1384 279 1424 &
296 1391 381 1435 quae
402 1388 483 1421 non
496 1380 709 1421 nisimorte
724 1381 843 1419 curari
861 1378 1009 1431 potest,
1035 1381 1152 1418 unum
1169 1386 1219 1417 ex
1236 1370 1309 1417 alio
1332 1379 1639 1429 experimentum
1657 1378 1864 1428 summere,
1889 1389 1964 1420 nec
1989 1379 2054 1419 ad-

235 1450 391 1484 vertere
411 1446 560 1491 tamen,
583 1439 782 1480 meliorem
809 1435 976 1491 lapidem
992 1439 1304 1491 philosophicum
1322 1434 1484 1477 inveniri
1510 1445 1590 1478 non
1616 1436 1750 1489 poffe,
1768 1438 1883 1490 quam
1907 1440 2052 1480 bonam

238 1504 276 1544 &
295 1502 526 1555 prudentem
541 1501 808 1540 oeconomiam.
868 1499 934 1539 De
958 1498 1030 1539 hac
1051 1500 1229 1539 'nimirum
1256 1499 1293 1538 &
1320 1493 1400 1538 utili
1423 1498 1710 1550 negotiatione,
1733 1510 1813 1538 non
1833 1499 1881 1540 de
1898 1499 2054 1540 scientia

238 1564 428 1613 Chymica
449 1563 605 1613 intelligi
628 1560 745 1600 debet
761 1559 855 1599 illud
870 1554 1175 1600 Salomonicum:
1208 1559 1280 1614 (b)
1310 1555 1594 1617 ιρξιῐτί[[φιῗσηῑὶα
1627 1558 1818 1610 locupletius
1839 1568 1916 1614 quae
1935 1569 2053 1613 opera-

238 1632 300 1663 tur
321 1623 456 1663 onmia?
485 1620 526 1661 Si
550 1629 663 1661 alitem
672 1617 786 1672 st’tfits
803 1626 995 1671 operatur:
1024 1622 1102 1674 quis
1123 1620 1261 1669 horum,
1288 1633 1365 1673 qma
1383 1615 1477 1667 suit,
1509 1620 1618 1671 magis
1638 1631 1742 1671 quam
1756 1621 1814 1659 illa
1833 1619 1886 1674 est
1905 1618 2052 1670 artzfex.

238 1681 470 1733 Hujusmodi
487 1682 726 1719 commerciis
753 1692 842 1718 cum
869 1680 1005 1718 incolis
1028 1681 1229 1731 regionum
1241 1676 1400 1718 Thai-sis
1424 1678 1459 1717 &
1488 1678 1618 1730 Ophir
1641 1679 1730 1718 Rex
1761 1679 1840 1731 ipse
1868 1678 2054 1720 Salomon

238 1744 412 1796 ingentes
432 1740 612 1791 congeffit
627 1740 842 1788 thesauros,
867 1738 915 1778 ad
944 1745 1042 1790 quos
1069 1737 1322 1776 advehendos
1342 1746 1537 1788 nunquam
1567 1734 1652 1776 sane
1683 1737 1909 1780 instruxifiet
1931 1749 1991 1779 tot
2013 1740 2052 1780 &

239 1812 362 1842 tantas
395 1797 546 1845 classes,
581 1809 642 1838 tot
669 1811 712 1838 ac
741 1800 856 1838 tantis
877 1798 1071 1849 expositas
1101 1800 1139 1836 in
1156 1795 1248 1836 mari
1264 1794 1462 1848 periculis,
1484 1797 1511 1836 si
1548 1797 1585 1836 in
1605 1799 1737 1837 catinis
1753 1799 1903 1840 easdem
1919 1808 2052 1852 parare

238 1858 433 1914 potuisset.
454 1911 456 1914 ,
494 1857 594 1897 Cum
616 1857 713 1896 vero
735 1856 784 1895 de
805 1857 920 1895 rebus
946 1857 1125 1895 omnibus
1141 1852 1297 1908 copiose
1311 1852 1389 1906 ipse
1416 1855 1482 1907 (c)
1505 1855 1775 1907 disputaverit,
1797 1860 2051 1912 habueritque

239 1919 432 1961 scientiam
454 1917 476 1957 a
492 1917 585 1957 Deo
605 1913 766 1957 infusam
792 1915 831 1956 δι
847 1913 1004 1956 inditam
1019 1940 1032 1965 ,
1055 1914 1197 1966 ‘absque
1221 1911 1341 1954 dubio
1367 1913 1460 1954 illud
1481 1916 1594 1954 etiam
1625 1915 1812 1957 secretum
1836 1919 1864 1959 fi
1888 1932 2076 1971 quomo-⁴

240 1982 294 2022 do
320 1976 502 2032 potuiffet
531 1976 633 2026 fieri,
664 1974 792 2016 fuiffet
818 1973 1030 2025 assecutus,
1058 1973 1096 2014 &
1119 1971 1239 2028 reipsa
1266 1974 1488 2026 usurpasset,
1547 1973 1638 2014 Nec
1661 1975 1758 2016 vero
1792 1977 1975 2019 credibile
1997 1981 2052 2021 est

238 2041 372 2083 Deum
396 2037 435 2078 id
450 2048 616 2087 unquam
635 2033 922 2089 permissurum}
953 2035 1170 2076 desinerent
1191 2036 1292 2075 enim
1315 2036 1443 2074 omnia
1457 2035 1628 2087 gentium
1651 2041 1882 2077 commercia
1900 2038 1947 2079 ad
1965 2052 2050 2092 quae

240 2097 500 2142 conservanda
516 2095 608 2136 nihil
629 2105 738 2149 aeque
759 2094 963 2144 conducit,
989 2103 1034 2136 ac
1055 2102 1213 2136 moneta
1241 2094 1366 2147 aliqua
1395 2095 1609 2136 communis
1640 2096 1838 2148 omnibus,
1861 2093 1884 2138 ὲ
1904 2102 2050 2152 pretio..

240 2163 281 2202 so
301 2161 339 2202 &
364 2171 449 2200 raro
465 2158 624 2199 metallo
645 2156 826 2202 conflata,

1793 2264 2050 2278 ————s

258 2354 261 2357 .
336 2327 395 2374 (a)
420 2330 460 2361 In
479 2321 753 2376 fhpervacaneis
766 2321 868 2361 rebus
882 2322 953 2373 noli
962 2315 1126 2369 firmari
1150 2320 1410 2374 multipliciter,
1435 2322 1530 2360 Eccl.
1552 2336 1583 2371 3.
1603 2336 1665 2371 24.
1715 2324 1777 2370 (b)
1801 2327 1879 2374 Sap.
1903 2338 1933 2363 c.
1958 2333 1991 2368 8.
2012 2340 2044 2373 5.

243 2383 279 2420 &
305 2384 340 2417 6.
394 2380 452 2426 (c)
478 2380 523 2413 Et
542 2374 745 2428 diſj'vutavit
772 2375 878 2429 st'cper
911 2375 1019 2429 lignis
1037 2373 1063 2411 d
1082 2373 1179 2414 cedro
1208 2383 1277 2428 quae
1293 2371 1392 2426 estin
1406 2372 1539 2412 Libano
1556 2402 1565 2417 ,
1589 2385 1694 2427 usque
1705 2375 1758 2415 ad
1767 2375 1952 2430 hyffbpmm
1978 2392 2048 2432 quae

241 2431 423 2488 egreditur
444 2428 488 2469 de
504 2430 656 2483 pariete.
714 2443 745 2476 3.
763 2431 855 2479 Reg.
883 2442 920 2478 4.
953 2441 1010 2476 33.
1694 2433 1696 2436 ’

1819 3095 2042 3167 SYM-
