2132 3730
242 240 330 289 246
678 228 1026 272 DJDACJ
1079 227 1613 271 SAAVEDRAE

240 293 1268 310 ffl———Q

239 322 348 374 patio
362 352 373 369 ‚
404 331 479 372 qua
501 326 653 366 tempus
683 312 911 365 perderetur
932 310 1177 352 necessarium
1196 324 1267 363 pro
1290 314 1455 366 negotiis
1478 316 1645 364 politicis
1659 344 1672 363 ‚
1703 315 1740 354 δε
1761 309 2050 353 administranda
2111 338 2113 348 Α

237 381 455 433 Republica
473 406 486 424 ‚
517 374 692 425 quamvis
713 372 891 413 Tiberius
928 372 1006 425 (a)
1034 384 1092 412 nec
1109 371 1265 412 Parrum
1282 375 1320 413 in
1338 373 1481 413 Senatu
1504 374 1743 426 cognitionibus
1754 371 1932 425 satiatus,
1953 369 2052 425 judi-
2113 386 2114 389 ¹

236 443 300 481 ciis
325 437 496 492 aassdebat
510 437 546 474 in
571 446 675 474 cornu
692 433 889 473 tribunalis.
951 433 1038 472 Rex
1057 430 1088 471 F
1089 431 1318 473 erdinandus
1340 433 1500 473 Sanetus
1518 446 1649 474 coram
1664 435 1702 473 in
1716 433 1866 484 judiciis
1887 430 2051 483 praesens
2112 461 2114 466 ,

237 500 395 546 aderat,
425 494 604 535 audiebat
625 523 638 543 ,
670 492 708 532 δε
730 491 966 533 defendebat
991 503 1181 544 pauperes
1199 521 1211 541 ,
1241 492 1278 532 δι
1297 493 1567 534 imbecilliores
1582 492 1787 533 adversum
1805 491 2050 543 potentiores

237 559 444 599 tutabatur.
504 554 592 594 Rex
618 553 838 605 Alphonsus
868 553 1027 605 Sapiens
1055 550 1241 600 instituit,
1271 562 1314 592 ut
1348 553 1437 592 Rex
1467 553 1546 604 ipse
1569 554 1773 594 viduarum
1800 552 1838 592 &
1858 550 2054 603 orphano·
2112 580 2113 583 ,

235 630 320 658 rum
339 614 465 656 causas
481 613 705 666 judicandas
729 612 797 653 fibi
821 612 1007 659 sumeret,
1027 621 1162 665 perque
1187 623 1327 664 inaguer
1344 612 1374 652 el
1394 613 1474 664 Rey
1504 625 1540 652 es
1561 613 1682 653 tenudo
1707 613 1747 653 de
1774 610 1937 665 guardar
1959 608 2053 652 todos
2112 611 2113 615 ’

233 678 282 719 los
301 676 341 716 de
346 673 391 726 su
405 677 518 716 tierra
528 670 801 725 stenaladamente
822 673 851 714 lo
874 673 953 713 debe
960 670 1072 723 fazer
1088 673 1112 711 (i
1129 669 1213 724 astos
1228 702 1242 721 ,
1277 679 1412 726 porque
1439 669 1493 720 fim
1514 672 1565 725 ast
1578 704 1591 722 ,
1621 686 1706 713 como
1738 671 1779 711 de
1792 668 2014 722 st’mparados
2032 701 2045 719 ,

231 751 252 777 e
273 749 349 776 mas
356 735 414 789 fin
440 730 558 788 consej0
572 765 585 783 ‚
615 748 680 787 que
695 733 742 773 los
765 742 870 773 οἰνος.
930 732 1103 790 Quoniam
1133 732 1208 771 licet
1230 744 1339 771 onmes
1367 734 1493 772 omnino
1511 762 1524 782 ‚
1555 733 1680 786 quibus
1691 728 1823 783 praeest
1842 761 1855 778 ,
1887 730 1979 769 tueri
2011 742 2054 769 ac
2112 728 2113 737 ¹

231 793 411 847 defendere
440 794 490 835 ad
516 806 625 846 regem
641 790 798 845 speeiem
828 794 882 833 his
911 799 1022 833 tamea
1036 791 1241 845 singularem
1262 800 1346 843 prae
1369 794 1504 832 caeteris
1532 801 1622 844 qvem
1649 806 1690 832 ac
1704 788 1902 844 praesidium
1926 787 2023 828 debet
2040 821 2054 839 ‚
2112 823 2113 831 ,

231 857 269 897 εὐ
282 855 374 911 qued
386 855 431 895 ab
447 854 596 895 omnihus
615 854 692 893 aliis
702 851 825 904 defferri
837 855 944 905 magis
957 883 969 902 ‚
999 865 1039 891 czc
1055 850 1176 903 coufilz'i
1190 858 1347 902 expertes
1360 851 1447 903 ssat.
1509 851 1705 892 Salomoni
1729 851 1913 902 insignem
1933 860 2055 900 pepe-
2112 864 2113 877 π

231 917 281 957 rit
301 915 567 956 auctoritatem
589 925 767 965 magnum
785 912 865 963 ejus
888 912 1073 963 judicium
1091 942 1102 959 ,
1125 923 1204 963 quo
1227 914 1354 950 causas
1388 910 1464 963 (b)
1487 910 1691 952 decidebat
1711 926 1720 951 ε
1752 910 1790 951 &
1810 908 2051 959 israelitatae,
2112 911 2114 942 ἓ

230 976 382 1029 Regem
410 972 654 1027 postulabant
674 1002 687 1022 ,
718 973 783 1024 qui
803 970 899 1012 ficut
921 971 1024 1024 apud
1046 970 1134 1011 alias
1155 970 1351 1011 Nationes
1369 980 1570 1023 receptum
1602 984 1681 1012 erat
1708 1003 1720 1020 ,
1747 971 1809 1021 Jus
1831 971 1876 1009 iis
1897 967 1967 1022 (c)
1997 969 2053 1009 di·
2112 973 2113 1018 j

231 1046 351 1080 ceret.
413 1032 503 1073 Sola
530 1033 714 1085 Principis
727 1033 924 1084 praesentia
950 1033 1077 1071 bonos
1096 1032 1210 1071 efficit
1235 1030 1311 1085 (d)
1326 1030 1481 1084 Judices
1494 1061 1507 1080 ‚
1539 1032 1575 1071 &
1596 1031 1671 1071 sola
1689 1030 1860 1082 ejusdem
1881 1027 2052 1081 potestas
2112 1044 2113 1052 ¹

229 1095 458 1136 infirmiores
476 1094 575 1133 tueri
603 1089 667 1148 (e)
682 1090 821 1145 potest.
885 1093 1080 1143 Praecipua
1097 1091 1204 1130 causa
1222 1121 1234 1140 ‚
1266 1103 1333 1131 cur
1349 1091 1460 1134 Deus
1484 1090 1682 1132 Davidem
1700 1093 1739 1132 in
1760 1091 1909 1141 Regem
1929 1090 2054 1141 elege-
2112 1100 2113 1124 l

228 1157 305 1205 rit,
333 1156 395 1195 illa
417 1151 518 1200 fuit,
547 1152 657 1205 quod
684 1155 749 1204 qui
769 1153 942 1193 oviculas
960 1152 1041 1192 suas
1061 1151 1242 1190 dentibus
1271 1163 1316 1190 ac
1332 1152 1523 1206 unguibus
1542 1150 1688 1192 Leonis
1716 1148 1928 1203 eripuiffet‚
1951 1150 2052 1195 opti·
2112 1172 2113 1181 η

227 1214 293 1257 me
315 1211 438 1256 noffet
458 1224 649 1267 pauperes
675 1211 882 1252 adversum
909 1211 937 1266 ζ
935 1209 995 1267 f)
1015 1212 1258 1262 potentiores
1282 1210 1507 1251 defendere.
1569 1211 1664 1252 Tam
1695 1220 1800 1265 grata
1824 1209 1862 1249 ἃ
1890 1218 2052 1260 accepta
2111 1201 2114 1229 ³

226 1274 322 1316 Deo
339 1274 395 1315 est
413 1273 479 1315 ista
497 1285 587 1313 cura
603 1303 616 1322 ,
645 1282 688 1313 ut
714 1282 876 1325 propter
894 1284 978 1312 eam
1005 1273 1119 1311 solam
1144 1270 1408 1323 adpromiserit
1429 1272 1593 1324 Principi
1618 1302 1631 1322 ‚
1662 1271 1880 1312 deleturum
1907 1268 1945 1309 se
1965 1270 2053 1308 reli·
2096 1267 2114 1319 ‘g

228 1348 304 1388 qua
342 1334 422 1386 ejus
445 1342 607 1387 peccata
630 1363 644 1383 ,
674 1333 711 1374 &
732 1344 854 1384 usque
874 1332 922 1372 ad
954 1331 1162 1372 candorem
1183 1332 1282 1371 nivis
1301 1343 1390 1371 eum
1407 1330 1478 1386 (g)
1503 1332 1812 1372 emundaturum.
1918 1329 2054 1381 Quare
2111 1322 2113 1391 ᾖ

226 1395 379 1436 diffiteri
409 1407 487 1434 non
503 1393 654 1446 poss'um
670 1423 684 1444 ‚
712 1394 813 1432 hanc
831 1393 1062 1444 praecipuam
1082 1390 1158 1431 effe
1173 1400 1324 1442 partem
1344 1392 1512 1430 muneris
1535 1391 1648 1444 Regii
1673 1422 1683 1440 ,
1715 1392 1778 1431 cui
1798 1400 1926 1430 tamen
1948 1389 2051 1429 satis·
2112 1423 2114 1426 ,

226 1454 311 1496 fieri
331 1464 431 1507 puto
444 1485 457 1504 ‚
486 1453 514 1493 fi
530 1454 657 1493 bonos
674 1451 828 1503 Justitiae
845 1450 1044 1491 Ministros
1064 1452 1197 1503 eligat,
1227 1449 1479 1502 attendatque
1498 1450 1638 1490 deinde
1657 1451 1813 1498 sedulo,
1845 1449 2050 1500 quomodo
2110 1472 2113 1477 x

225 1526 366 1556 munus
389 1513 497 1554 suum
514 1511 572 1553 isti
594 1514 805 1564 impleant3
836 1521 1017 1551 caeterum
1038 1511 1195 1549 sufficiet
1220 1541 1232 1557 ,
1264 1509 1371 1561 quod
1397 1509 1556 1548 subinde
1586 1511 1625 1548 in
1656 1511 1784 1549 caussis
1809 1509 2051 1560 gravioribus
2110 1520 2112 1563 :3

225 1575 461 1628 (graviores
489 1582 617 1612 autem
647 1584 775 1620 voco,
803 1584 887 1622 quae
913 1570 933 1610 a
955 1571 1130 1621 potentia
1143 1568 1298 1620 possunt
1324 1567 1533 1621 opprimi)
1563 1569 1744 1622 suffragiis
1772 1568 1940 1608 ferendis
1969 1570 2050 1621 ipse
2110 1566 2112 1609 ἒ

224 1634 371 1674 interfit
387 1663 400 1682 ‚
431 1641 496 1672 aut
523 1630 630 1671 certe
645 1662 656 1679 ,
687 1640 730 1670 ut
750 1629 906 1682 Judices
925 1631 1071 1680 semper
1097 1629 1136 1667 in
1154 1638 1262 1668 metu
1279 1628 1373 1677 sint,
1404 1640 1455 1668 ne
1474 1626 1579 1668 forte
1595 1640 1644 1668 ex
1662 1630 1821 1668 occulto
1840 1630 1967 1679 aliquo
1985 1632 2049 1670 tri·
2079 1667 2090 1674 ,
2110 1646 2111 1649 “

223 1693 373 1733 bunalis
394 1691 487 1731 loco
505 1690 737 1743 singulorum
756 1688 858 1728 dicta
876 1689 913 1728 &
938 1689 1140 1728 sententias
1167 1688 1366 1733 observet.
1426 1688 1470 1727 In
1491 1700 1580 1729 eum
1600 1687 1717 1728 finem
1742 1687 1896 1740 Judices
1911 1701 2049 1730 omnes
2110 1679 2111 1682 Ἴ

222 1752 387 1794 Madriti
406 1750 603 1791 versantur
623 1751 662 1790 in
676 1749 822 1789 Palatio
843 1749 970 1801 Regio
989 1778 1002 1796 ,
1033 1748 1070 1787 &
1100 1749 1137 1787 in
1160 1749 1252 1788 aulis
1272 1778 1285 1797 ‚
1315 1748 1382 1787 ubi
1404 1747 1547 1798 judicia
1577 1759 1809 1789 exercentur
1829 1777 1843 1799 ,
1871 1748 2048 1789 fenestrae
2110 1750 2111 1795 i

222 1813 309 1853 sunt
331 1842 344 1862 ,
372 1824 443 1863 per
471 1822 564 1864 quas
587 1809 650 1850 sua
679 1807 861 1861 Majestas
890 1808 1038 1848 secreto
1074 1809 1170 1848 solet
1196 1807 1425 1849 attendere:
1455 1809 1617 1862 perinde
1642 1819 1686 1849 ut
1714 1809 1818 1861 apud
1857 1807 2050 1863 Magnum
2109 1812 2111 1822 ²

222 1871 436 1913 Turcarum
454 1871 732 1923 Imperatorem
751 1871 789 1909 in
804 1878 913 1909 certo
932 1870 1022 1907 loco
1039 1868 1191 1919 judiciis
1208 1868 1398 1920 deputato
1427 1867 1454 1916 (
1471 1880 1587 1921 quem
1608 1869 1678 1921 ipsi
1704 1869 1836 1911 Divan
1861 1880 2007 1910 vocant
2022 1869 2049 1925 )

223 1932 307 1973 fieri
326 1930 482 1980 assolet,
513 1931 581 1969 ubi
596 1928 750 1980 Judices
772 1928 822 1968 de
837 1929 1001 1982 negotiis
1024 1926 1234 1967 conferunt
1258 1957 1270 1976 ‚
1302 1928 1456 1979 quoties
1478 1933 1529 1967 ita
1556 1929 1711 1969 videtur
1734 1929 1781 1969 ab
1809 1930 1893 1982 ipso
1926 1929 2048 1971 audiri
2109 1956 2110 1969 i

222 1990 379 2046 possunt
398 2002 467 2042 per
491 1987 695 2029 fenestram
715 1988 905 2039 quandam
940 1987 1155 2027 holoserico
1174 1988 1291 2026 rubro
1314 1997 1554 2037 coopertam.

377 2049 413 2101 §.
444 2050 577 2101 Atque
590 2049 787 2088 harmonia
806 2047 871 2087 ista
887 2046 1079 2099 horologii
1104 2075 1115 2095 ‚
1147 2047 1185 2086 &
1219 2047 1429 2086 concordia
1461 2055 1596 2086 mutua
1620 2047 1833 2087 rotularum
1867 2059 1955 2087 cum
1988 2049 2045 2089 in·
2108 2042 2110 2082 ἕ

222 2110 311 2152 dice
347 2110 542 2150 exteriore
560 2139 574 2158 ‚
605 2109 669 2160 qui
691 2108 804 2147 horas
827 2106 996 2159 dess'ignat
1013 2136 1024 2154 ‚
1053 2106 1155 2145 haud
1179 2105 1340 2145 obscure
1373 2107 1500 2145 elucet
1530 2108 1645 2145 etiam
1668 2106 1707 2144 in
1731 2108 1914 2159 regimine
1943 2107 2041 2148 Mo·-
2108 2105 2110 2119 '

223 2171 388 2213 narchiae
407 2168 624 2221 Hispanicae
646 2178 722 2207 tam
751 2169 853 2207 bene
872 2167 1043 2206 instituto
1061 2197 1073 2213 .,
1106 2176 1147 2204 ut
1175 2166 1310 2217 Regna
1334 2164 1372 2204 δε
1393 2164 1641 2213 Provincias,
1671 2177 1765 2215 quas
1789 2165 1940 2206 Natura
1967 2167 2045 2208 late.
2108 2187 2110 2221 ss

222 2231 384 2282 sejunxit
409 2259 422 2279 ‚
456 2228 662 2270 Prudentia
690 2230 787 2267 inter
813 2229 850 2266 le
869 2228 985 2266 uniat.
1047 2224 1195 2265 Omnes
1212 2226 1406 2277 peculiare
1433 2224 1645 2265 Consilium
1681 2223 1842 2266 Madriti
1866 2226 2013 2267 habent
2030 2240 2043 2267 ε
2108 2229 2109 2281 J
2131 2214 2132 2257 Ῐ

224 2293 277 2332 ibi
295 2289 480 2342 fiquidem
502 2288 556 2329 est
574 2287 785 2328 Consilium
812 2287 938 2339 Regni
965 2282 1136 2326 Castellae
1154 2315 1167 2333 .,
1195 2286 1397 2337 Aragoniae
1412 2314 1424 2333 ,
1454 2284 1656 2325 Lusitaniae
1675 2314 1688 2333 ‚
1723 2285 1897 2326 Italicum
1912 2317 1925 2337 ,
1955 2287 2042 2328 Bel-
2130 2318 2132 2332 Α

224 2353 351 2405 gicum
368 2379 382 2399 ‚
413 2349 450 2388 δι
466 2348 659 2388 Indiarum
677 2378 689 2397 ‚
719 2348 858 2398 quibus
882 2359 979 2387 unus
998 2346 1131 2397 aliquis
1147 2345 1334 2397 praesidet.
1394 2344 1437 2384 ln
1464 2346 1508 2385 iis
1531 2346 1568 2386 in
1590 2345 1909 2391 deliberationem
1934 2349 2043 2388 veni-

224 2421 294 2451 unt
310 2410 465 2461 negotia
483 2410 611 2448 omnia
629 2408 692 2447 seu
715 2406 865 2458 justitiae
890 2436 902 2455 ‚
933 2408 995 2446 seu
1028 2407 1154 2457 gratiae
1173 2434 1185 2453 .,
1217 2416 1300 2456 quae
1328 2403 1377 2443 ad
1407 2404 1715 2457 unumquodque
1739 2405 1944 2458 Regnum,
1976 2408 2042 2449 seu

222 2470 468 2511 Provinciam
486 2468 693 2519 pertinent.
752 2467 885 2518 Atque
901 2465 976 2507 istae
1001 2465 1297 2504 consultationes
1324 2464 1371 2503 ad
1391 2463 1515 2516 ipsum
1534 2466 1681 2519 Regem
1707 2468 1955 2518 perveniunt,
1975 2468 2042 2519 qui

224 2529 318 2570 illud
338 2528 493 2568 tandem
515 2525 643 2567 statuit
667 2557 679 2575 ,
709 2527 816 2577 quod
842 2524 1009 2566 maxime
1040 2525 1225 2576 expedire
1243 2524 1473 2577 judicaverit
1492 2554 1505 2573 ‚
1536 2523 1582 2566 ea
1613 2526 1790 2574 ratione,
1823 2536 1865 2566 ut
1885 2527 2041 2568 consilia
2107 2530 2109 2561 ,l

226 2591 349 2630 veluti
375 2598 471 2628 rotae
489 2587 560 2628 sint
582 2617 595 2637 ,
624 2586 688 2628 sua
718 2585 900 2638 Majestas
943 2586 1040 2626 vero
1063 2586 1215 2632 index3
1245 2594 1310 2624 aut
1339 2586 1398 2625 illa
1433 2585 1504 2626 sint
1539 2587 1647 2626 nervi
1675 2586 1797 2638 optici
1840 2598 1910 2638 per
1939 2600 2041 2638 quos
2106 2592 2132 2638 ,³2

224 2648 387 2690 visuales
408 2649 552 2700 species
572 2647 878 2687 transmittuntur
910 2646 956 2686 ad
994 2646 1194 2686 cerebrum
1217 2657 1230 2693 ς
1261 2645 1348 2685 Rex
1381 2644 1479 2686 vero
1512 2645 1622 2687 instar
1640 2646 1763 2686 sensus
1785 2649 2001 2687 communis
2025 2678 2039 2698 ,
2106 2677 2108 2697 ÷
2130 2673 2132 2698 2

225 2712 292 2762 qui
308 2711 387 2749 illas
407 2708 583 2748 discernit
607 2720 652 2747 ac
673 2708 840 2759 percipit
862 2738 872 2756 ‚
903 2705 1066 2747 ferendo
1092 2705 1143 2746 de
1167 2707 1211 2745 iis
1227 2704 1426 2756 judicium.
1513 2707 1647 2746 Rebus
1671 2708 1782 2759 igitur
1796 2704 2040 2748 Monarchiae
2106 2719 2107 2769 ζ
2130 2741 2132 2760 2

225 2769 279 2810 fic
300 2767 514 2808 constitutis
535 2797 550 2818 ‚
579 2767 618 2808 &
635 2769 708 2808 suae
729 2766 922 2819 Majestati
940 2766 1187 2820 praesentibus
1204 2795 1217 2815 ‚
1247 2763 1350 2807 tanta
1369 2778 1457 2807 cum
1477 2763 1681 2820 prudentia
1701 2766 1739 2807 &
1762 2767 1892 2819 quiete
1906 2779 2040 2807 curan-
2106 2789 2107 2798 κ

1975 2836 2038 2866 tur
2104 2815 2132 2879 y*

325 2947 383 2995 (a)
393 2947 478 2985 Tac.
488 2947 511 2984 l.
521 2951 651 2985 1.Ann.
677 2946 901 2997 (b)Audivit
910 2949 1032 2999 itaque
1041 2948 1151 2984 omnis
1162 2942 1452 2991 Ifiae'ljudicium
1463 2970 1471 2984 ‚
1480 2941 1571 2996 quod
1562 2941 1751 2990 judicasset
1758 2938 1898 2983 Rem&
1909 2942 2038 2978 timue·
2104 2944 2106 2996 j

226 3009 314 3038 runt
332 3004 455 3051 Regem
477 3026 486 3039 ‚
510 2998 673 3037 videntes
692 3000 910 3054 sapientiam
931 3002 999 3036 Dei
1018 2998 1077 3047 effi>
1097 3000 1137 3036 in
1161 3011 1196 3034 eo
1226 2996 1278 3034 ad
1290 2994 1502 3047 faciendum
1511 2994 1702 3043 judicium.
1734 3007 1767 3041 3.
1785 2995 1878 3042 Reg.
1910 3007 1941 3042 3.
1971 3002 2035 3038 28·
2104 2997 2106 3015 ³

227 3056 288 3101 (c)
311 3050 481 3106 Constitue
495 3050 590 3088 nobis
606 3058 728 3106 Regem
746 3080 756 3094 ,
781 3062 823 3090 ut
829 3052 969 3101 judicet
986 3065 1046 3089 nos
1058 3079 1068 3092 ‚
1085 3050 1181 3101 ficut
1195 3048 1242 3092 ἄν
1256 3047 1421 3095 universa}
1437 3046 1569 3085 habent
1589 3048 1772 3086 Nationes.
1805 3058 1837 3082 1.
1850 3048 1942 3096 Reg.
1952 3054 1985 3089 8.
2000 3060 2033 3092 5.
2104 3064 2118 3091 ᾗ,

227 3105 290 3150 (d)
310 3110 384 3142 Rex
398 3132 407 3146 ,
431 3102 598 3157 quisedet
612 3104 739 3150 infilio
755 3105 888 3152 judicii
901 3103 1039 3157 diffi'pat
1066 3116 1162 3141 omne
1183 3102 1316 3139 malum
1329 3103 1470 3139 intuitu
1479 3099 1564 3147 sito,
1589 3101 1699 3137 Prov.
1711 3105 1812 3141 20.8.
1866 3101 1927 3143 (e)
1958 3097 2039 3136 ‘nbi

229 3155 415 3195 dereliHus
433 3154 480 3210 cst
499 3166 632 3209 pauper
655 3169 666 3190 .·
691 3156 840 3209 orphano
860 3167 903 3194 tu
927 3160 997 3195 eris
1018 3157 1172 3204 adjutor.
1206 3156 1259 3193 Ps.
1276 3168 1312 3201 9.
1343 3167 1400 3204 14.
1447 3153 1512 3203 (f)
1535 3147 1759 3203 Perftquebar
1786 3163 1839 3187 eos
1855 3176 1864 3192 >
1889 3150 1936 3194 ὠ
1953 3161 2036 3204 per-

227 3207 403 3247 cuciebam
419 3237 429 3251 ,
454 3207 681 3263 eruebamque
696 3209 739 3247 de
751 3223 807 3246 ore
823 3224 950 3248 eorum.
983 3224 1014 3247 1.
1049 3212 1141 3258 Reg„
1171 3220 1229 3254 17.
1253 3222 1311 3256 34.
1364 3211 1426 3257 (g)
1444 3206 1606 3258 Qaerite
1623 3202 1802 3252 judicium
1817 3231 1827 3246 ,
1844 3201 2036 3250 subvenite

228 3260 367 3316 oppkeffi
386 3289 394 3304 ,
409 3262 575 3311 judicate
589 3262 714 3315 pupillo
730 3289 740 3304 ,
764 3262 944 3313 defendite
960 3261 1124 3300 viduam.
1178 3266 1221 3298 Et
1237 3260 1377 3301 venite,
1404 3257 1451 3302 (ῥυ
1465 3258 1610 3311 arguite
1633 3268 1688 3293 me
1702 3281 1712 3300 ,
1736 3255 1826 3297 dicit
1850 3250 2034 3299 Dominus:-

218 3309 412 3367 stfucrint
424 3325 573 3369 peccata
595 3313 717 3369 vestra
728 3341 740 3360 ,
763 3325 806 3354 ut
826 3317 1011 3359 coccinum,
1026 3312 1126 3370 quast
1135 3314 1203 3353 nix
1216 3311 1440 3354 dealbantur,
1462 3312 1525 3351 1sa.
1555 3323 1587 3348 1.
1618 3320 1677 3358 17.
1924 3332 1927 3339 ι
