2132 3730
244 235 329 274 154
680 208 1029 254 DJDACJ
1078 207 1617 252 SAAVEDRAE.

238 304 445 348 Alexandri
476 301 625 340 vultum
648 298 897 334 intuerentur.
958 290 1115 343 Augusti
1137 292 1316 331 serenitas
1342 304 1476 331 manus
1505 292 1606 333 Galli
1633 295 1730 334 illius
1759 294 1955 343 cohibuit,
1985 293 2052 346 qui

237 379 329 407 eum
354 377 402 404 ex
419 360 579 411 Alpibus
603 356 692 394 dare
710 354 870 393 volebat
891 353 1142 405 precipitem.
1204 351 1282 406 (a)
1312 352 1401 392 Rex
1416 350 1615 392 Ordonius
1630 352 1777 394 Primus
1795 353 2053 395 itamodestus

236 427 340 472 suit,
370 435 413 461 ac
441 418 618 458 suavibus
644 414 843 464 moribus,
874 421 917 452 ut
952 411 1191 452 subditorum
1219 413 1366 452 animos
1398 414 1493 452 mire
1526 411 1596 452 fibi
1620 411 1840 455 divinxerit.
1900 414 2053 466 Regem

235 484 430 526 Sandiium
456 477 566 528 hujus
594 476 759 516 nominis
782 473 958 514 Tertium
994 472 1313 525 cognominarunt
1345 467 1640 521 Desideratum,
1670 485 1749 513 non
1779 483 1857 515 tam
1888 474 1941 514 ob
1968 475 2055 514 bre-

234 557 326 585 vem
344 541 422 592 ejus
438 539 580 586 vitam,
610 534 724 587 quam
741 534 1028 587 benignitatem.
1089 532 1271 582 Aragonii
1284 531 1332 571 ad
1357 543 1544 572 coronam
1560 531 1744 573 admisere
1761 532 1952 574 Infantem
1962 533 2053 574 Fer-

234 600 440 645 dinandum
457 598 574 650 Regis
594 595 755 636 Martini
782 593 1008 645 Nepotem,
1040 593 1141 643 capti
1164 591 1348 631 suavitate
1376 603 1551 640 morum,
1583 603 1660 643 qua
1686 594 1912 634 excellebat.
1984 590 2056 647 (b)

235 665 383 704 Comitas
399 657 687 710 &temperantia
708 657 788 695 nulli
802 650 924 704 invisa.
983 652 1081 691 Satis
1103 663 1172 703 per
1190 650 1361 703 seipsam
1385 653 1510 704 gravis
1541 650 1619 701 est,
1646 651 1686 692 δι
1705 652 1837 693 odiosa
1866 653 2055 693 obedien-

231 726 304 770 tia3
336 721 515 772 Princeps
543 717 782 769 asperitatem
794 725 845 753 ne
862 713 998 761 addat,
1027 712 1109 751 haec
1131 712 1233 750 enim
1258 712 1347 750 lima
1374 710 1450 752 effe
1472 710 1591 760 solet,
1621 723 1698 763 qua
1718 713 1872 753 libertas
1903 723 2056 752 natura—

227 783 275 823 lis
298 781 491 822 servitutis
511 787 684 817 catenam
718 773 898 815 dissolvit.
957 772 997 811 Si
1021 771 1215 823 Principes
1232 780 1413 823 tempore
1429 770 1596 812 adversae
1613 770 1781 812 fortunae
1808 773 1992 812 comitate
2014 772 2055 812 δε

224 840 518 883 mansuetudine
542 837 611 878 fibi
629 834 816 875 utendum
839 830 1054 872 existimant
1070 863 1081 880 ,
1112 842 1155 871 ut
1174 832 1277 871 illam
1303 831 1514 883 corrigant,
1544 831 1676 883 quidni
1705 833 1820 872 etiam
1844 841 1999 872 utantur
2019 833 2058 872 in

229 903 434 956 prospera,
464 910 506 938 ut
534 899 633 937 hanc
667 892 926 934 conservent?
957 892 1099 931 Vultus
1121 892 1306 944 Principis
1335 891 1524 943 benignus
1548 891 1662 931 dulce
1690 891 1888 943 quoddam
1914 894 1953 932 in
1980 893 2058 932 ani-

229 975 315 1004 mos
338 961 392 1001 est
415 958 641 1010 imperium,
660 955 698 995 &
719 950 958 994 diffimulatio
984 952 1214 991 dominatus.
1274 949 1305 991 F
1307 951 1451 990 uniculi
1466 950 1613 1000 Adam,
1644 952 1784 1004 quibus
1804 953 1923 994 corda
1939 961 2054 992 attra-

228 1024 268 1063 hi
295 1022 390 1062 dixit
408 1018 527 1059 Oseas
556 1015 624 1070 (c)
657 1015 872 1067 Propheta,
903 1024 1032 1053 mores
1052 1011 1136 1051 sunt
1156 1012 1312 1051 humani
1339 1010 1377 1050 &
1399 1009 1547 1050 suaves.

401 1078 436 1131 ᾗ.
467 1076 715 1130 Benignitatis
736 1074 895 1115 nomine
913 1085 993 1112 non
1021 1072 1085 1111 hic
1103 1083 1187 1111 eam
1213 1069 1386 1123 intelligo
1402 1102 1413 1119 ,
1443 1083 1529 1122 quae
1544 1071 1595 1110 ita
1611 1070 1777 1121 vulgaris
1798 1067 1871 1118 est,
1901 1079 1945 1110 ut
1961 1082 2056 1110 con—

227 1148 418 1192 temptum
441 1140 563 1191 pariat
578 1167 590 1186 ,
619 1135 686 1176 sed
708 1147 793 1187 quae
812 1133 1000 1187 gravitate
1021 1131 1206 1184 quadam,
1240 1131 1278 1170 &
1303 1128 1533 1170 auctoritate
1550 1131 1602 1170 ita
1617 1130 1784 1170 suaviter
1805 1128 1961 1169 condita
1988 1128 2058 1180 est,

225 1212 270 1240 ut
293 1201 414 1239 amori
434 1200 472 1238 in
487 1196 639 1238 subdito
660 1197 770 1236 locus
794 1194 841 1233 sit
855 1223 867 1243 ,
898 1191 1034 1245 stipata
1065 1200 1195 1231 tamen
1221 1190 1440 1230 reverentia
1460 1190 1498 1230 &
1517 1191 1791 1230 veneratione:
1821 1200 1911 1229 nam
1932 1189 1961 1229 fi
1975 1190 2058 1229 haec

227 1261 346 1307 defit,
376 1271 484 1299 amor
502 1257 614 1298 facile
632 1258 671 1296 in
691 1255 847 1296 nimiam
869 1254 1033 1293 vertitur
1052 1250 1368 1300 familiaritatem,
1399 1249 1437 1289 &
1465 1251 1686 1303 aequitatem
1702 1247 1872 1294 affeetat,
1932 1248 2057 1302 Quod

227 1321 257 1362 fi
283 1319 375 1360 illud
395 1317 606 1370 Majestatis
627 1312 708 1372 (d)
732 1311 933 1368 augustum
951 1324 1033 1353 non
1058 1311 1310 1352 conservetur
1328 1340 1339 1359 ‚
1370 1310 1465 1349 nihil
1487 1313 1587 1349 inter
1624 1308 1842 1361 Principem
1864 1308 1904 1348 &
1930 1308 2056 1349 subdi»

226 1390 310 1421 tum
335 1379 506 1419 intererit
532 1376 765 1417 discriminis.
825 1372 1000 1425 Oportet
1020 1373 1156 1424 igitur,
1187 1379 1230 1410 ut
1268 1369 1306 1409 &
1327 1368 1504 1421 personoe
1525 1370 1651 1408 cultus
1682 1366 1711 1420 ζ
1725 1367 2058 1419 quemadmodum

226 1441 314 1481 alibi
343 1435 540 1493 diximus)
569 1442 607 1478 δε
638 1436 760 1475 comis
799 1434 964 1487 gravitas
994 1432 1135 1483 regiam
1171 1429 1396 1483 dignitatem
1432 1427 1663 1469 sustineant:
1694 1439 1823 1478 neque
1849 1439 1934 1468 eam
1983 1440 2060 1480 ego

227 1501 395 1554 probare
415 1495 587 1550 possum,
616 1495 645 1535 fi
672 1496 852 1547 princeps
870 1493 922 1532 ita
947 1491 984 1532 se
1000 1490 1222 1530 familiarem
1248 1488 1364 1529 faciat
1391 1489 1592 1536 omnibus,
1622 1496 1667 1526 ut
1696 1485 1745 1525 de
1769 1488 1836 1525 illo
1869 1487 1945 1525 dici
1974 1487 2063 1539 pos.

224 1561 293 1608 sit,
323 1557 430 1611 quod
449 1557 498 1597 de
518 1553 618 1608 Julio
634 1554 839 1606 Agricola,
870 1553 934 1603 qui
957 1560 1037 1591 erat
1062 1548 1130 1603 (e)
1161 1549 1255 1589 cultu
1281 1546 1449 1596 modicus,
1467 1543 1620 1597 sermone
1638 1543 1788 1597 facilis,
1817 1544 1900 1586 adeo
1923 1553 1965 1586 ut
1980 1546 2057 1599 ple-

224 1623 344 1672 rique,
374 1617 497 1670 quibus
513 1627 650 1666 magnos
673 1616 772 1653 viros
786 1620 856 1663 per
875 1610 1089 1650 ambitionem
1117 1607 1288 1661 aestimare
1316 1619 1384 1647 mos
1404 1605 1451 1659 est
1463 1637 1477 1656 ,
1505 1601 1576 1656 ὀὔὸ
1595 1602 1789 1661 aspet't'oque
1821 1608 1873 1646 illo
1887 1637 1901 1656 ,
1929 1619 2062 1659 quaere-

223 1686 306 1720 rent
317 1675 478 1727 famam,
502 1676 607 1725 pauci
627 1674 960 1722 interpretarentur.
1021 1667 1130 1708 Nam
1149 1668 1256 1718 quod
1273 1666 1431 1719 vulgare
1449 1664 1506 1706 est
1528 1664 1568 1706 &
1583 1677 1813 1714 commune,
1831 1666 1959 1706 mirari
1991 1677 2059 1706 ne-

221 1750 290 1780 mo
316 1738 433 1782 solet3
464 1746 514 1773 ex
534 1732 786 1771 admiratione
808 1739 937 1768 autern
969 1728 1188 1767 reverentia
1202 1727 1377 1766 nascitur.
1440 1726 1581 1777 Aliqua
1599 1726 1725 1779 gravis
1737 1725 1919 1765 severitas
1941 1737 2061 1778 opor-

222 1808 282 1839 tet
308 1807 351 1837 ut
375 1795 397 1836 e
422 1794 606 1845 Principis
627 1802 696 1831 ore
722 1791 880 1837 emicet,
912 1788 949 1828 δε
966 1787 1310 1827 extraordinarium
1329 1785 1472 1838 aliquid
1508 1787 1546 1826 in
1568 1796 1652 1826 tota
1669 1787 1844 1838 corporis
1865 1785 2057 1826 habitudi-

225 1871 298 1907 ne,
330 1857 368 1896 &
383 1852 526 1896 incess‘u
548 1853 695 1904 Regio,
726 1862 811 1900 quae
832 1849 1017 1899 supremae
1042 1846 1243 1898 potestatis
1259 1845 1443 1886 indicium
1460 1845 1526 1892 fit3
1557 1847 1760 1886 severitate
1775 1855 1904 1885 tamen
1918 1845 1957 1886 &
1978 1847 2059 1886 sua-

223 1920 346 1959 vitate
361 1917 413 1955 ita
428 1915 728 1962 contemperatis
749 1910 848 1947 inter
867 1909 905 1946 se
919 1936 931 1955 ,
963 1916 1006 1945 ut
1030 1917 1202 1945 amorem
1219 1905 1257 1944 &
1277 1906 1572 1943 venerationem
1589 1934 1601 1952 ,
1631 1917 1711 1944 non
1738 1914 1887 1945 metum
1912 1907 1951 1944 in
1974 1905 2058 1944 sub-

225 1978 313 2019 ditis
335 1971 418 2029 (f)
450 1971 672 2012 concilient.
734 1965 881 2017 Saepius
901 1967 939 2005 in
967 1964 1094 2004 Gallia
1119 1963 1264 2003 ferrum
1288 1962 1470 2002 audacius
1490 1963 1609 2002 saeviit
1634 1965 1672 2003 in
1700 1963 1946 2013 Majestatem
1980 1965 2059 2004 Re-

224 2040 324 2092 giam
346 2031 445 2075 ultra
467 2043 581 2084 quarn
610 2040 679 2081 par
701 2035 782 2067 erat
814 2025 1053 2065 familiarem.
1140 2023 1290 2069 Neque
1321 2021 1521 2057 affabilitas
1550 2022 1820 2062 auctoritatem
1850 2022 2058 2073 diminuat,

224 2107 354 2149 neque
381 2104 553 2132 amorem
576 2088 649 2142 (g)
675 2087 878 2132 severitas,
907 2083 947 2124 id
965 2080 1073 2134 quod
1099 2081 1138 2119 in
1168 2078 1350 2130 Agricola
1378 2075 1584 2115 admiratus
1611 2077 1686 2117 fuit
1715 2081 1917 2122 Cornelius
1946 2082 2056 2123 Taci-

224 2168 287 2198 tus
301 2187 313 2205 ,
345 2154 383 2194 &
408 2148 644 2192 collaudavit
664 2147 744 2186 hoc
762 2145 921 2184 nomine
936 2141 1070 2180 Titum
1097 2139 1396 2190 Imperatorem,
1426 2137 1491 2186 qui
1514 2135 1590 2190 (h)
1616 2134 1768 2191 utsuper
1780 2138 1969 2191 fortunam
1986 2156 2060 2182 m,

227 2218 391 2264 deretur,
421 2210 576 2252 decorum
586 2204 625 2259 se
634 2212 899 2259 promtumque
916 2202 1024 2242 armis
1046 2196 1258 2249 ostentabat,
1287 2197 1442 2237 comitate
1463 2194 1516 2240 &³
1537 2200 1691 2251 alloquiis
1709 2198 1817 2253 officia
1835 2209 2059 2253 provocans,

224 2292 266 2319 ac
285 2277 487 2330 plerumque
505 2272 542 2311 in
570 2276 687 2320 opere,
716 2267 754 2305 in
778 2265 912 2317 agmine
935 2261 1096 2315 gregario
1129 2258 1230 2300 minti
1258 2259 1409 2306 mixtus,
1438 2257 1633 2309 incorrupto
1661 2256 1777 2300 Ducis
1800 2260 1932 2301 honore.
1991 2261 2056 2303 Eo

227 2336 352 2380 modo
374 2334 553 2382 Princeps
570 2333 784 2379 componat
798 2324 972 2371 vultum,
1004 2328 1048 2360 ut
1064 2317 1255 2360 servando
1269 2315 1535 2358 auctoritatem
1550 2318 1580 2357 is
1594 2317 1750 2360 alliciat:
1780 2328 1824 2358 ut
1847 2322 1973 2374 gravis
1991 2321 2051 2369 via,

228 2399 385 2442 deatur,
414 2403 495 2431 non
513 2389 619 2441 asper
641 2387 823 2432 nimiunn
852 2393 896 2423 ut
918 2383 1066 2422 animos
1084 2380 1224 2433 erigat,
1255 2390 1337 2419 non
1352 2376 1400 2417 ad
1415 2376 1720 2430 desperationem
1751 2378 1937 2430 adducat,
1972 2382 2051 2421 sua-

230 2459 331 2497 viter
353 2453 500 2504 semper
530 2449 568 2490 &
600 2447 744 2488 decore
769 2443 966 2484 subridens
990 2441 1291 2493 aliquantulum,
1319 2449 1408 2478 cum
1428 2438 1558 2478 verbis
1585 2438 1785 2492 benignis,
1816 2439 1853 2480 &
1883 2443 2054 2492 graviter

228 2513 415 2571 gratiosis,
478 2510 601 2557 Sunt,
634 2508 699 2559 qui
716 2505 911 2557 Principes
929 2501 967 2542 se
987 2513 1069 2542 non
1083 2499 1264 2550 credant,
1294 2498 1364 2540 nifi
1377 2509 1505 2538 mores
1522 2498 1709 2552 quosdam
1728 2500 1950 2540 inconditos
1974 2514 2055 2553 prae

230 2578 269 2618 se
292 2575 438 2621 ferant,
469 2579 516 2611 ut*
537 2569 777 2621 asperitatem
795 2567 834 2605 in
857 2563 1006 2611 verbis,
1029 2563 1069 2602 in
1098 2560 1249 2609 fronte,
1279 2559 1317 2600 &
1344 2568 1456 2598 motu
1488 2561 1681 2612 corporiS,
1712 2572 1852 2612 praeter
1879 2573 2056 2601 commu.

231 2648 322 2678 nem
339 2636 500 2674 aliorum
516 2629 718 2670 hominum
739 2621 1082 2670 consuetudinem,
1113 2620 1274 2673 perinde
1295 2631 1341 2660 ac
1362 2616 1518 2658 fidstores
1540 2620 1725 2671 imperiti,
1755 2621 1820 2672 qui
1851 2619 2056 2662 artificium

233 2697 272 2737 &
288 2692 571 2748 perfectionem
585 2686 727 2727 Coloffi
747 2687 787 2726 in
812 2696 863 2724 eo
894 2680 1110 2738 existimant
1128 2679 1353 2727 consistere,
1381 2686 1424 2718 ut
1443 2679 1611 2718 maxillas
1637 2679 1777 2720 habeat
1801 2679 1970 2730 inflatas,
2000 2681 2053 2720 la-

232 2757 297 2798 bia
317 2752 545 2797 eminentia,
574 2747 785 2802 pendentia
803 2743 1020 2798 supercilia,
1050 2739 1223 2782 inversos
1239 2739 1277 2779 δι
1291 2747 1495 2779 contortos
1517 2740 1667 2780 oculos.

1975 2867 2053 2925 (a)

337 2978 395 3024 (a)
418 2976 510 3011 Mar.
526 2974 616 3010 Hist.
633 2973 731 3023 Hisp.
750 2971 811 3009 lib.
831 2983 867 3017 7.
890 2983 921 3008 c.
945 2975 1001 3011 16·
1058 2969 1124 3015 (b)
1149 2968 1235 3004 Tac.
1251 2965 1313 3003 lib.
1347 2977 1402 3002 11.
1425 2965 1556 3002 Annal.
1612 2969 1671 3014 (c)
1694 2968 1734 3001 In
1738 2960 1917 3014 funiculis
1930 2962 2053 3002 Adam

239 3027 390 3070 traham
408 3040 478 3068 eos,
506 3028 545 3062 in
558 3025 712 3062 vinculis
733 3021 941 3061 charitatis.
971 3022 1055 3060 Ose.
1076 3033 1107 3058 c.
1130 3032 1142 3056 1
1157 3033 1186 3057 ι.
1209 3033 1247 3069 4.
1297 3019 1362 3066 (d)
1392 3019 1546 3055 Comitas
1561 3016 1677 3070 facile
1698 3012 1865 3067 faustum
1880 3028 1976 3052 omne
1992 3026 2052 3054 at-

239 3084 344 3123 terit,
372 3078 418 3124 &
438 3077 484 3117 'in
494 3076 684 3130 familiari
709 3075 947 3121 conficetudine
972 3074 1056 3127 aegri’
1086 3069 1254 3125 custodias
1278 3070 1364 3109 iffud
1398 3070 1562 3123 opinionis
1585 3066 1781 3122 augustum.
1810 3069 1898 3105 Her.
1923 3068 1985 3105 lib.
2017 3081 2048 3107 1.

242 3140 301 3179 (e)
327 3136 415 3173 Tac.
434 3132 472 3170 in
486 3131 554 3169 vit.
579 3134 668 3180 Agr.
723 3128 789 3177 (f)
817 3133 862 3166 Et
881 3127 1003 3166 videri
1016 3125 1104 3164 veae
1117 3138 1183 3161 non
1203 3122 1360 3178 asperum
1372 3152 1380 3165 ,
1403 3122 1471 3171 sed
1486 3135 1562 3159 cum
1576 3122 1775 3175 gravitate
1786 3117 1975 3173 honestum,
2003 3119 2050 3164 ἅ-

243 3187 372 3227 talem,
400 3196 442 3223 ut
463 3198 541 3221 eum
560 3196 624 3220 non
654 3183 809 3219 timeant
836 3179 958 3222 obvii,
975 3179 1040 3227 sed
1057 3178 1173 3231 magis
1192 3187 1438 3215 revereantur.
1466 3174 1576 3213 Arist.
1601 3172 1680 3212 Pol.
1706 3173 1728 3213 l.
1762 3185 1791 3219 5.
1818 3186 1837 3210 c
1880 3186 1938 3210 11.
1990 3177 2054 3225 (g)

246 3246 317 3279 Nec
332 3239 400 3278 illi,
421 3237 511 3291 quod
530 3233 741 3287 rarissimum
756 3231 819 3278 est,
850 3243 916 3270 aut
931 3230 1103 3285 facilitas
1123 3231 1379 3269 auctoritatem
1402 3238 1470 3265 aut
1486 3225 1669 3275 ftveritas
1689 3238 1843 3266 amorem
1865 3225 2047 3265 diminuit.

247 3295 334 3331 Tac.
353 3291 390 3328 in
410 3291 485 3328 vita
501 3289 625 3340 Agric.
678 3289 740 3336 (h)
765 3288 852 3322 Tac.
873 3285 935 3323 lib.
961 3298 993 3333 5.
1017 3283 1109 3322 Hist.
