2132 3730
261 248 347 288 204
751 230 1678 276 DJDACJSAAVEDRAE

259 319 312 373 pe
337 332 519 359 annorum
545 318 691 356 labores
707 315 933 365 negligentia
953 315 1062 352 unica
1086 315 1257 355 interire:
1290 315 1412 355 solent
1428 317 1571 368 quippe
1589 318 1780 369 Principes
1798 319 1843 358 ad
1870 316 2047 369 castigan-

260 379 346 419 dam
375 382 498 419 levem
527 377 686 425 aliquam
708 373 959 412 offensionem
976 372 1090 425 longe
1110 372 1184 412 esse
1201 376 1420 425 proniores,
1457 376 1570 426 quam
1602 377 1649 416 ad
1679 377 1950 417 remuneranda
1980 378 2050 416 ob-

258 440 395 490 sequia.
454 436 493 474 Si
522 436 603 473 haec
621 432 834 484 adjunebam
852 432 1017 472 habeant
1036 434 1214 486 gloriam,
1244 435 1522 474 aemulationem
1553 434 1590 474 &
1616 435 1795 476 invidiam
1815 438 1852 476 in
1882 436 1962 488 ipso
1983 448 2050 476 ex-

257 502 373 540 citant
394 495 565 546 Principe
579 524 590 542 ‚
621 494 681 533 cui
698 505 743 532 ea
765 493 1006 532 exhibentur.
1063 492 1159 531 Sunt
1179 494 1278 532 enim
1303 496 1474 534 nonnulli
1493 494 1674 547 Philippo
1697 494 1960 535 Macedonum
1972 496 2049 534 Re·-

255 561 290 613 gi
316 556 469 603 ssmiles,
500 553 574 608 (a)
602 566 698 607 quem
723 555 775 592 ita
786 553 898 605 gloria
911 551 1063 604 cupidum
1085 550 1238 592 dicebant
1250 549 1469 602 familiares,
1501 561 1541 592 ut
1564 557 1672 594 onmia
1688 555 1863 606 pmclara
1881 553 2050 606 facinora

242 617 312 669 fica
332 613 388 669 effi>
404 613 517 654 videri
536 621 689 665 afflet-et,
717 611 769 657 ἐξ)
789 614 896 663 magis
915 610 1155 663 indignaretur
1172 611 1329 651 Ducibus
1345 612 1396 657 &9
1413 610 1624 663 Praefeffiu
1653 616 1713 667 qui
1720 610 1877 665 prqspei‘e
1899 614 1950 659 ἐξ)
1974 615 2049 654 ltm-

250 675 406 717 dabiltter
425 672 557 726 aliquid
572 669 746 726 gsffirint,
776 684 879 725 qaam
909 673 972 716 iis‚·
1003 672 1062 724 qui
1092 668 1270 721 irffeliciter
1301 670 1351 715 &³
1378 673 1518 723 ignava:
1551 672 1656 723 cujus
1687 673 1769 712 vitii
1793 675 1904 713 etiam
1933 673 2047 713 Filius

249 733 467 778 Alexander
491 732 612 773 fadus
631 731 684 771 est
694 732 833 780 haeres,
865 729 945 783 (b)
967 727 1042 780 sttae
1056 729 1340 782 demptemgloriae
1355 730 1566 784 exstimans,
1596 731 1759 785 quicquid
1771 730 1896 786 ccffffit
1917 734 2048 774 alsense.

247 793 400 836 Eodem
432 794 530 833 malo
560 792 748 831 laboravit
781 790 946 842 jacobus
977 790 1121 829 Primus
1154 790 1355 842 Aragoniae
1394 790 1510 830 Rex:
1538 803 1625 831 nam
1659 790 1859 843 postquam
1897 792 2048 832 Blascus

248 855 456 907 Alagonius
487 852 688 892 Motellam
709 848 952 900 occupasset,
981 850 1019 888 in
1051 861 1134 889 eam
1153 850 1260 889 venit
1283 848 1562 901 persuasionem
1586 862 1674 890 eum
1697 851 1878 902 majorem
1910 865 1987 903 prae
2010 853 2048 891 se

248 916 404 967 gloriam
426 913 486 952 illa
504 911 752 963 expeditione
770 908 953 960 adeptum
982 908 1113 957 fuiffe,
1144 921 1260 960 quare
1283 909 1416 948 urbem
1446 908 1550 949 istam
1575 912 1627 949 illi
1655 910 1815 954 ademit,
1848 910 1884 950 &
1917 912 2049 960 aliam,

249 972 401 1026 Sagasto
417 973 593 1018 nomine,
621 969 717 1008 illius
741 970 832 1008 loco
860 968 986 1008 eidem
1009 968 1173 1008 tradidit.
1235 969 1342 1021 Quas
1358 980 1438 1008 non
1459 981 1567 1009 curas
1595 980 1826 1021 pepererunt
1855 970 2047 1009 Domitia·
2112 960 2113 965 ¹

248 1047 301 1075 no
321 1031 491 1072 vietoriae
508 1031 718 1082 Agricolae,
746 1026 834 1067 cum
855 1028 1029 1077 videret,
1061 1026 1127 1082 (c)
1147 1030 1293 1080 privati
1308 1029 1446 1069 hominis
1465 1041 1577 1068 nomen
1588 1026 1692 1079 super
1708 1029 1884 1082 Principis
1908 1032 2045 1071 attolli?

247 1091 362 1134 Adeo
384 1100 426 1130 ut
448 1091 562 1129 rebus
582 1086 729 1141 optime
744 1086 878 1140 gestis,
909 1098 990 1127 tum
1006 1089 1071 1127 vel
1097 1089 1303 1128 maximum
1337 1087 1382 1127 fit
1399 1089 1622 1139 periculum.
2110 1125 2113 1134 ,

418 1149 456 1189 Si
484 1151 599 1202 gratia
616 1149 662 1188 ab
680 1147 899 1187 obedientia
929 1149 1070 1195 oritur,
1101 1159 1175 1198 qua
1192 1146 1268 1186 sese
1298 1148 1471 1199 privatus
1501 1149 1564 1188 ille
1595 1146 1643 1187 ad
1673 1156 1808 1187 nutum
1837 1147 1875 1186 δε
1903 1148 2048 1187 arbitri-
2111 1140 2113 1151 ²

244 1222 310 1251 um
338 1209 519 1261 Principis
552 1211 590 1248 in
624 1209 802 1247 omnibus
833 1205 1164 1255 accommmodat,
1195 1205 1388 1246 effraenem
1415 1207 1562 1247 inducit
1595 1196 1835 1260 gubernandi
1865 1207 2047 1256 modum,
2110 1197 2113 1239 j

246 1282 325 1322 quo
348 1282 450 1309 nunc
470 1270 555 1318 hic,
585 1280 688 1307 nunc
711 1268 773 1306 ille
805 1267 1015 1319 praecipitat
1032 1295 1046 1314 ,
1074 1264 1176 1305 dieta
1210 1264 1297 1305 alias
1326 1265 1551 1306 adulationis
1585 1268 1830 1307 incommoda
1853 1268 2047 1305 incurren-

247 1331 314 1373 do,
370 1329 461 1369 Nec
476 1331 599 1368 minus
628 1327 787 1379 periculi
817 1325 1037 1365 obedientia
1059 1326 1201 1374 habet,
1232 1337 1344 1375 quam
1368 1326 1648 1365 inobedientia:
1677 1339 1762 1366 nam
1793 1326 1821 1366 fi
1854 1326 1909 1373 id,
1941 1326 2048 1377 quod

242 1390 420 1442 jubetur,
449 1391 549 1428 bene
566 1387 804 1437 feliciterque
822 1386 972 1432 evenit,
1001 1384 1182 1424 mandato
1203 1383 1386 1435 Principis
1418 1386 1616 1433 tribuitur,
1647 1385 1700 1424 fin
1719 1387 1838 1433 male,
1869 1385 1937 1436 ipsi
1968 1385 2046 1424 Pri·
2109 1386 2111 1428 j

244 1459 353 1493 vato,
414 1449 535 1501 Quod
561 1447 587 1486 s1
610 1448 918 1496 obtemperatum
936 1457 1016 1483 non
1042 1443 1186 1492 fuerit,
1216 1453 1370 1494 putatur
1388 1452 1452 1483 aut
1472 1443 1631 1483 defuisse
1656 1443 1884 1493 successum,
1905 1455 2045 1484 auter-
2107 1443 2111 1489 ξ

245 1521 372 1548 rorem
391 1506 583 1547 obstitisse.
646 1505 684 1544 Si
712 1503 801 1555 juffa
821 1505 987 1555 aequitati
1009 1505 1325 1555 repugnaverint,
1357 1504 1535 1542 excusare
1553 1503 1589 1542 se
1605 1503 1682 1542 hoc
1702 1505 1860 1543 nornine
1881 1516 1960 1542 non
1981 1516 2047 1542 au-
2107 1500 2110 1544 i

247 1569 334 1616 det,
365 1581 414 1608 ne
432 1568 644 1617 Principem
658 1563 830 1604 offendat
846 1564 993 1611 verbo,
1017 1564 1129 1614 culpa
1147 1563 1269 1602 omnis
1292 1563 1414 1613 palam
1437 1563 1476 1601 in
1505 1562 1692 1613 ejusmodi
1723 1564 1918 1603 Privatum
1951 1575 2045 1602 con-
2106 1570 2109 1588 ·’

242 1628 363 1668 fertur
391 1629 437 1666 ab
471 1626 665 1672 omnibuS,
697 1624 733 1662 &
769 1634 818 1662 ne
850 1622 1030 1673 Princeps
1059 1623 1146 1661 mali
1167 1619 1300 1660 auctor
1326 1620 1524 1670 videatur,
1552 1623 1631 1673 pati
1661 1633 1749 1660 eum
1771 1622 1880 1667 finit,
1910 1634 1976 1660 aut
2008 1624 2047 1661 in

243 1688 428 1738 opinione
449 1685 587 1736 Vulgi,
618 1691 682 1722 aut
705 1684 742 1720 in
764 1682 937 1720 manibus
951 1680 1111 1731 judicis3
1143 1679 1344 1731 quomodo
1359 1679 1535 1720 Tiberius
1553 1681 1676 1721 Pisoni
1697 1680 1810 1730 fecit,
1838 1680 2042 1732 postquam

242 1748 305 1787 hic
326 1748 420 1785 illius
441 1744 538 1796 juffu
556 1742 827 1782 Germanicum
847 1752 999 1779 veneno
1018 1738 1040 1779 ὲ
1056 1741 1157 1779 vivis
1182 1738 1396 1787 sustulerat,
1425 1739 1503 1794 (d)
1533 1742 1627 1795 cujus
1651 1743 1818 1793 integram
1843 1738 1972 1792 cazffc'zm
1999 1739 2051 1779 ad
2104 1734 2109 1774 i

243 1807 404 1847 Senatum
421 1805 564 1857 remzfit:
594 1812 760 1852 cumque
778 1802 808 1840 is
824 1800 988 1839 Romam
1014 1797 1194 1848 veniffet,
1223 1798 1383 1851 perinde
1404 1799 1442 1839 se
1473 1800 1606 1839 habuit
1633 1799 1828 1850 Tiberius,
1858 1813 1902 1840 ac
1933 1801 1960 1840 fi
1991 1801 2048 1840 ni-

241 1866 294 1907 hil
317 1878 361 1905 ea
383 1866 431 1904 de
458 1877 499 1904 re
530 1864 656 1909 sciret,
686 1863 776 1900 licet
813 1860 994 1910 complex
1021 1857 1135 1905 esset;
1165 1857 1251 1897 sane
1280 1859 1363 1898 Piso
1392 1862 1477 1899 nullo
1504 1862 1611 1912 magis
1634 1862 1824 1900 exterritus
1850 1858 1916 1915 est,
1943 1872 2047 1914 quam

243 1925 333 1981 quod
356 1925 520 1964 Pharium
529 1923 602 1974 fine
621 1917 846 1971 mifiratione,
865 1917 939 1969 fine
952 1919 1010 1957 ira
1026 1917 1227 1972 obstinatum
1249 1915 1456 1971 claufimzque
1469 1919 1580 1966 vidit,
1600 1934 1641 1959 ne
1654 1933 1716 1973 quo
1736 1917 2047 1972 (effebiuperrmn—

266 1992 395 2027 eretur.

240 1995 265 2038 p
419 2041 457 2080 Si
475 2040 586 2079 favor
610 2039 671 2077 ille
691 2037 880 2089 singularis
899 2037 936 2074 in
956 2035 1153 2074 hominem
1174 2033 1293 2081 cadit,
1321 2046 1400 2073 non
1430 2035 1576 2086 optime
1611 2033 1631 2073 ἒι
1659 2044 1801 2073 naturae
1838 2035 1949 2076 donis
1990 2038 2045 2075 in-

243 2100 445 2149 structum,
476 2101 512 2139 δε
535 2099 716 2150 insignem
744 2097 908 2143 meritis,
937 2105 1045 2134 tanto
1068 2095 1312 2144 negotiorum
1329 2095 1435 2132 oneri
1455 2095 1698 2132 succumbet:
1732 2094 1810 2132 fine
1827 2094 1918 2134 forti
1941 2098 2043 2134 enim

243 2175 287 2202 ac
309 2160 465 2201 robusto
483 2160 631 2206 animo,
663 2157 740 2196 fine
756 2157 909 2208 ingenio
929 2153 1137 2207 perspicaci
1166 2154 1282 2204 gratia
1303 2152 1522 2204 Principum
1546 2152 1610 2191 diu
1633 2153 1846 2192 conservari
1878 2167 1958 2193 non
1974 2167 2044 2205 po-

245 2220 329 2262 test.

413 2277 452 2317 Si
482 2278 564 2317 haec
587 2288 635 2316 ex
656 2277 843 2315 virtutum
865 2271 1138 2313 conformitate
1158 2272 1340 2320 nascitur,
1369 2269 1546 2322 Principe
1562 2273 1734 2311 nuntium
1753 2273 1796 2310 iis
1813 2274 2045 2322 remittente,

241 2341 356 2381 etiam
377 2340 437 2378 illa
457 2336 685 2376 diffolvitur:
719 2335 801 2375 odit
835 2335 937 2374 enim
969 2332 1191 2373 familiarem
1223 2330 1359 2379 istum,
1390 2331 1454 2381 qui
1484 2333 1678 2370 contrariis
1712 2331 1882 2370 moribus
1910 2333 2045 2372 incon-

241 2400 414 2441 stantiam
437 2398 516 2450 ejus
528 2398 670 2450 arguit,
699 2396 737 2436 &
763 2394 868 2447 cujus
884 2404 1003 2446 opera
1029 2392 1077 2443 ad
1096 2393 1188 2433 vitia
1205 2389 1457 2431 consectanda
1481 2392 1516 2430 ei
1550 2391 1648 2430 utilis
1672 2389 1740 2444 (e)
1768 2388 1843 2430 effe
1870 2403 1951 2431 non
1971 2404 2045 2444 po-

241 2459 324 2500 test.

392 2516 431 2558 Si
457 2516 636 2567 Princeps
662 2511 881 2554 Ministrum
907 2514 1125 2565 quempiam
1135 2524 1214 2563 prae
1243 2510 1388 2550 caeteris
1415 2518 1516 2549 amat
1537 2507 1653 2557 ideo,
1682 2507 1789 2559 quod
1819 2521 1892 2561 pro
1909 2509 2043 2550 instru-

239 2587 372 2618 mento
404 2578 439 2617 ei
465 2577 530 2625 fit,
563 2587 641 2627 quo
664 2572 940 2627 propenfiones
968 2573 1048 2613 suas
1067 2583 1204 2623 pravas
1240 2570 1276 2609 &
1304 2569 1531 2621 cupiditates
1555 2569 1778 2619 exequitur,
1802 2572 1897 2608 mala
1913 2572 2043 2610 omnia.

238 2641 276 2678 in
297 2650 383 2678 eum
402 2637 597 2684 recidunt,
629 2644 867 2686 quaecunque
888 2641 952 2672 aut
979 2632 1149 2685 personae
1170 2630 1352 2682 Principis
1380 2629 1469 2669 inde
1492 2637 1685 2676 creantur,
1717 2638 1781 2667 aut
1813 2628 2044 2669 administra-

239 2700 335 2738 tioni
360 2697 541 2749 publicae,
573 2695 610 2735 &
640 2695 818 2745 Princeps
835 2691 990 2744 quidem
1008 2690 1121 2731 facile
1141 2690 1216 2731 sese
1234 2697 1390 2741 purgat,
1422 2701 1510 2728 eum
1528 2687 1549 2728 a
1561 2689 1676 2741 gratia
1696 2688 1759 2728 sua
1776 2689 2036 2738 excludendo,
2094 2686 2099 2735 j

239 2769 304 2797 aut
321 2770 414 2796 mox
429 2769 515 2796 eum
527 2753 644 2794 odisse
666 2755 812 2806 incipit,
830 2762 1008 2803 tanquam
1025 2752 1206 2792 scelerum
1224 2749 1375 2789 suorum
1389 2747 1542 2797 testem,
1557 2749 1661 2799 cujus
1675 2748 1871 2800 praesentia
1890 2749 1954 2788 sua
1971 2749 2042 2799 ipsi

241 2816 377 2856 delicta
393 2816 494 2867 quasi
509 2815 729 2866 exprobrat.
761 2812 804 2852 N
808 2825 853 2852 ec
872 2813 940 2851 alia
952 2811 1000 2851 de
1009 2811 1116 2851 causa
1124 2811 1308 2851 Anicetus
1319 2819 1503 2848 executor
1517 2809 1649 2848 mortis
1665 2807 2037 2861 Agrippinae‚Nero-
2093 2795 2097 2845 ἶ

239 2878 277 2917 ni
290 2876 381 2915 odio
391 2885 491 2920 erat;
505 2886 616 2926 quam
634 2877 720 2925 quia
730 2874 916 2912 malorum
935 2872 1150 2911 facinorum
1172 2866 1256 2927 (f)
1271 2867 1443 2923 Mmstri,
1458 2869 1556 2922 quast
1560 2868 1803 2921 exprobrantes
1818 2864 2036 2917 aspiciantur.
2092 2882 2096 2919 ζ

239 2936 320 2976 Pari
332 2947 487 2986 quoque
497 2935 643 2974 ratione
651 2934 826 2973 Tiberius
837 2928 1061 2989 (g)scelerum
1071 2928 1268 2985 Mnssros,
1277 2931 1481 2979 utperverti
1497 2927 1541 2966 ab
1550 2928 1628 2968 aliis
1636 2927 1776 2974 nolebat,
1789 2925 2042 2978 implermnque
2092 2923 2096 2954 ss

228 2994 404 3048 fimatur,
434 2994 484 3039 &⁴²
502 2993 621 3034 oblatis
649 2997 685 3033 in
708 2991 842 3033 eandem
867 3000 1001 3043 oporam
1029 2989 1240 3037 recentibus,
1271 2995 1404 3027 veteres
1427 2987 1478 3032 ἑξ)
1492 2997 1703 3039 praegraves
1729 2982 1876 3034 afflixit.
1938 2985 2042 3026 Cum
2096 2994 2097 2999 ’

1949 3056 2041 3085 exe-
2090 3074 2092 3100 ᾗ

345 3194 402 3236 (a)
430 3191 614 3228 Demosth.
673 3191 733 3234 (b)
762 3189 922 3226 Curtius.
1003 3188 1059 3237 (c)
1084 3186 1199 3224 Tacit.
1218 3186 1256 3224 in
1281 3187 1358 3224 vita
1379 3186 1500 3236 Agric.
1575 3184 1636 3231 (d)
1661 3182 1759 3219 Idem
1775 3180 1835 3218 lib.
1856 3193 1888 3228 3.
1908 3180 2041 3217 Annal.
2090 3171 2092 3191 ³

241 3243 303 3290 (c)
331 3246 461 3279 Gra-vis
481 3241 526 3294 cst
542 3241 634 3279 nobis
661 3243 773 3278 etiam
792 3241 843 3278 aa!
855 3240 1063 3280 videndum,
1089 3241 1252 3292 quoniam
1266 3239 1435 3291 diffi'milis
1448 3237 1494 3290 est
1517 3236 1602 3273 aliis
1616 3235 1702 3271 vita
1723 3234 1828 3275 illius,
1855 3230 1900 3275 ἀ
1914 3234 2043 3269 immu-
2089 3265 2091 3268 .

244 3294 419 3341 tataestmt
442 3297 507 3331 vix
522 3298 604 3343 ejus.
633 3297 709 3343 Sap.
741 3307 774 3330 2.
804 3305 859 3332 ις.
918 3293 987 3341 (f)
1012 3295 1043 3328 T
1047 3305 1097 3328 ac.
1112 3290 1174 3329 lib.
1195 3305 1251 3339 14.
1276 3290 1403 3330 Annal.
1459 3290 1526 3333 (e)
1555 3289 1654 3324 Idem
1676 3286 1735 3323 lib.
1751 3301 1788 3335 4.
1817 3285 1948 3324 Annal.
