2132 3730
316 251 398 291 130
769 233 1703 278 ,DJDACISAAVEDRAE

311 328 384 368 risu
406 326 443 366 δι
464 321 635 371 lacrymis
654 320 751 356 celat
767 346 780 365 ‚
811 317 916 368 quod
938 318 1119 356 inclusum
1145 318 1241 369 gerit
1256 319 1294 356 in
1313 318 1487 370 pestere.
1547 317 1747 371 Religione
1765 320 1826 358 sua
1836 320 1991 358 obvelat
2010 332 2102 360 con·

310 387 412 427 filia:
436 377 676 435 jurejurando
706 375 858 425 firmat,
889 376 926 415 δε
953 376 1123 415 occultat
1142 376 1359 417 mendaciis.
1405 377 1576 426 ἸΜεῑῑυί,
1607 377 1734 429 &spei
1754 390 1873 430 paret.
1931 378 2100 420 Favores

310 458 401 485 eum
426 445 610 493 ingratum
628 435 794 475 reddunt
811 465 825 485 ,
854 435 1064 476 dominatio
1081 436 1284 487 superbum
1300 466 1313 485 ‚
1343 435 1494 477 coaffio
1519 435 1708 488 abjfflmm
1730 437 1767 476 δι
1783 439 1898 478 vilem
1919 468 1932 488 ‚
1963 440 2024 478 lex
2034 451 2100 492 pa-

309 504 455 545 vidum.
545 495 739 536 Beneficia
757 496 922 535 inscribit
946 497 984 535 in
1019 493 1105 535 cera
1126 525 1138 544 ,
1168 494 1316 546 injurias
1341 506 1518 549 acceptas
1544 498 1582 536 in
1606 508 1795 537 marmore
1810 527 1822 547 ‚
1851 498 1888 538 δι
1909 510 2001 549 quas
2024 498 2103 550 ipse

310 565 387 603 aliis
411 557 525 599 infert
545 587 558 607 ‚
589 558 626 596 in
645 567 718 595 aere
734 555 879 595 incidit.
939 556 1084 595 Amore
1102 556 1243 606 regitur
1262 567 1342 595 non
1360 567 1409 596 ex
1428 557 1615 596 ‘charitate
1640 566 1768 596 tamen
1784 586 1796 606 ,
1828 556 1892 597 sed
1916 559 1992 597 sola
2007 558 2101 598 boni

309 621 434 675 specie
453 619 505 658 ira
522 628 535 665 3
564 615 615 657 illi
635 617 809 667 imperat.
865 615 909 655 In
926 614 1059 655 afflicffta
1074 614 1227 655 fortuna
1246 614 1418 656 demiffus
1433 614 1508 665 est,
1538 615 1577 654 ὃς
1596 616 1781 656 obediens
1795 646 1808 664 ‚
1838 618 1876 656 in
1889 619 2103 668 prosperio-

306 683 362 729 ri,
392 690 567 731 arrogans
591 676 803 716 &aliorum
835 684 1095 727 contemptor.
1158 673 1279 727 Quod
1297 676 1336 714 in
1354 675 1390 714 se
1415 675 1496 727 ipso
1524 674 1745 723 collaudat,
1774 685 1839 715 aut
1868 676 2042 725 affectat,
2059 675 2099 716 id

305 738 462 781 minime
483 736 654 791 poffidet.
716 735 758 774 In
778 736 940 775 amicitia
953 734 1138 774 sincerum
1157 736 1193 773 ie
1211 734 1356 785 judicat
1371 763 1384 782 ,
1400 733 1438 774 δι
1454 734 1582 774 colere
1606 746 1691 774 eam
1706 735 1835 774 nescit.
1896 735 2103 789 Bonapro-

303 802 386 853 pria
399 799 562 852 spernit,
591 796 630 836 &
648 796 767 835 ambit
782 796 912 834 aliena.
976 793 1136 847 Quantb
1157 795 1327 846 pluribus
1352 794 1524 845 potitur,
1555 795 1662 834 tanto
1680 796 1786 846 plura
1811 797 1970 847 expetit.
2033 795 2098 835 Ob

303 861 447 914 gratias·
463 856 749 898 &incrementa
772 856 891 894 aliena
906 854 1139 893 contabescit
1161 853 1331 900 invidia3
1360 852 1511 906 gravins
1530 863 1648 894 nocet
1667 855 1776 895 amici
1801 855 1928 906 specie
1944 883 1956 903 ,
1985 856 2099 907 quam

304 919 435 960 hostis.
497 917 539 957 In
562 918 639 956 aliis
653 916 816 967 rigorem
836 912 984 964 justitiae
994 913 1168 962 deamat,
1191 915 1228 954 in
1248 915 1283 953 se
1297 912 1378 966 ipso
1396 924 1483 952 eum
1498 915 1659 964 experiri
1674 926 1753 954 non
1769 914 1864 955 vult.

472 976 570 1016 Haec
597 975 771 1015 humanae
789 983 933 1012 naturae
951 972 1152 1025 descriptio
1168 974 1350 1026 generalis
1360 971 1434 1020 est,
1447 983 1575 1023 neque
1588 973 1689 1013 enim
1706 975 1799 1013 vitia
1813 975 1940 1016 omnia
1959 975 1997 1014 in
2017 985 2096 1014 uno

303 1037 427 1078 insunt
447 1036 605 1075 homine
629 1065 641 1083 ‚
671 1033 737 1073 sed
758 1032 917 1085 dispersa
933 1034 972 1072 in
987 1034 1114 1077 variis.
1174 1032 1324 1073 Verbm
1341 1031 1489 1072 tametsi
1507 1033 1590 1083 quis
1609 1030 1713 1071 forte
1730 1032 1893 1085 Principi
1918 1035 2096 1074 immunis

301 1095 416 1150 plane
434 1096 483 1135 ab
497 1096 541 1134 iis
560 1093 757 1142 videatur,
775 1104 854 1132 non
875 1092 965 1132 ideo
988 1101 1115 1132 tamen
1133 1092 1201 1132 sibi
1218 1094 1264 1131 ab
1285 1095 1350 1132 illo
1372 1092 1581 1144 prudenter
1597 1103 1734 1130 cavere
1751 1092 1993 1142 intermittat,
2011 1094 2098 1144 quia

301 1167 497 1207 nunquam
515 1155 598 1195 satis
623 1153 795 1194 securum
822 1151 877 1192 est
893 1152 1078 1203 judicium
1093 1182 1106 1201 ‚
1134 1152 1241 1203 quod
1262 1152 1312 1191 de
1333 1152 1557 1191 conditione
1587 1152 1624 1190 &
1640 1160 1773 1191 natura
1798 1154 2002 1192 hominum
2017 1152 2097 1192 for-

301 1217 394 1256 mari
410 1216 518 1255 solet.
576 1212 727 1253 Malitia
746 1212 896 1252 virtutis
917 1211 1060 1251 larvam
1076 1211 1199 1251 induit
1216 1242 1229 1261 ,
1259 1220 1301 1251 ut
1322 1221 1437 1263 queat
1462 1211 1664 1262 decipere,
1693 1210 1730 1250 &
1754 1213 1922 1262 optimus
1941 1213 2102 1263 quisque

301 1273 323 1314 a
343 1274 477 1327 seipso
495 1272 626 1314 deficit
641 1303 654 1322 ‚
683 1283 746 1312 aut
765 1273 930 1312 humana
952 1273 1199 1311 imbecilitate
1220 1301 1232 1321 ,
1258 1280 1322 1310 aut
1343 1281 1496 1311 aetatum
1513 1270 1762 1310 inconstantia
1778 1300 1790 1320 ,
1822 1280 1886 1311 aut
1911 1272 2101 1312 neceffita-

301 1343 341 1375 te
359 1334 397 1374 &
413 1336 575 1374 utilitate
601 1334 778 1385 propria,
809 1341 874 1371 aut
893 1332 1019 1384 specie
1036 1333 1158 1383 aliqua
1181 1332 1275 1370 boni
1303 1332 1469 1382 privati,
1498 1332 1563 1369 vel
1594 1331 1768 1381 publici,
1798 1341 1862 1370 aut
1880 1330 2099 1383 impruden-

301 1395 352 1434 tia
369 1423 382 1443 ,
413 1404 477 1433 aut
493 1395 639 1433 notitiae
664 1391 819 1432 defectu
836 1403 849 1438 ς
882 1402 961 1441 quo
981 1389 1025 1430 fit
1042 1420 1055 1439 ,
1084 1401 1126 1430 ut
1141 1403 1220 1430 non
1235 1391 1359 1430 minus
1381 1389 1575 1441 pernitiofi
1593 1389 1665 1428 smt
1688 1389 1879 1429 interdum
1893 1390 1962 1444 ipsi
1983 1392 2098 1432 etiarn

301 1454 424 1503 boni,
455 1452 570 1505 quam
587 1453 688 1495 mali.
746 1452 788 1490 ln
819 1450 939 1490 dubio
961 1460 1088 1490 autem
1115 1453 1232 1503 magis
1267 1450 1479 1502 prudentiae
1505 1449 1801 1488 consentaneum
1824 1449 1879 1489 est
1900 1482 1911 1499 ,
1963 1448 2059 1490 stare
2077 1449 2100 1490 ἐι

296 1521 408 1566 ‘parte
425 1514 608 1566 periculi,
637 1513 689 1551 ita
707 1521 749 1550 ut
767 1510 946 1562 Princeps
962 1510 1030 1549 fibi
1053 1509 1195 1549 dictum
1215 1519 1326 1561 putet
1347 1508 1461 1562 (non
1477 1508 1523 1546 ad
1546 1507 1821 1547 offendendum
1840 1509 2009 1559 quidem,
2034 1509 2101 1549 sed

300 1574 348 1612 ad
362 1572 579 1613 cavendum
597 1571 622 1625 >
653 1571 759 1622 quod
775 1570 898 1608 scribit
916 1569 1099 1610 Ezechiel
1118 1599 1130 1618 ‚
1161 1569 1238 1622 (a)
1254 1564 1564 1619 fiaebverfhresfimt
1583 1574 1690 1606 tecum
1714 1597 1727 1615 ‚
1757 1566 1809 1611 &⁹
1829 1580 1902 1607 cum
1913 1565 2096 1620 scorpioni.

296 1632 363 1674 bus
398 1631 537 1673 habitas
550 1661 565 1680 ‚
595 1642 759 1681 quorum
779 1626 890 1667 cauda
900 1625 1031 1679 stmyoer
1046 1631 1082 1667 in
1101 1630 1137 1668 in
1151 1629 1222 1667 icJu
1236 1626 1282 1679 esl
1302 1658 1314 1676 ,
1343 1627 1494 1680 nulloque
1513 1634 1672 1668 momento
1692 1624 1854 1668 nwditari
1878 1624 2001 1681 cfffam‘
2015 1659 2029 1678 ‚
2057 1641 2102 1678 ne⁶

295 1690 430 1746 quando
453 1690 558 1742 defint
579 1689 741 1740 occafiom'.
799 1686 877 1740 (h)
904 1686 1016 1726 Tales
1041 1686 1122 1725 fere
1148 1686 1269 1726 solent
1290 1685 1366 1726 esse
1383 1687 1520 1729 aulici:
1550 1686 1723 1738 plerique
1747 1687 1849 1727 enim
1871 1698 2006 1728 omnes
2027 1694 2100 1727 vo·

297 1762 336 1790 ta
360 1751 423 1790 sua
439 1750 476 1790 &
496 1748 681 1789 desideria
701 1777 713 1796 ,
743 1747 858 1787 etiam
875 1758 962 1785 cum
981 1745 1153 1786 illusione
1176 1746 1358 1798 Principis
1386 1757 1623 1798 promovere
1638 1745 1807 1798 satagunt
1828 1776 1840 1796 ,
1869 1757 1933 1786 aut
1950 1746 2100 1800 optime

295 1812 455 1851 meritos
473 1809 522 1849 de
550 1809 667 1861 gratia
685 1809 782 1847 illius
797 1836 808 1854 ,
847 1805 884 1846 &
904 1805 1104 1846 favoribus
1124 1806 1391 1854 deturbando,
1420 1805 1575 1846 suaemet
1594 1804 1842 1856 auctoritatis,
1859 1819 1933 1859 qua
1954 1808 2099 1857 valent,

295 1869 502 1910 beneficio,
564 1868 732 1920 Quoties
751 1864 956 1915 interjectis
977 1867 1074 1905 inter
1103 1866 1286 1917 Principis
1307 1864 1444 1905 oculos
1470 1866 1507 1905 δι
1524 1864 1689 1905 Ministri
1715 1864 1885 1907 afflones
1901 1897 1913 1917 ‚
1942 1867 2096 1907 invidiae

297 1930 336 1969 &
355 1929 602 1968 aemulationis
627 1924 828 1973 flmffibus,
858 1936 921 1963 eas
941 1936 1015 1975 pro
1037 1923 1201 1975 obliquis
1221 1925 1375 1972 habuit,
1406 1924 1445 1962 δε
1464 1924 1567 1963 haud
1590 1926 1672 1963 satis
1693 1925 1867 1966 fidelibus
1884 1956 1895 1974 ‚
1926 1938 2013 1966 cum
2037 1939 2095 1966 re-

297 1988 458 2028 &iffimae
472 1986 589 2026 effent
605 2015 618 2034 ,
650 1985 688 2025 &
702 1996 781 2024 non
796 1983 865 2023 nisi
880 1983 927 2023 ad
945 1984 1062 2034 majus
1076 1985 1172 2022 illius
1191 1984 1413 2034 obsequium
1428 1982 1633 2034 susceptae?
1665 1982 1764 2021 Passa
1782 1984 1836 2022 est
1857 1987 1989 2034 virtus,
2009 1988 2098 2025 anii-

283 2049 343 2089 ⁸fit
357 2048 536 2098 Princeps
559 2045 713 2085 fidelem
727 2042 944 2083 Ministrum
957 2073 969 2090 ,
1003 2043 1039 2081 &
1056 2043 1196 2082 artibus
1217 2042 1287 2081 suis
1307 2042 1556 2091 triumphavit
1574 2043 1725 2084 malitia.
1787 2042 1894 2095 Quas
1909 2044 2096 2096 utpraffl.

297 2107 344 2149 ce
360 2108 516 2148 noverit
531 2136 543 2154 ‚
573 2116 700 2156 neque
720 2104 917 2157 permittat
939 2103 1197 2142 innocentiam
1217 2102 1350 2141 vexari
1376 2100 1537 2151 injuriis,
1569 2102 1709 2151 aliquas
1723 2104 1839 2154 magis
1862 2103 2013 2144 usitatas
2032 2106 2097 2146 hic

294 2169 416 2209 oculis
431 2165 637 2217 subjiciam.

447 2226 707 2278 Reperiuntur
729 2222 839 2262 aulici
859 2221 1031 2261 nonnulli
1049 2228 1126 2260 tam
1145 2219 1288 2260 versuti
1307 2247 1321 2267 ,
1351 2217 1389 2258 δε
1412 2217 1559 2258 subdoli
1582 2248 1594 2268 ,
1623 2227 1667 2258 ut
1693 2217 1918 2261 aemulorum
1940 2220 2096 2265 suorum

296 2286 471 2328 defectus
490 2285 668 2326 excusare
682 2282 885 2323 videantur
900 2311 913 2331 ,
944 2281 982 2321 &
1007 2281 1072 2321 vel
1085 2278 1250 2320 maxime
1261 2291 1331 2319 eos
1352 2279 1539 2318 accusant.
1595 2276 1651 2318 Ita
1665 2277 1858 2331 Augustus
1885 2282 2096 2332 quondam.

294 2348 366 2401 (c)
387 2343 593 2388 Honorarid
604 2346 754 2384 oratiam
766 2373 779 2392 ‚
808 2340 965 2396 quaedam
988 2339 1030 2381 de
1049 2339 1169 2382 habitu
1182 2370 1196 2390 ‚
1224 2339 1383 2394 cultuque
1409 2337 1461 2383 ἐξ)
1482 2335 1647 2394 irstitutis
1676 2338 1807 2380 meria·
1824 2341 1983 2395 jecerat,
2012 2356 2092 2398 quoe

295 2408 393 2449 velut
407 2401 587 2456 excufimdo
604 2402 819 2455 exprobaret.

446 2465 523 2506 Alii
535 2464 646 2512 sunt,
676 2463 767 2515 qui,
798 2469 842 2500 ut
867 2461 1075 2513 nequitiam
1100 2458 1202 2499 suam
1231 2467 1361 2511 tegant
1377 2488 1389 2508 ,
1421 2456 1459 2498 &
1483 2458 1661 2497 bonitatis
1684 2456 1810 2509 specie
1825 2457 2093 2504 auffiwritatem

295 2528 346 2567 illi
368 2525 577 2566 concilient
595 2553 609 2573 ,
639 2524 752 2563 titulo
772 2521 1013 2573 obligationis
1031 2549 1045 2569 ,
1075 2519 1112 2560 &
1130 2520 1300 2560 amicitiae
1329 2519 1543 2559 sermonem
1558 2516 1755 2558 ordiuntur
1778 2516 1989 2560 alaudibus
2012 2520 2091 2561 Mi·

295 2585 396 2628 nistri
416 2588 512 2626 illius
529 2614 541 2634 ‚
572 2595 688 2636 quem
711 2579 941 2622 clandestine
958 2580 1180 2620 subvertere
1203 2581 1372 2632 cogitant
1390 2609 1402 2628 ,
1432 2577 1636 2619 referendo
1657 2576 1800 2618 scilicet
1820 2579 1983 2630 aliquas,
2003 2592 2088 2631 quae

294 2656 360 2686 aut
377 2647 503 2699 exigui
521 2645 709 2685 momenti
728 2642 813 2683 sunt
836 2671 850 2691 ,
880 2649 945 2681 aut
971 2639 1135 2692 Principi
1157 2639 1258 2681 haud
1275 2638 1437 2679 multum
1453 2639 1630 2691 prosunt,
1657 2646 1771 2690 atque
1791 2650 1865 2678 una
1881 2637 1973 2679 ficto
1992 2652 2088 2691 quo·

295 2707 382 2746 dam
400 2705 486 2749 zelo
508 2716 596 2758 erga
618 2703 716 2744 illius
734 2700 959 2753 obsequium
978 2730 991 2749 ‚
1021 2700 1128 2752 quod
1154 2702 1259 2740 omni
1288 2700 1458 2739 amicitiae
1486 2699 1524 2739 ὅτ.
1562 2697 1820 2739 neceffitudini
1849 2699 2028 2750 praeferre
2051 2699 2089 2740 se

295 2766 427 2806 dicunt
441 2797 454 2815 ,
484 2765 616 2805 sensim
639 2765 678 2804 in
699 2772 872 2816 apertum
889 2759 1091 2813 proferunt
1113 2759 1310 2808 defectus,
1341 2761 1404 2811 qui
1427 2760 1575 2799 efficere
1593 2757 1758 2812 possunt,
1774 2769 1818 2797 ut
1838 2759 1900 2797 hic
1917 2760 1999 2798 talis
2009 2758 2087 2798 Mi.

1747 300 1834 308 *-

294 2825 408 2866 nister
437 2836 500 2865 aut
517 2822 633 2877 gratia
652 2823 835 2875 Principis
858 2822 1038 2870 excidat,
1069 2830 1134 2860 aut
1152 2820 1340 2872 dignitatis
1363 2819 1480 2872 gradu
1499 2849 1512 2869 ‚
1542 2830 1656 2871 quem
1681 2818 1881 2858 obtinebat
1909 2817 2087 2858 deturbe-
2131 2862 2132 2874 ἵ

296 2894 369 2924 tur.
434 2885 555 2937 Quod
575 2885 603 2923 fi
616 2884 706 2923 illud
724 2895 804 2924 non
820 2880 885 2921 fiat
902 2892 952 2921 ex
972 2881 1180 2920 ambitione
1195 2879 1232 2920 &
1248 2881 1387 2919 malitia
1404 2910 1415 2929 ‚
1446 2879 1535 2920 ideo
1555 2879 1683 2918 saltem
1701 2876 1756 2918 est
1772 2907 1785 2927 ,
1813 2886 1856 2915 ut
1871 2875 2086 2918 defectibus
2131 2878 2132 2892 ¹

2130 2975 2132 2983 i

294 2946 339 2985 iis
351 2975 363 2993 ‚
385 2956 481 2996 quos
498 2946 616 2995 carpit
635 2945 673 2982 in
687 2946 809 2983 amico
827 2971 838 2990 ‚
870 2940 1093 2981 fidelitatem
1110 2940 1212 2980 suam
1231 2938 1398 2979 testatam
1423 2939 1536 2980 faciat
1552 2968 1564 2988 ,
1595 2937 1671 2993 (d)
1698 2936 1750 2982 &⁹
1769 2933 1856 2976 unde
1874 2938 1976 2977 amico
1991 2934 2085 2987 iffa-

293 3005 395 3045 miam
401 3011 516 3057 parat
532 3035 547 3053 ‚
576 3001 652 3042 inde
669 3000 887 3055 gloriamsibi
910 3003 1063 3053 recipiat.
1121 2999 1212 3040 Nec
1231 3000 1428 3052 ignorabat
1448 2999 1598 3039 fallaces
1614 2999 1681 3041 has
1698 2996 1853 3035 technas
1873 2995 2084 3047 iapientiili-

295 3076 381 3104 mus
394 3065 456 3104 ille
473 3064 560 3103 Rex
577 3061 857 3114 Neapolitanus
875 3061 1118 3114 Alphonsus;
1148 3071 1264 3112 quare
1279 3072 1366 3100 cum
1390 3059 1579 3112 quendam
1595 3057 1754 3105 audiret,
1768 3055 1832 3108 qui
1843 3057 1982 3096 multus
2001 3069 2082 3100 erat
2128 3051 2132 3088 ἶ

2041 3119 2081 3160 in
2126 3120 2129 3158 ἱ

1064 3191 2083 3209 ---..------------

296 3289 425 3326 Annal.

394 3240 451 3281 (a)
466 3236 592 3273 Bacch,
609 3248 643 3272 2.
663 3238 695 3270 6⁵
753 3235 812 3281 (b)
831 3235 921 3272 Plin.
943 3234 1004 3272 lib.
1019 3245 1119 3272 11.c.
1137 3245 1198 3279 25.
1252 3235 1309 3281 (c)
1329 3236 1415 3271 Tac.
1437 3235 1462 3270 l.
1492 3246 1522 3269 1.
1537 3230 1665 3268 Annal.
1714 3232 1775 3277 (d)
1801 3229 1916 3267 Tacit.
1934 3228 1997 3266 lib.
2019 3240 2077 3277 14.
2124 3224 2126 3279 j

2128 2989 2131 3023 l
