2132 3730
461 210 1435 287 SYMBOLJPOLJHCA.
1791 213 1850 267 89‘

59 306 128 351 bat
149 304 408 359 temporibus3
435 313 515 342 non
533 300 684 343 obeffet
712 299 838 340 fimilis
860 300 982 350 aliqua
992 298 1113 338 subita
1132 296 1170 336 δε
1189 303 1313 349 gravis
1338 296 1636 347 animadversio,
1665 306 1708 336 ut
1726 295 1850 338 subdi÷

62 373 94 411 ti
114 374 311 423 potentem
338 362 455 415 Regis
478 373 631 403 manum
656 359 863 401 formidare
890 359 1072 410 incipiant
1088 387 1101 406 ,
1133 357 1442 410 intelligantque‚
1471 356 1630 410 perinde
1662 365 1778 408 atque
1809 357 1850 398 in

62 437 226 481 corpore
242 425 433 472 humano,
461 424 513 462 ita
537 423 576 462 in
596 421 735 473 Regno
752 421 911 460 animam
942 415 1150 470 Majestatis
1166 414 1242 455 effe
1270 426 1393 457 totam
1415 419 1454 458 in
1470 426 1579 467 toto,
1608 415 1647 458 δι
1669 424 1792 457 t'otam
1810 417 1851 457 in

62 486 226 542 qualibet
243 492 365 537 patre.
423 480 647 522 Admodum
669 488 798 521 tamen
818 477 1000 531 expediet
1023 475 1214 517 moderari
1239 476 1424 529 rigorem,
1455 477 1609 528 quando
1643 474 1853 529 Respubli-

61 560 104 588 ca
121 544 220 587 male
243 542 380 583 affeci-a
398 540 472 591 est,·
502 541 540 582 &
555 541 649 582 vitia
674 540 949 580 consuetudine
962 537 1159 577 roborata:
1188 546 1277 575 nam
1292 536 1322 576 fi
1343 537 1464 576 virtus
1479 538 1590 576 nimis
1614 537 1728 577 etiam
1749 546 1854 575 acer-

59 605 108 647 be
121 613 241 645 errata
259 603 377 652 ferat,
406 602 445 642 ἃ
458 613 538 643 uno
553 600 657 654 quasi
674 602 824 653 impetu
841 599 1029 651 corrigere
1052 597 1147 636 velit
1163 596 1310 644 omnia,
1339 594 1541 635 crudelitas
1565 595 1761 636 videbitur
1780 607 1853 648 po-

59 667 157 715 tius,
187 662 300 716 quam
313 661 464 716 iustitia„
520 662 621 702 Cum
635 670 813 713 tempore
828 657 1052 705 curandum,
1083 654 1190 707 quod
1209 665 1300 694 cum
1317 664 1495 707 tempore
1513 654 1699 695 debilitari
1723 657 1852 708 coepit.

60 726 301 778 Praecipitare
326 735 414 764 cum
441 721 631 763 medicina
658 720 868 774 periculosa
888 729 947 758 res
978 715 1058 765 est,
1087 715 1126 756 δε
1154 727 1237 767 quae
1254 713 1348 755 facit
1368 713 1583 764 interdum,
1611 724 1657 754 ut
1678 713 1852 757 furorem

58 786 259 827 concitatae
282 783 530 825 multitudinis
557 782 739 834 Princeps
755 779 918 832 experiri
943 786 1112 831 cogatur:
1170 774 1258 815 Plus
1283 775 1569 816 diflimulatione
1591 773 1629 814 ἃ
1648 774 1853 815 dexterita-

59 853 99 886 te
123 845 304 896 efficitur‚
335 856 410 899 qua
430 845 470 886 in
490 853 532 884 re
547 840 643 888 mire
661 841 840 898 excelluit
858 838 947 881 Rex
966 836 997 881 F
999 835 1228 880 erdinandus
1258 834 1504 887 catholicus,
1529 833 1568 876 δε
1596 836 1637 878 in
1657 846 1708 876 eo
1738 834 1853 882 dece·a

62 2282 151 2329 ptus
171 2271 277 2317 forte
298 2272 373 2316 fuit
395 2273 484 2316 Rex
505 2271 666 2323 Petrus,
692 2268 800 2326 quod
823 2274 926 2313 viam
949 2267 1158 2314 severitatis
1178 2266 1297 2313 solum
1324 2268 1527 2320 infisteret3
1556 2269 1660 2313 unde
1682 2268 1858 2313 Crudelis

63 2342 205 2377 nomen
229 2335 391 2388 adeptus
415 2334 480 2376 est.
537 2332 801 2374 Tametfiverb
819 2346 894 2374 una
911 2333 1072 2386 fimplex
1089 2333 1208 2371 virtus
1230 2332 1274 2372 fit
1287 2331 1446 2384 justitia,
1475 2345 1549 2386 pro
1571 2342 1789 2385 temporum
1804 2342 1860 2372 ta-

64 2404 154 2435 men
175 2397 381 2446 varietate,
408 2395 536 2437 varios
559 2405 738 2445 operatur
755 2392 928 2436 effeetus.
988 2392 1282 2444 Nonnunquam
1303 2395 1472 2445 populus
1488 2395 1589 2434 illam
1619 2395 1783 2433 omnino
1800 2404 1859 2432 rea

64 2453 182 2506 spuit,
208 2457 327 2496 immo
341 2467 411 2509 per
431 2456 531 2496 illam
547 2455 663 2506 magis
698 2456 894 2507 magisque
918 2452 1119 2494 insolescit:
1149 2455 1236 2492 alias
1259 2453 1361 2493 idem
1383 2453 1549 2506 agnoscit
1577 2455 1701 2493 nimiae
1729 2452 1802 2492 suae
1819 2453 1864 2492 li-

63 2514 198 2553 centiae
224 2514 378 2565 damna,
406 2513 445 2555 ἃ
471 2513 599 2571 quoad
630 2513 778 2567 potest,
814 2514 1025 2554 collaborat
1050 2521 1137 2554 cum
1169 2513 1366 2566 P1·incipe;
1395 2523 1439 2552 ut
1475 2512 1663 2553 medelam
1692 2510 1861 2561 adferat,

66 2575 158 2625 quin
187 2573 345 2626 ipsemet
362 2575 559 2628 asperrima
574 2572 804 2627 quandoque
823 2574 983 2627 suggerit
1001 2572 1126 2613 media
1145 2582 1279 2613 contra
1302 2573 1403 2613 suam
1416 2571 1654 2623 libertatem,
1682 2582 1763 2623 quo
1777 2583 1862 2613 mo-

68 2632 120 2673 do
138 2633 283 2685 absque
300 2635 379 2675 ullo
398 2634 571 2688 periculo
587 2633 764 2687 Princeps
783 2634 917 2674 Severi
940 2645 1083 2673 nomen
1108 2632 1334 2685 adipiscitur.

216 2693 250 2745 §.
280 2692 490 2746 Nunquam
511 2694 693 2746 impunita
717 2694 881 2735 dimittat
896 2692 1078 2746 Princeps
1102 2704 1315 2746 paucorum
1338 2691 1476 2731 scelera
1502 2693 1539 2730 in
1563 2689 1862 2742 Rempublicam

65 2752 284 2796 commiffat
313 2752 343 2793 fi
358 2755 565 2793 multorum
591 2752 681 2804 sint,
712 2753 910 2795 condonet
926 2751 1088 2796 facilius.
1149 2754 1320 2805 Agrippa
1333 2751 1477 2790 Tiberii
1494 2748 1591 2802 Juffu
1614 2748 1636 2789 e
1651 2751 1752 2790 vivis
1776 2748 1860 2789 suba

66 2813 145 2852 lato
170 2814 210 2852 in
230 2811 349 2852 Insula
369 2812 533 2853 Planasia
546 2811 573 2865 ζ
588 2813 627 2852 in
651 2825 764 2865 quam
780 2814 905 2855 fuerat
927 2808 1149 2867 relegatus)
1170 2812 1302 2852 servus
1325 2810 1478 2863 quidam
1495 2813 1640 2851 cineres
1661 2809 1741 2861 ejus
1762 2810 1863 2849 clan-

69 2870 212 2912 destine
237 2871 379 2913 sustulit
399 2902 412 2922 ,
441 2871 478 2913 δε
495 2873 703 2926 Agrippam
726 2874 763 2915 se
780 2873 911 2922 finxit,
943 2874 1005 2913 cui
1028 2871 1154 2912 forma
1181 2880 1261 2912 erat
1287 2872 1505 2912 simillimus.
1564 2869 1699 2911 Fidem
1729 2869 1864 2910 habuit

66 2931 264 2973 Romanus
279 2934 446 2985 populus
458 2962 471 2982 ,
502 2932 540 2972 δε
557 2931 658 2972 fama
676 2945 744 2985 per
768 2934 974 2986 Imperium
994 2934 1165 2986 vulgata,
1195 2933 1379 2972 tumultus
1399 2940 1556 2971 exortus
1579 2928 1633 2970 est
1661 2941 1747 2971 cum
1767 2940 1862 2980 prae-

66 2991 264 3032 sentiffimo
287 3002 463 3032 motuum
479 2993 646 3031 civilium
665 2996 850 3045 periculo,
908 2985 990 3033 Sed·
1005 2991 1181 3032 Tiberius
1201 3003 1295 3032 mox
1324 2991 1475 3032 servum
1493 2988 1769 3042 comprehendi
1789 2985 1863 3036 jus-

69 3050 137 3100 fit,
164 3051 204 3092 ἃ
233 3051 330 3092 clam
350 3053 527 3092 omnibus
548 3061 722 3092 extremo
742 3055 914 3106 supplico
941 3053 1049 3093 affici.
1111 3048 1184 3106 (a)
1212 3052 1266 3092 Et
1279 3064 1475 3106 quanquam
1497 3051 1593 3090 multi
1613 3063 1655 3089 ex
1683 3048 1752 3100 ejus
1770 3044 1862 3086 domo

69 3112 195 3164 equites
211 3125 252 3151 ac
273 3111 453 3154 Senatores
459 3108 653 3166 ficstenfaffi
670 3111 802 3163 opihm,
823 3110 947 3168 juviffe
963 3113 1086 3166 confilz'o
1103 3110 1317 3161 dicerentur,
1346 3112 1470 3151 noluit
1499 3120 1647 3157 tamen,
1676 3115 1719 3145 ut
1739 3115 1784 3144 ea
1810 3103 1863 3144 de

930 3171 964 3212 Z
1818 3174 1862 3204 re

705 3246 842 3256 m

174 3282 233 3327 (a)
256 3280 371 3318 Tacit.
392 3281 453 3318 lib.
480 3296 519 3319 ι,
547 3281 670 3319 Amal.
