2132 3730
225 217 284 255 44
665 198 1013 241 DJDAcJ
1063 197 1599 247 SAAVEDRAE.

227 288 302 343 (a)
335 288 374 327 In
399 287 512 338 lingna
536 285 620 323 enim
625 279 794 333 snpientia
826 277 1024 333 dignofiitm·
1043 312 1056 330 ,
1087 280 1138 325 ὣ)
1157 278 1270 333 sensns
1284 313 1298 331 ,
1328 280 1380 326 ἐξ)
1394 277 1538 332 scientia
1560 312 1573 329 ,
1601 280 1654 326 &⁹
1686 280 1840 324 doarim
1865 286 1901 325 in
1922 286 2028 329 verbo

216 346 353 401 sensc'zti.
381 346 386 352 ’
415 344 680 397 Quamobrem
703 340 923 393 Alphonsus
942 341 1030 381 Rex
1050 339 1172 380 dietus
1195 341 1352 394 Sapiens
1366 371 1379 391 ‚
1399 340 1501 381 -dum
1525 340 1596 380 suis
1612 342 1848 394 persequitur
1866 345 2029 398 legibus,

226 409 378 461 qualem
402 407 439 445 in
455 403 632 444 sermone
654 402 690 442 se
712 413 864 454 gerere,
897 414 1024 453 quave
1039 399 1305 441 moderatione
1327 405 1364 441 in
1386 400 1585 453 loquendo
1603 400 1782 455 Princeps
1801 406 1856 444 uti
1874 404 2028 455 debeat3

225 469 279 509 fic
297 469 346 506 ait
369 467 466 504 inter
485 474 648 502 caetera:
679 462 754 515 (b)
779 462 829 500 Cn
851 461 880 500 el
899 462 1012 502 inacho
1028 458 1158 512 fabiar
1169 458 1261 510 faze
1283 475 1323 502 en
1345 458 1481 513 vilefier
1499 461 1551 500 las
1562 460 1735 511 palabras
1749 494 1762 512 ,
1781 461 1902 514 fazele
1921 463 1962 505 de
1973 479 2028 506 cu-

224 529 301 568 brir
319 527 369 566 las
379 522 565 576 poridades
583 553 595 572 ‚
625 536 641 562 e
643 522 680 575 ss
690 523 719 561 el
733 535 772 562 no
779 519 885 572 fuere
903 534 969 561 ome
995 520 1034 560 de
1050 533 1143 573 gron
1162 516 1217 571 βψ)
1227 530 1296 572 por
1319 523 1370 562 las
1393 519 1456 573 sits
1470 520 1642 572 palabras
1659 521 1866 565 entenderfin
1885 524 1931 565 los
1945 538 2032 566 omes

224 588 258 628 la
285 597 424 636 mengun
440 615 453 633 ,
483 597 548 637 que
570 597 593 622 a
620 581 682 621 del.
762 582 813 621 Ca
827 581 901 621 bien
915 579 968 635 ofi
986 594 1069 621 corno
1084 580 1114 620 el
1137 586 1279 621 cantaro
1294 580 1464 635 quebrado
1471 577 1510 632 se
1522 593 1645 620 canoze
1664 589 1735 632 por
1741 582 1795 634 fis
1805 580 1928 636 fitenO,
1958 593 2033 626 otro

214 647 277 700 fiel
278 643 317 697 fi
319 642 357 696 so
375 642 427 683 del
448 656 538 683 omne
556 657 591 683 es
614 640 842 693 contzidopor
861 642 894 681 lo
901 641 1065 694 pnlahra.
1126 639 1202 680 Per
1220 642 1357 681 nimiam
1379 643 1500 694 quippe
1519 640 1752 695 loquacitatem
1775 641 1900 692 vilescit
1920 645 2033 686 Prin-

226 708 308 760 cipis
324 704 503 758 alloquium
523 735 536 753 ,
567 715 764 755 meamque
786 701 997 753 deteguntur.
1057 700 1157 759 ¹Qgtin
1176 698 1214 751 st
1219 699 1411 752 prudentia
1426 700 1596 753 stngnlari
1618 700 1668 740 ille
1688 713 1753 741 non
1755 699 1902 753 fuerit,
1931 704 2034 759 hujus

225 778 355 820 qnoque
377 762 544 814 dffefftum
562 776 626 803 non
645 760 779 801 aliunde
793 759 941 813 facilins
960 791 972 811 ,
1002 773 1105 814 qnam
1127 761 1143 799 ἑ
1156 757 1366 811 sermonibus
1377 761 1520 800 homines
1541 761 1699 813 colligent.
1783 762 1847 804 Uti
1861 765 1946 804 enim
1965 761 2038 815 dif-

216 823 338 878 fraffl
358 825 449 864 urcei
471 825 596 864 vitium
618 818 755 872 esonitn
769 852 781 869 ,
811 823 862 861 ita
881 834 899 861 e
916 821 1035 860 verbis
1057 827 1189 876 quanta
1197 819 1246 871 fit
1270 822 1306 860 in
1320 821 1446 860 homine
1462 823 1585 874 ingenii
1605 834 1647 862 ac
1660 820 1784 874 judicii
1808 825 1867 863 vis
1882 824 2036 877 intelligi-

226 894 300 926 tur.
358 883 410 923 Et
427 883 513 924 sane
530 883 683 924 videtur
699 880 924 933 Alphonsus
946 882 1034 922 Rex
1056 881 1387 935 comparationem
1404 880 1506 920 illam
1524 893 1574 922 ex
1594 881 1653 922 his
1669 881 1784 924 Persii
1806 884 2038 925 carminibus

225 954 420 986 mutuatus
439 956 450 981 .·

372 1063 448 1127 (ε)
486 1087 590 1102 ---··
629 1061 777 1110 Sonat
809 1060 997 1111 vitium
1020 1054 1230 1128 percnffit
1251 1057 1471 1129 maligne.

371 1129 632 1202 Respondet
652 1132 815 1184 viridi
844 1149 939 1181 non
974 1128 1287 1198 coc‘lafidelia
1305 1129 1441 1182 lima.

228 1263 309 1320 (d)
341 1265 470 1305 Oratio
485 1263 606 1304 vultus
618 1264 722 1302 animi
735 1261 782 1318 est
797 1294 810 1312 ‚
829 1261 866 1314 fi
886 1258 1102 1313 circmntonstz
1115 1258 1162 1313 est
1176 1261 1213 1315 ss
1223 1258 1364 1312 fncaeta
1387 1291 1398 1309 ,
1426 1259 1479 1306 &9
1504 1273 1607 1301 mann
1616 1258 1770 1313 frasta,
1791 1258 1931 1315 (stendit
1950 1263 2040 1302 illum

229 1339 293 1367 non
311 1322 368 1380 effe
380 1324 550 1377 fincerznn
569 1354 579 1371 ‚
611 1322 661 1367 (ἶς’)
682 1323 806 1363 hahere
826 1321 960 1376 aliquid
971 1320 1071 1361 faofi.
1133 1321 1198 1361 Ad
1220 1321 1326 1373 quod
1349 1320 1617 1361 declarandum
1637 1322 1711 1361 alio
1736 1323 1940 1369 nobiliori,
1963 1335 2042 1362 ma-

231 1388 366 1439 gisque
395 1381 692 1423 accommodato
717 1382 960 1421 Emblemate
987 1381 1042 1419 uti
1072 1381 1216 1432 placuit
1239 1395 1247 1419 :
1307 1380 1502 1432 Campana
1527 1379 1669 1420 scilicet
1688 1412 1699 1429 ‚
1738 1393 1822 1433 quae
1858 1382 2041 1433 Principis

230 1445 461 1495 Symbolum
490 1441 544 1482 est
565 1455 577 1489 3
609 1443 669 1480 illa
686 1441 872 1494 siquidem
893 1441 1063 1492 suspensa
1083 1453 1132 1480 ex
1159 1441 1308 1480 editiori
1329 1442 1430 1480 urbis
1446 1443 1537 1480 loco
1557 1472 1569 1490 ‚
1600 1453 1737 1480 omnes
1766 1442 1896 1481 civum
1925 1441 2042 1481 actio·

229 1518 299 1546 nes
313 1505 499 1559 gubernat
516 1514 559 1541 ac
578 1501 701 1554 dirigit
725 1515 737 1549 3
769 1501 807 1541 &
824 1501 851 1541 s1
873 1502 938 1541 vel
954 1502 1366 1553 metallumprobatum
1378 1500 1513 1540 nonsit
1529 1531 1540 1548 ‚
1565 1502 1628 1540 vel
1639 1500 1739 1540 aliud
1753 1502 1867 1540 lateat
1890 1503 2039 1551 vitium,

231 1565 254 1605 e
272 1566 367 1605 sono
381 1562 448 1616 (e)
465 1564 566 1601 illico
584 1561 751 1613 dignosci
770 1559 910 1613 potest.
973 1561 1035 1600 Ad
1055 1562 1222 1601 eundem
1240 1560 1323 1602 fere
1332 1561 1490 1601 modum
1504 1560 1684 1612 Princeps
1698 1559 1908 1600 universale
1921 1562 2043 1612 quod-

231 1626 320 1665 dam
340 1626 491 1663 suorum
510 1621 747 1660 subditorum
774 1621 1018 1672 horologium
1038 1620 1111 1669 est,
1135 1631 1315 1672 tanquam
1334 1623 1397 1673 qui
1415 1621 1437 1661 e
1459 1631 1569 1661 motu
1597 1622 1805 1660 verborum
1822 1620 1936 1672 ipsius
1965 1634 2042 1660 ma-

231 1697 343 1738 gnam
368 1692 514 1734 partem
547 1679 822 1731 dependeant3
859 1692 930 1732 per
955 1680 1021 1719 ista
1047 1690 1113 1718 aut
1139 1680 1459 1720 existimationem
1489 1681 1558 1720 fibi
1594 1681 1696 1732 apud
1722 1680 1805 1719 illos
1836 1683 2041 1721 conciliat:

232 1756 297 1784 aut
321 1742 528 1793 deperdit,
558 1752 676 1779 nemo
705 1742 806 1779 enim
845 1740 1044 1791 quisquam
1077 1737 1132 1778 est
1154 1768 1167 1788 ³
1200 1741 1290 1790 quin
1315 1738 1342 1778 ὲ
1377 1741 1561 1790 Principis
1593 1740 1767 1779 sermone
1795 1741 1843 1779 de
1872 1740 2044 1791 ejusdem

198 1837 201 1842 .
231 1815 365 1845 natura
386 1833 397 1851 ‚
429 1802 582 1852 ingenio
601 1800 638 1838 &
660 1799 862 1839 affectibus
880 1801 1051 1850 augurari
1086 1801 1204 1838 velit:
1236 1797 1400 1838 Nullum
1428 1797 1483 1838 est
1506 1799 1669 1839 verbum
1687 1829 1698 1847 ,
1730 1800 1837 1850 quod
1866 1813 1945 1840 non
1971 1799 2046 1839 stu-

232 1863 430 1905 diosissime
462 1870 618 1910 captent
637 1859 849 1897 audientes.
909 1857 1077 1896 Manent
1097 1860 1169 1896 alta
1188 1867 1318 1903 mente
1337 1858 1488 1908 reposta
1504 1858 1667 1909 singula,
1697 1871 1780 1909 quae
1793 1870 1938 1899 narrata
1957 1859 2047 1901 dein

236 1925 314 1964 aliis
336 1923 542 1961 multorum
557 1917 750 1967 subjacent
766 1917 955 1964 examini,
970 1915 1158 1955 &avariis
1171 1917 1275 1955 varie
1286 1917 1466 1966 explicari
1486 1916 1619 1956 solent.
1680 1918 1799 1956 Addo
1824 1921 1884 1959 illa
1902 1921 2015 1959 etiam
2031 1949 2045 1968 ‚

234 1997 319 2037 quae
333 1984 371 2022 in
388 1977 528 2020 secessu
541 1978 578 2018 δε
600 1990 681 2018 non
706 1979 888 2027 cogitanti
908 1975 1034 2016 forsan
1059 1976 1244 2016 excidunt
1263 2006 1276 2024 ‚
1307 1974 1500 2026 profunda
1518 1976 1659 2015 censeri
1680 2005 1691 2025 ,
1724 1976 1761 2016 &
1780 1978 2047 2027 mysteriorum

233 2047 369 2099 plena,
398 2052 472 2081 nec
503 2037 587 2079 casu
617 2037 738 2078 solum
765 2035 866 2077 dic‘ta
887 2067 898 2085 ,
930 2045 995 2075 aut
1010 2035 1189 2075 fortuito.
1291 2034 1510 2086 Eapropter
1529 2035 1643 2074 decet
1660 2038 1842 2085 omnino,
1873 2050 1923 2077 ne
1942 2049 2045 2078 men-

236 2116 316 2145 tem
345 2103 405 2142 illa
428 2101 693 2152 praeveniant,
726 2097 788 2136 fed
814 2092 886 2149 (f)
912 2105 956 2134 ut
979 2097 1242 2148 praemeditata
1271 2094 1343 2133 sint
1362 2124 1374 2142 ,
1405 2094 1441 2134 &
1468 2106 1547 2135 non
1574 2095 1644 2135 nisi
1673 2097 1817 2148 praevia
1838 2099 2045 2150 temporis,

235 2166 340 2214 loci,
370 2164 617 2215 perionarum
636 2157 944 2199 consideratione
959 2155 1192 2208 proferatur.
1256 2152 1366 2194 Nam

415 2288 489 2304 ---
523 2260 687 2329 Nescit
706 2278 810 2311 vox
829 2254 969 2327 mzffa
994 2260 1178 2310 reverti
1202 2293 1217 2314 ³

239 2380 310 2436 (g)
327 2378 386 2419 Ut
408 2379 458 2417 ait
483 2376 669 2417 Horatius
694 2388 706 2421 ς
738 2375 799 2413 cui
822 2372 1044 2426 suffragatur
1071 2370 1291 2424 Alphonsus
1314 2369 1417 2410 Rex.
1477 2369 1553 2425 (h)
1583 2370 1722 2422 Eporen
1743 2371 1771 2412 Ie
1791 2371 1866 2412 todo
1884 2372 1970 2412 Ome
1987 2403 2000 2423 ‚
2028 2387 2046 2413 e

239 2453 356 2493 mayor
375 2446 480 2478 niente
509 2438 538 2477 el
563 2437 639 2488 Rey
655 2431 692 2485 se
708 2433 788 2473 debe
802 2434 915 2474 inacho
940 2431 1098 2486 gilardor
1111 2446 1152 2471 en
1158 2428 1204 2482 fic
1215 2429 1369 2484 polabra
1386 2460 1399 2478 ‚
1421 2429 1461 2471 de
1477 2443 1638 2478 manera,
1654 2445 1719 2484 que
1726 2429 1764 2483 se
1783 2446 1807 2470 a
1822 2431 1971 2472 acatada
1984 2464 1998 2483 ‚
2029 2446 2047 2472 e

232 2497 381 2555 petfizda
399 2530 411 2548 ‚
440 2506 520 2538 onte
536 2511 600 2551 qne
624 2496 657 2534 In
684 2492 765 2545 [1⁷in
782 2509 792 2532 .·
825 2508 864 2533 ca
879 2492 1011 2546 derpnes
1027 2523 1038 2539 ‚
1069 2505 1131 2545 que
1142 2489 1216 2543 sale
1235 2490 1276 2530 de
1291 2491 1326 2531 la
1339 2490 1418 2531 hoca
1438 2521 1451 2541 ,
1481 2489 1638 2542 nopnede
1656 2491 1742 2531 Ome
1749 2489 1866 2542 fozer
1884 2523 1895 2540 ,
1924 2506 1988 2546 qne
2005 2504 2048 2533 no

231 2559 292 2613 fta
309 2560 417 2601 dicho.
476 2558 600 2611 Atque
627 2568 700 2595 eam
714 2555 752 2594 ob
769 2551 899 2605 confirm
919 2552 1104 2593 hominibus
1119 2550 1250 2605 quidem
1266 2551 1413 2591 omnibns
1434 2583 1446 2600 ‚
1476 2558 1516 2591 cit
1533 2550 1665 2602 regibus
1677 2554 1850 2603 praecipne
1870 2564 1993 2603 magna
2010 2553 2047 2591 in

242 2621 364 2661 verbis
389 2614 629 2669 circmnlpeciio
661 2613 850 2655 adhibenda
868 2613 914 2669 est
931 2645 944 2663 ,
975 2622 1013 2652 ut
1037 2626 1078 2652 ea
1093 2643 1105 2661 ‚
1126 2613 1335 2665 priusquam
1351 2611 1495 2663 prolata
1504 2608 1646 2663 fuerint
1660 2643 1672 2661 ,
1694 2609 1952 2664 provideantur
1976 2607 2046 2660 soli-

242 2683 305 2721 cite
324 2680 374 2726 ἐξ)
391 2677 626 2731 expendantur
646 2689 658 2724 3
689 2674 780 2730 qnod
791 2676 876 2715 enim
896 2674 1022 2714 dinam
1036 2669 1137 2724 ssmel
1149 2671 1196 2727 est
1214 2670 1376 2711 indicium
1399 2671 1495 2724 ntfit
1507 2703 1526 2721 v,
1542 2669 1666 2724 efficere
1682 2674 1717 2712 in
1741 2672 1864 2712 millius
1885 2667 1931 2723 est
1949 2677 2046 2721 pote-

232 2739 340 2796 state.
400 2737 519 2777 Unde
541 2736 749 2789 graviffima
765 2735 854 2776 oriri
874 2733 1029 2787 poss'unt
1052 2730 1326 2773 incommoda:
1357 2731 1510 2785 Regum
1532 2732 1631 2772 enim
1655 2731 1739 2786 (i)
1770 2731 1888 2771 verba
1916 2731 2048 2780 praeci·

243 2813 322 2854 pua
349 2800 432 2839 sunt
454 2797 689 2851 gubernandi
707 2795 964 2836 instrumenta,
1028 2794 1137 2834 ΜΠ
1160 2790 1211 2836 &¹³
1229 2793 1308 2831 vito
1324 2794 1358 2831 in
1383 2792 1644 2843 mannlingnae:
1678 2793 1802 2831 honor
1817 2790 1853 2829 &
1874 2791 2048 2840 ignoran-

242 2862 296 2900 tia
319 2870 331 2903 t
362 2859 590 2910 prosperitas
610 2857 646 2897 &
665 2857 771 2895 ruina
789 2855 1038 2895 subditorum.
1098 2852 1192 2892 Ideo
1212 2850 1452 2891 Callistenem
1475 2853 1660 2891 monebat
1675 2849 1896 2891 Aristoteles
1916 2879 1928 2898 ‚
1959 2849 2048 2889 cum

245 2932 336 2961 eum
357 2918 404 2957 ad
430 2917 691 2958 Alexandrum
716 2915 905 2968 Magnum
938 2916 1109 2954 mitteret
1125 2942 1138 2962 ‚
1166 2923 1290 2965 pauca
1317 2923 1406 2951 cum
1425 2923 1474 2951 eo
1491 2913 1776 2964 colloqueretur
1791 2940 1802 2958 ,
1841 2909 1877 2949 &
1895 2921 1974 2954 non
1989 2910 2047 2949 ni-

2018 2967 2048 3008 fi

245 3058 2047 3076 ———.—————-—————n—-————————-———u——o

351 3115 408 3162 (a)
425 3114 520 3150 Eccl.
546 3128 582 3162 4.
606 3127 666 3158 29.
722 3116 788 3162 (b)
811 3112 890 3150 Lib.
913 3124 981 3158 5.t.
1000 3126 1037 3149 2.
1063 3124 1097 3161 p.
1117 3124 1152 3148 2.
1204 3110 1262 3156 (c)
1288 3110 1382 3147 Pers.
1435 3110 1497 3158 (d)
1523 3113 1643 3144 SeneC.
1667 3104 1809 3155 Epistol.
1844 3117 1926 3151 115,
1989 3108 2049 3153 (e)

251 3173 316 3204 Vas
331 3166 451 3218 fili‘ile
465 3168 540 3204 icJu
556 3165 601 3209 ὠ
611 3165 714 3212 ftno‚
740 3164 835 3203 homo
841 3165 998 3212 sermone
1018 3161 1203 3217 probatur.
1264 3162 1389 3200 Meliss.
1419 3165 1519 3199 ierm.
1543 3157 1606 3208 48.
1630 3169 1720 3194 tom.
1749 3170 1780 3203 5.
1801 3157 1887 3195 bibl.
1942 3155 1997 3205 (f)
2013 3161 2053 3193 A

239 3218 343 3270 facie
358 3218 485 3261 verbi,
504 3221 671 3272 parturit
695 3216 850 3269 fatuus,
878 3229 1053 3270 tanquam
1073 3218 1237 3269 geminus
1253 3226 1382 3269 partus
1409 3211 1567 3265 infantis
1583 3211 1677 3248 Eccl.
1693 3222 1735 3255 19
1757 3223 1770 3248 1
1784 3224 1814 3248 1.
1865 3210 1930 3260 (g)
1956 3210 2047 3247 Hor.

248 3273 310 3318 (h)
330 3272 409 3310 Lib.
440 3286 469 3310 1.
499 3284 541 3310 tt.
560 3286 640 3322 4.p.
655 3286 689 3309 2.
751 3271 800 3319 (i)
828 3278 871 3307 Et
881 3270 994 3318 sermo
1011 3269 1102 3307 illius
1118 3267 1289 3321 potestate
1302 3268 1424 3321 plenus
1437 3264 1495 3317 est.
1547 3263 1641 3302 Eccl.
1667 3270 1699 3307 8.
1715 3277 1752 3311 4.
