2132 3730
448 342 1399 393 SYMBOLAPOLITICA.
1749 353 1835 396 ,μς

78 437 114 475 Gt
135 437 244 487 eligat
280 433 475 474 Ministros
498 433 724 485 prudentes,
761 439 927 470 amantes
957 427 1173 469 concordiae
1201 426 1239 466 &
1259 425 1531 477 tranquillitatis
1549 423 1724 476 publicae.
1782 422 1839 463 Ita

78 493 163 544 fiet,
188 504 231 534 ut
248 492 389 534 Pacatis
416 495 488 533 hac
508 494 673 539 ratione,
700 488 1002 541 formatisquead
1021 489 1189 540 quietem
1207 487 1243 527 &
1257 483 1577 527 mansuetudinem
1592 484 1742 532 animis,
1754 493 1840 525 ean·

77 553 163 594 dem
177 564 332 606 quoque
353 553 403 593 de
417 549 640 595 Succeffore
661 549 728 591 fibi
745 550 994 603 polliceantur
1013 547 1172 597 subditi,
1195 558 1321 599 neque
1343 555 1404 585 res
1432 554 1554 585 novas
1569 545 1784 586 moliantur.
1837 575 1840 580 .

475 767 1431 869 SYMBOLUMCL

224 2251 306 2294 Ulti
329 2251 488 2305 infignes
509 2255 580 2294 viri
604 2255 807 2307 plurimum
827 2253 900 2307 qua
921 2255 1197 2307 speculatione,
1230 2253 1303 2306 qua
1327 2252 1562 2306 experientia
1596 2253 1850 2301 elaborarunt,

72 2252 222 2391 M
253 2325 295 2356 ut
308 2313 469 2368 pei-feni
490 2315 643 2367 alicujus
664 2314 845 2367 Principis
867 2316 988 2356 ideam
1011 2315 1268 2360 efformarent.
1324 2314 1480 2368 Integris
1499 2314 1637 2357 saeculis
1660 2327 1757 2368 opus
1777 2314 1853 2355 fuit

250 2376 297 2416 ad
321 2373 573 2426 effingendam
595 2375 674 2416 Vas
701 2376 792 2415 illud
812 2388 861 2416 ex
892 2376 1008 2417 Ostro
1025 2376 1208 2429 Regium,
1237 2374 1303 2416 sed
1324 2385 1488 2415 terreum
1510 2386 1660 2426 tamen,
1689 2389 1767 2418 non
1785 2376 1851 2415 mi·

72 2436 310 2487 nusfragile,
337 2432 451 2491 quam
470 2436 635 2488 reliqua,
664 2438 879 2487 magisque,
900 2436 1013 2488 quam
1037 2438 1154 2477 ullum
1180 2437 1306 2487 aliud,
1335 2435 1479 2476 casibus
1495 2438 1730 2485 obnoxium,
1758 2450 1853 2490 prae-

78 2498 243 2538 sertimfi
265 2495 416 2549 Figulus
447 2491 470 2532 ὲ
493 2492 742 2549 Machiavelli
770 2494 960 2547 disciplina
988 2497 1057 2545 fit,
1086 2496 1188 2538 unde
1214 2499 1340 2539 omnia
1365 2495 1558 2549 prodeunt
1585 2507 1787 2546 contorta,
1815 2498 1855 2537 δε

74 2570 152 2597 non
178 2557 247 2598 nili
266 2567 358 2596 mox
374 2554 518 2599 ,iterum
543 2555 758 2603 interitura3
787 2557 897 2608 quale
917 2555 989 2596 fuit
1013 2555 1129 2605 illud,
1157 2556 1265 2610 quod
1287 2557 1522 2608 reliquorum
1549 2558 1719 2598 omnium
1750 2556 1854 2611 quali

75 2618 270 2674 eicemplar
289 2616 511 2672 &notulam
527 2615 668 2667 posuit.
724 2614 922 2656 Hactenus
942 2613 1095 2668 quidem
1117 2614 1309 2668 Symbolis
1328 2613 1462 2654 nostris
1486 2615 1578 2656 illud
1612 2618 1756 2669 egimus
1781 2627 1856 2668 po-

18 2709 20 2715 χ
76 2671 270 2724 tissimi-im,
299 2684 342 2715 ut
360 2684 565 2728 purpuram
581 2674 685 2716 istam
701 2677 985 2726 excoleremus,
1013 2675 1119 2728 cujus
1147 2675 1223 2729 tela
1243 2676 1424 2730 coccinea
1448 2673 1535 2726 post
1559 2675 1679 2716 breve
1702 2686 1854 2729 tempo-

74 2730 123 2777 ris
144 2735 303 2790 spatium
332 2736 470 2789 iterum
506 2735 584 2775 abit
615 2737 654 2776 in
679 2737 835 2776 cineres.
895 2737 930 2776 A
961 2736 1070 2775 cunis
1087 2736 1194 2776 suum
1220 2733 1374 2787 sumpsit
1405 2733 1628 2785 exordium,
1658 2734 1786 2775 finitur
1814 2736 1854 2775 in

20 2800 21 2838 l
75 2789 234 2836 tumulo.
290 2795 387 2837 Haec
414 2795 504 2849 vitae
527 2795 759 2846 parenthesis
802 2794 858 2836 est
874 2825 888 2845 ,
917 2807 1037 2847 quam⁴
1060 2794 1268 2835 brevissima
1293 2795 1477 2847 temporis
1506 2794 1665 2835 clausula
1694 2796 1790 2835 intra
1815 2794 1855 2835 se

77 2854 356 2907 complectitur.
413 2851 506 2893 Nec
520 2853 630 2895 facile
653 2855 836 2905 dixerim,
865 2866 949 2907 quae
980 2853 1128 2895 felicior
1144 2858 1241 2896 hora
1259 2854 1304 2894 sit
1321 2884 1334 2904 ‚
1362 2855 1493 2902 illane,
1523 2851 1597 2907 qua
1612 2855 1738 2895 lucem
1755 2855 1855 2895 hanc

22 2915 23 2941 ³
76 2916 204 2968 primis
234 2915 601 2969 aspicimusmculis,
630 2927 678 2955 an
711 2916 772 2955 illa
787 2912 861 2967 qua
890 2915 1034 2967 mortis
1051 2913 1125 2968 (b)
1152 2915 1406 2966 immergimur
1434 2914 1617 2954 tenebris:
1641 2926 1721 2963 ⁴una
1746 2915 1849 2954 enim

22 2976 24 3021 ς
76 2975 326 3028 principium,
354 2975 470 3013 altera
494 2973 666 3014 laborum
685 2972 770 3015 finis
786 2973 863 3026 est,
896 2973 932 3014 &
948 2972 1095 3015 tametfi
1113 2975 1209 3014 inter
1235 2972 1327 3022 ess'e,
1357 2973 1396 3013 ἃ
1421 2984 1501 3014 non
1524 2972 1600 3014 ess'e
1621 2973 1782 3013 multum
1798 2973 1853 3014 in·

23 3026 25 3072 ἓ
79 3035 203 3084 terfit,
231 3034 323 3075 illud
340 3043 467 3074 tamen
485 3032 533 3072 ad
549 3033 664 3075 solam
681 3035 873 3076 materiam
893 3035 1079 3085 pertinet,
1106 3045 1186 3074 non
1206 3033 1254 3073 ad
1272 3033 1436 3076 hominis
1459 3031 1620 3076 formam
1639 3062 1649 3080 ‚
1679 3044 1764 3084 quae
1783 3034 1853 3073 im-

25 3135 26 3141 ,
78 3095 245 3139 mortalis
260 3093 333 3144 est,
362 3092 399 3133 &
416 3101 541 3134 morte
565 3092 771 3145 perficitur,
828 3091 1022 3133 Naturalis
1041 3091 1098 3133 est
1116 3093 1301 3146 sepulchri
1324 3094 1480 3143 horror,
1509 3093 1538 3132 fi
1562 3101 1689 3132 tamen
1714 3100 1854 3143 poten·

80 3154 153 3192 tior
183 3153 223 3192 in
242 3155 352 3195 nobis
377 3150 473 3192 effen
501 3153 618 3202 tatio,
653 3151 766 3205 quam
792 3152 950 3193 vivendi
984 3153 1175 3205 appetitus
1197 3183 1209 3202 ,
1238 3152 1442 3205 plurimum
1465 3153 1596 3203 utique
1619 3152 1852 3201 laetaremur,

26 3228 28 3251 1
82 3211 235 3263 quando
255 3213 306 3263 illi
322 3213 503 3254 fieremus
524 3213 847 3265 propinquiores3
876 3212 971 3252 ficut
987 3213 1179 3263 laetantur,
1207 3214 1272 3264 qui
1284 3213 1495 3262 thesaurum
1510 3221 1854 3263 quaerentes,mor-

869 3271 1109 3325 PPPPP.
1764 3279 1853 3311 mm

584 3358 1438 3370 *ww-,affl

182 3409 244 3454 (b)
269 3405 395 3446 illeli'or
413 3405 542 3460 estdies
557 3410 695 3450 mortis.
722 3407 778 3446 die
791 3408 1017 3445 nativitatis.
1044 3406 1137 3444 [ccl.
1157 3417 1192 3453 ῑ.
1216 3419 1249 3442 2.
1305 3454 1313 3467 ἱ
