2132 3730
259 220 349 271 284
719 211 1663 267 DJDACJSAAVEDRAE

414 297 449 349 §.
476 295 571 336 Illud
596 303 723 333 autern
742 292 990 334 necessarium
1008 295 1063 335 est
1087 300 1308 349 cumprimis
1322 329 1336 348 ,
1367 308 1410 338 ut
1430 303 1495 352 qui
1512 305 1687 348 mandata
1705 312 1847 363 exequi
1859 310 1989 361 debet,
2007 325 2068 354 ea-

259 357 349 398 dem
366 355 468 408 apud
491 355 657 392 animum
684 353 791 393 suum
817 355 1036 406 approbet:
1065 357 1131 407 qui
1155 358 1256 397 enirn
1272 359 1553 411 improbaverit
1571 393 1584 413 ,
1616 373 1682 404 aut
1704 370 1828 411 minus
1856 383 1901 412 ea
1924 383 2070 414 conve·
2130 397 2132 402 Α

256 419 339 459 nire
355 416 598 468 judicat‚aut
619 412 880 454 difficultatem
903 415 940 455 in
955 416 999 455 iis
1015 417 1432 471 reperit3proindeque
1448 433 1529 461 non
1548 432 1657 464 tanto
1668 422 1790 468 studio
1803 431 1851 472 ad
1877 443 1923 472 ea
1943 432 1980 472 se
2004 432 2068 473 da.
2118 411 2132 473 ᾖ

256 479 374 519 bitae
397 475 509 515 decet
524 503 536 522 ‚
566 485 641 514 nec
658 486 893 527 magnopere
920 477 1067 516 curabit
1089 507 1101 526 ,
1133 475 1162 516 fi
1182 475 1253 516 rite
1275 490 1356 518 non
1373 477 1590 523 succedant.
1652 484 1816 538 Optime
1829 493 2001 534 omnium
2019 504 2066 533 ea

255 536 477 579 executioni
506 534 612 574 dabit
629 535 692 575 ille
708 534 788 587 ipse
806 534 1003 586 Minister,
1026 536 1046 576 a
1062 537 1168 589 cujus
1188 537 1348 577 confilio
1367 539 1546 591 profecta
1567 545 1650 584 sunt
1670 555 1686 597 3
1716 545 1899 598 siquidem
1919 552 1967 593 ad
2000 553 2070 593 hu.
2130 551 2132 554 ⁴

251 598 311 650 jus
346 595 665 637 existimationem
693 594 849 636 interest
875 596 1082 649 plurimiun
1103 628 1115 647 ‚
1155 606 1199 637 ut
1231 596 1347 650 quam
1374 597 1574 642 rectiffime
1607 605 1647 643 in
1674 605 1858 648 effectum
1883 610 2070 654 deducan·
2116 612 2118 623 '

255 667 329 697 tur.

613 832 1430 901 SYMBOLUM
1523 834 1718 906 LXV.

359 2313 456 2366 Apis
472 2313 511 2354 in
525 2310 675 2355 Lacum
688 2310 887 2366 conjectus
907 2317 968 2352 tot
984 2309 1128 2350 circum
1147 2304 1290 2350 fluctus
1310 2311 1493 2352 continua
1512 2309 1604 2354 serie
1640 2314 1784 2356 excitat
1804 2342 1816 2363 ‚
1846 2322 1890 2354 ut
1910 2325 1999 2354 curn
2023 2309 2070 2353 ad

389 2384 626 2424 extremam,
644 2387 768 2427 usque
792 2374 911 2426 ripam
930 2371 1183 2425 pervenerint
1200 2399 1212 2418 ,
1245 2370 1381 2411 infiniti
1410 2373 1702 2426 propemodum
1717 2373 1814 2423 sint,
1836 2373 2070 2424 turbentque

392 2436 553 2475 omnino
568 2435 829 2475 lucidissimum
847 2433 939 2474 illud
953 2441 1086 2483 aequor
1102 2430 1138 2470 &
1155 2428 1384 2481 puriffimum
1398 2432 1592 2486 speculum
1606 2435 1757 2487 ,inquo
1768 2432 1992 2487 repercuffae
2009 2443 2068 2472 re·-

244 2507 328 2535 rum
351 2495 555 2546 imagines,
589 2507 674 2548 quae
692 2492 961 2549 perfectiffime
979 2492 1057 2532 sese
1073 2502 1184 2532 antea
1210 2493 1332 2532 oculis
1356 2495 1617 2545 exhibebant,
1647 2507 1752 2536 nunc
1776 2507 1857 2535 non
1881 2492 1950 2533 nisi
1974 2500 2068 2534 con·
2128 2484 2132 2497 ¹

240 2553 328 2597 fuse
339 2555 375 2595 se
387 2554 569 2598 offerunt.
630 2556 737 2597 idem
747 2554 898 2608 prorsus
906 2554 944 2594 in
954 2554 1082 2594 animo
1099 2552 1258 2596 accidit.
1277 2553 1343 2593 ubi
1353 2552 1467 2595 semel
1480 2556 1518 2596 in
1528 2568 1696 2597 errorem
1706 2557 1869 2608 aliquem
1879 2552 1955 2593 labi
1965 2565 2060 2593 con-

243 2617 391 2667 tigerit,
413 2629 461 2656 ex
477 2629 557 2657 uno
569 2618 634 2656 illo
651 2616 761 2656 multi
779 2615 981 2656 nascuntur
998 2615 1058 2654 alii
1071 2644 1083 2663 ‚
1096 2611 1257 2654 confuso
1266 2613 1343 2665 jam
1361 2615 1608 2656 &excoecato
1617 2615 1763 2667 judicio
1778 2645 1789 2662 ‚
1806 2613 2062 2665 excitatisque

247 2675 459 2715 voluntatis
470 2674 650 2715 fluetibus
660 2685 702 2715 ut
717 2675 974 2727 intelligentiae
988 2672 1148 2713 facultas
1166 2683 1291 2713 rerum
1306 2677 1513 2715 veritatem
1529 2676 1613 2715 satis
1628 2675 1845 2727 perspicere
1866 2684 2034 2725 nequeat
2050 2685 2064 2722 3
2129 2683 2132 2705 ὲ

246 2734 416 2786 dumque
437 2746 554 2775 unum
567 2745 734 2775 errorem
746 2736 935 2787 corrigere
946 2736 1089 2786 cogitat
1102 2764 1124 2785 ‚v
1137 2734 1175 2773 in
1184 2731 1296 2773 alium
1313 2735 1445 2775 incidit
1455 2765 1467 2785 ,
1478 2735 1567 2776 inde
1575 2734 1717 2776 rursum
1733 2736 1770 2774 in
1788 2731 1967 2783 alium,ut
1983 2742 2062 2773 tan-

246 2793 334 2833 dem
349 2792 460 2845 quam
478 2797 629 2846 plurimi
641 2795 732 2844 fint,
744 2794 822 2846 quo
834 2795 855 2835 a
873 2795 999 2848 primo
1011 2793 1146 2834 distant
1156 2793 1326 2846 longius,
1338 2795 1386 2835 eo
1397 2796 1615 2848 grandiores
1626 2794 1723 2842 sunt3
1731 2807 1809 2834 non
1821 2794 1926 2835 secus
1938 2804 1981 2832 ac
1991 2792 2063 2833 flu-
2085 2819 2087 2823 ›
2131 2803 2132 2810 ¹

248 2853 331 2893 ftus
352 2852 373 2892 ὲ
391 2854 575 2901 centro,{1
600 2866 678 2907 quo
690 2857 926 2903 excitantur,
940 2856 1181 2895 remotiores.
1244 2851 1362 2894 Causa
1386 2855 1498 2907 hujus
1514 2857 1568 2896 rei
1591 2854 1665 2906 est,
1697 2856 1784 2907 quia
1806 2854 1880 2908 (a)
1890 2854 2059 2906 principi*

245 2927 303 2954 um
329 2912 454 2953 dicitnr
471 2911 527 2966 (ψ
558 2914 728 2955 dimidium
749 2917 877 2963 totius,
907 2917 1025 2968 itaque
1046 2923 1207 2966 parvum
1230 2913 1266 2953 in
1280 2916 1449 2968 primzpio
1482 2924 1641 2956 erratum
1664 2911 1912 2967 correspondens
1943 2911 1991 2967 est
2010 2911 2064 2953 ad
2119 2951 2121 2960 ,

245 2974 335 3014 alias
352 2980 486 3024 partes.
548 2973 603 3012 Ea
629 2986 670 3014 re
693 2974 892 3028 diligenter
910 2976 1076 3015 animum
1109 2973 1311 3015 advertere
1334 2985 1492 3027 oportet
1521 2976 1568 3016 ad
1595 2988 1743 3017 errores
1774 2974 1917 3026 primos
1941 3004 1952 3022 ,
1984 2973 2059 3028 (h)
2118 2985 2132 3022 ,ωε

246 3046 319 3073 cum
329 3031 415 3086 fieri
433 3045 496 3072 non
509 3033 605 3086 pofflt
622 3063 634 3081 ,
662 3041 701 3074 ut
708 3035 745 3087 fi
760 3037 796 3075 in
810 3038 923 3087 primo
946 3042 1051 3088 atque
1060 3035 1229 3085 princzpio
1254 3043 1432 3087 peccatum
1443 3034 1566 3087 fuerit
1579 3066 1591 3085 ,
1621 3050 1685 3077 non
1701 3034 1751 3074 ad
1769 3040 1956 3074 extremum
1986 3046 2059 3073 ma-

248 3093 315 3134 lum
331 3090 487 3145 alioquod
508 3091 652 3133 evadat.
714 3093 757 3134 In
777 3093 970 3136 Mafiniffa
988 3094 1027 3142 id
1052 3093 1185 3133 videre
1201 3094 1321 3146 licuit,
1334 3098 1398 3148 qui
1422 3097 1672 3149 reprehensus
1687 3095 1707 3135 ἐι
1731 3093 1935 3145 Scipione,
1952 3091 2082 3150 quod*

1902 3153 2060 3208 Sopho.

352 3289 409 3337 (a)
436 3289 540 3327 Arist.
552 3289 574 3326 1.
598 3301 631 3327 2.
653 3289 755 3338 polit.
766 3303 840 3339 cap.
861 3304 896 3339 4.
965 3292 1032 3340 (b)
1061 3291 1159 3327 Idem
1185 3292 1206 3328 li
1236 3305 1269 3338 5.
1299 3288 1401 3343 polit.
1430 3305 1505 3341 cap.
1533 3303 1565 3328 1.
