2132 3730
458 265 1429 314 SYMBOLAPOLJTJCA,
1704 277 1870 331 >39ss

61 357 188 407 preffit
209 357 247 394 in
271 352 458 405 pectore,
490 354 617 394 donec
638 354 765 393 fumus
785 353 922 393 indicia
943 354 1116 405 quaedam
1145 353 1329 404 proderet
1368 364 1524 400 eorum,
1555 364 1639 404 quae
1667 353 1768 391 intus
1801 353 1864 393 ille

0 451 1 458 ,
63 416 271 465 moliretur.
333 412 467 453 Crevit
487 415 586 453 inter
603 423 808 464 utrumque
826 414 1124 453 communicatio
1150 423 1219 463 per
1244 413 1402 451 secretas
1428 411 1466 451 &
1487 415 1657 452 occultas
1682 412 1864 463 quasdam

65 475 148 513 vias
165 501 178 521 ,
210 483 283 511 nec
307 484 444 526 capere
463 474 592 524 potuit
607 473 775 511 vicinum
798 486 925 522 mare,
956 472 1086 512 fic‘tum
1107 472 1211 511 illum
1241 473 1405 511 amicum
1431 483 1511 510 non
1539 472 1606 511 nisi
1628 472 1864 511 munimenta

65 531 246 571 adversus
266 531 302 571 se
327 533 492 584 erigere,
521 531 558 571 &
574 531 838 572 subterraneos
869 544 957 573 cum
980 530 1135 572 diverfis
1170 533 1329 570 metallis
1360 531 1568 581 sulphureis
1593 530 1773 570 instruere
1799 541 1865 569 cu·

66 593 239 641 niculos,
271 591 396 631 donec
419 592 462 630 iis
473 591 550 642 jam
567 590 749 643 perfecstis
773 591 912 645 (quod
928 593 1000 632 hac
1021 590 1146 631 nostra
1172 600 1281 629 aetate
1307 590 1502 642 contigit)
1530 592 1654 642 ignem
1681 592 1867 629 admove-

65 652 126 691 rit.
188 651 229 690 ln
249 652 426 702 supremo
448 652 589 690 montis
610 653 808 691 cacumine
830 653 954 691 hiatus
981 653 1111 704 ingens
1140 649 1177 688 &
1200 648 1416 700 profundus
1450 650 1526 688 sese
1561 651 1728 700 aperuit,
1761 649 1864 688 unde

61 709 224 750 flammae
253 710 526 761 erumpebant,
556 722 640 761 quae
667 711 732 750 sub
757 713 902 752 initium
923 723 1004 751 non
1028 710 1095 750 nisi
1130 707 1309 748 stricturae
1335 709 1508 761 quaedain
1542 708 1766 754 lucidiores,
1797 717 1863 747 aut

63 771 168 821 ignes
196 767 322 809 festivi
349 768 560 808 artificiales
591 769 847 818 videbantur3
878 780 914 810 at
947 771 1078 821 paucis
1107 767 1194 820 post
1226 769 1330 807 horis
1362 767 1509 807 funesta
1541 765 1649 807 fuere
1678 768 1864 819 prodigia,

62 829 306 868 Contremuit
335 829 467 880 saepius
485 827 631 868 vastum
653 831 743 869 illud
761 842 901 882 corpus
919 839 1031 869 tantae
1058 830 1169 869 molis
1189 840 1232 866 ac
1254 828 1458 878 ponderis,
1490 827 1528 866 δι
1549 830 1646 867 inter
1668 827 1860 867 horrenda

61 889 229 928 tonitrua
247 890 412 928 incensas
436 890 611 928 evomuit
632 890 916 940 liquescentium
934 890 1174 929 metallorum
1200 886 1398 940 indigestas
1411 888 1616 934 ‚materias3
1649 896 1733 938 quae
1761 887 1798 925 in
1825 888 1865 926 ila

63 949 134 986 lius
150 947 354 988 fervebant
373 948 593 997 stomacho,
622 948 659 988 ὅτ
680 961 748 1000 per
772 950 912 988 montis
929 948 1114 996 declivia,
1147 946 1305 986 adinstar
1328 948 1554 991 torrentium
1574 949 1769 999 igneorum
1785 972 1796 994 ,
1828 949 1867 985 in

63 1008 374 1058 circumjacentes
404 1020 513 1060 agros
548 1008 620 1047 sese
645 1009 885 1058 effuderunt,
917 1007 1043 1048 donec
1065 1009 1104 1047 in
1135 1007 1256 1058 ipsum
1292 1019 1395 1046 mare
1428 1006 1725 1054 delaberentur,
1756 1005 1864 1056 quod

63 1075 142 1106 tam
171 1069 328 1119 inopina
346 1067 548 1107 hostilitate
567 1066 847 1119 stupefafftum,
876 1068 1063 1119 adipsum
1088 1076 1262 1107 centrum
1279 1079 1365 1106 cum
1396 1069 1502 1117 aquis
1530 1067 1600 1105 suis
1636 1067 1671 1105 se
1697 1067 1864 1117 recepit,

60 1127 126 1166 seu
149 1138 254 1166 metu
278 1129 404 1179 aliquo
428 1126 571 1166 factum
593 1127 630 1166 id
651 1127 786 1176 fuerit,
818 1128 881 1167 seu
911 1126 1011 1176 astu,
1042 1127 1089 1166 ad
1115 1126 1306 1178 cogendas
1331 1126 1475 1175 undas,
1505 1127 1642 1177 quibus
1673 1127 1709 1163 le
1740 1135 1864 1164 tuere-

62 1195 148 1230 tur-3
180 1188 300 1238 ruptis
323 1199 487 1240 namque
513 1187 656 1237 antiqui
672 1187 824 1226 foederis
846 1189 1006 1227 vinculis
1033 1186 1181 1226 necesse
1202 1196 1307 1234 erat,
1339 1197 1380 1225 ut
1398 1185 1445 1225 ad
1472 1185 1732 1225 defensionem
1762 1187 1865 1225 stiam

62 1245 99 1284 se
126 1257 375 1298 compararet.
437 1247 653 1297 Pugnaruiit
681 1248 779 1286 inter
807 1248 842 1286 se
866 1249 981 1286 ambo
1010 1249 1221 1295 elementa,
1251 1259 1331 1285 non
1361 1246 1438 1284 fine
1466 1246 1720 1297 trepidatione
1746 1245 1863 1295 ipsius

61 1303 223 1343 Naturae
239 1306 464 1354 metuentis,
492 1318 541 1344 ne
566 1306 819 1356 pulcherrima
847 1307 927 1346 haec
951 1319 1075 1346 rerum
1091 1305 1234 1346 fabrica
1255 1299 1516 1356 conflagraret„
1576 1305 1775 1347 Ardebant
1792 1304 1863 1356 ipsi

63 1375 242 1414 aquarum
267 1365 405 1404 fluetus
427 1366 448 1403 a
466 1364 656 1415 superiore
678 1365 786 1405 hoste
821 1365 972 1405 domiti:
1001 1368 1089 1418 ignis
1114 1364 1313 1418 enimr(ut
1344 1366 1480 1404 alicubi
1506 1363 1676 1415 loquitur
1701 1365 1862 1414 Spiritus

60 1422 248 1477 sanctus>
280 1423 354 1476 (a)
382 1426 417 1462 in
431 1436 525 1475 aqua
547 1423 687 1462 valebat
697 1421 808 1474 fhpm
821 1421 920 1472 fitam
936 1427 1127 1472 virtutem,
1158 1424 1210 1467 ἐξ)
1229 1437 1323 1477 aqua
1337 1425 1564 1475 eirmguentis
1583 1432 1723 1463 natm-cc
1743 1423 1863 1463 oblivi-

60 1479 224 1527 [celamur.
288 1483 406 1521 Pisces
431 1482 589 1521 fiammis
617 1483 827 1524 innatantes
843 1482 1001 1521 extincti
1020 1483 1116 1525 sunt.
1176 1481 1288 1521 Tales
1306 1483 1453 1533 semper
1482 1483 1677 1521 habebunt
1701 1481 1865 1522 effectus

65 1544 192 1581 omnia
206 1542 333 1580 similia
353 1541 512 1587 foedera,
542 1552 625 1590 quae
643 1541 792 1592 disparis
807 1552 949 1579 natura:
978 1542 1059 1580 sunt
1075 1541 1113 1579 &
1133 1542 1377 1585 conditionis.
1440 1541 1531 1581 Nec
1547 1540 1683 1581 damna
1712 1544 1859 1587 minora

59 1613 206 1641 metuat
227 1601 404 1652 Princeps
422 1601 663 1648 (sarlionem,
696 1602 758 1651 qui
785 1599 1004 1640 societatem
1026 1612 1113 1640 cum
1132 1600 1347 1639 infidelibus
1369 1602 1530 1639 coierit:
1559 1613 1644 1639 nam
1670 1601 1757 1640 ciiin
1784 1604 1865 1641 nul-

62 1663 97 1701 la
113 1662 286 1712 graviora
306 1661 375 1700 sint
393 1660 501 1704 odia,
534 1659 647 1711 quam
669 1673 752 1711 quae
773 1672 822 1698 ex
845 1660 1086 1712 Religionum
1112 1660 1330 1700 diversitate
1366 1662 1564 1707 oriuntur,
1596 1660 1675 1700 fieri
1704 1661 1862 1712 quidem

61 1719 189 1772 potest
204 1752 215 1769 ‚
247 1732 289 1760 ut
306 1733 349 1760 ea
371 1721 560 1760 necelsitas
581 1717 739 1771 praesens
760 1719 977 1769 distimulet,
1009 1721 1097 1771 qum
1115 1730 1241 1760 tamen
1271 1731 1469 1771 erumpant
1485 1721 1710 1772 aliquando,
1742 1731 1859 1761 nemo

64 1792 229 1832 unquam
259 1780 454 1833 impediet.
518 1779 754 1832 Quomodo,
774 1780 955 1828 obsecro,
986 1779 1357 1833 conservaripoterit
1375 1782 1470 1820 inter
1497 1781 1580 1820 illos
1617 1781 1800 1830 amicitia,
1830 1782 1860 1825 fi

61 1852 159 1885 unus
189 1843 293 1883 alteri
323 1842 404 1880 satis
427 1852 504 1879 non
533 1840 643 1889 fidat,
674 1840 712 1880 &
741 1841 846 1879 ruina
873 1840 983 1880 unius
1007 1840 1120 1880 cedat
1150 1842 1188 1880 in
1216 1842 1517 1880 emolumentum
1550 1841 1712 1882 alterius.
1776 1843 1857 1895 Qui

63 1901 308 1951 opinionibus
328 1900 556 1950 disceptant,
586 1901 698 1939 etiam
718 1902 850 1939 animis
867 1899 1057 1949 diffident,
1088 1912 1253 1952 cumque
1280 1910 1459 1940 creaturae
1481 1900 1592 1940 [lintis
1615 1903 1743 1941 :eterni
1759 1904 1857 1942 illius

62 1959 99 1999 ἃ
122 1959 284 2013 supremi
299 1959 484 2007 Artificis,
514 1960 614 1999 ferre
631 1972 710 1999 non
736 1958 956 2011 possumus,
988 1971 1029 1998 ut
1044 1961 1166 2000 eidem
1195 1961 1403 2012 denegetur
1428 1962 1489 1999 ille
1519 1961 1749 2000 adorationis
1780 1964 1860 2002 cula

62 2028 147 2065 tus,
181 2032 296 2070 quem
318 2031 453 2059 verum
472 2019 507 2058 δι
531 2019 792 2059 orthodoxum
811 2019 1035 2070 judicamus.
1095 2019 1144 2059 Et
1172 2021 1262 2060 licet
1293 2022 1393 2059 bona
1419 2020 1509 2059 esset
1534 2020 1741 2060 infidelium
1767 2024 1857 2062 ami-

63 2080 169 2119 citia:
199 2078 342 2131 justitia
361 2089 487 2118 tamen
512 2078 640 2119 divina
655 2091 734 2118 non
757 2080 965 2130 permittit,
997 2088 1046 2118 ut·
1061 2079 1225 2120 hostium
1248 2081 1398 2120 suorum
1431 2077 1548 2131 opera
1580 2079 1673 2120 fines
1704 2078 1855 2121 nostros

64 2138 365 2190 consequamur,
396 2139 486 2189 qui‘n
509 2141 734 2191 plerumque
754 2150 825 2177 nos
843 2138 993 2190 castigat
1014 2151 1081 2189 per
1099 2141 1196 2178 illam
1214 2141 1329 2191 ipsam
1349 2139 1540 2178 infidelem
1569 2153 1741 2189 manum,
1771 2154 1856 2193 quie

62 2197 182 2249 paffls
199 2197 419 2249 subscripsit.
482 2198 708 2249 Imperium,
739 2197 844 2248 quod
862 2196 1130 2237 Constantinus
1151 2199 1358 2250 Imperator
1376 2200 1410 2237 in
1432 2199 1631 2238 Orientem
1649 2203 1854 2250 transtulit,

60 2256 205 2309 peffum
230 2260 299 2297 ivit
317 2271 385 2309 per
411 2256 554 2296 soedera
583 2258 880 2309 Palaeologorum
907 2270 993 2296 cum
1013 2255 1157 2296 Turcis.
1220 2258 1311 2297 Deo
1334 2260 1506 2298 nimirum
1525 2262 1795 2310 permittente,
1814 2271 1858 2301 ut

61 2316 220 2369 posteris
240 2317 485 2357 correctionis
503 2316 593 2356 esset
614 2319 853 2368 exemplum,
885 2317 1028 2368 absque
1053 2315 1127 2357 ulla
1155 2327 1280 2357 tamen
1301 2322 1391 2357 viva
1418 2318 1566 2358 faniiliae
1584 2321 1679 2358 illius
1709 2331 1857 2359 memo-

63 2378 129 2416 ria.
191 2377 311 2429 Quod
335 2377 361 2416 si
390 2378 440 2416 ob
465 2378 638 2416 locorum
669 2377 897 2424 distantiam,
929 2388 991 2415 aut
1013 2389 1138 2417 rerum
1169 2378 1429 2418 conditionem
1458 2391 1525 2430 per
1544 2380 1626 2417 illos
1652 2380 1750 2430 ipsos
1775 2379 1858 2419 insta

64 2436 170 2475 deles
195 2433 385 2488 castigatio
406 2436 482 2475 fieri
506 2448 585 2474 non
601 2437 731 2487 polilt,
761 2436 872 2476 Deus
896 2436 974 2488 ipse
997 2449 1148 2476 manum
1173 2437 1273 2477 suam
1302 2438 1469 2481 adhibet.
1532 2439 1638 2491 Quas
1671 2441 1859 2479 calamita·-

60 2505 120 2535 tes
146 2507 223 2534 non
243 2495 412 2547 perpessa
428 2494 481 2534 el't
507 2494 680 2543 Francia,
709 2494 909 2546 postquam
940 2496 1025 2535 Rex
1050 2496 1284 2545 Franciscus,
1314 2499 1429 2550 magis
1465 2500 1705 2538 aemulatione
1730 2501 1859 2551 gloriae

64 2555 190 2594 Caroli
210 2554 261 2593 V.
286 2555 423 2607 lmper.
445 2553 555 2606 quam
575 2565 745 2594 extrema
772 2554 987 2593 necessitate
1015 2553 1171 2604 duftm,
1200 2556 1323 2596 foedus
1353 2570 1440 2596 cum
1463 2556 1588 2595 Turca
1614 2558 1719 2605 iniit,
1750 2570 1857 2598 eum-¹

63 2625 139 2666 que
158 2615 194 2653 in
215 2613 409 2667 Europam
430 2612 642 2659 evocavit?
671 2614 714 2654 In
732 2614 909 2666 supremo
934 2615 1020 2653 vitae
1044 2617 1202 2654 articulo
1225 2627 1391 2655 errorem
1419 2617 1521 2655 hunc
1551 2616 1656 2655 suum
1678 2619 1857 2669 agnovit,

65 2673 321 2714 &detestatus
342 2674 396 2714 est
419 2675 547 2714 verbis
568 2675 807 2724 graviffimis;
838 2685 921 2725 quae
941 2673 1117 2725 profecta
1141 2673 1161 2713 ὲ
1191 2674 1327 2715 dolore
1353 2674 1564 2714 Christiano
1586 2673 1650 2727 pie
1676 2677 1862 2729 interpresv

69 2735 253 2782 ta'oimur,
285 2733 370 2774 etim
390 2735 477 2774 alias
494 2735 651 2773 omnino
671 2735 835 2774 hominis
851 2733 899 2773 de
919 2735 1049 2773 animae
1070 2733 1141 2773 suae
1159 2733 1275 2774 salute
1291 2735 1518 2786 desperantis
1549 2735 1669 2774 videri
1693 2737 1856 2788 polient.

63 2793 141 2833 Sed
165 2793 202 2832 &
225 2794 272 2832 ab
301 2793 379 2844 ejus
406 2792 687 2833 Successoribus
711 2806 859 2846 poenam
882 2793 990 2833 Deus
1018 2796 1196 2846 repetiit,
1226 2805 1351 2834 morte
1369 2796 1538 2834 violenta
1565 2795 1601 2834 &
1626 2795 1765 2836 infelici
1788 2808 1858 2837 eos

64 2852 239 2893 tollendo
260 2851 282 2892 ὲ
299 2854 440 2893 medio.
504 2852 625 2905 Quod
648 2853 674 2892 si
694 2865 738 2893 ea
757 2854 956 2894 severitate
977 2851 1242 2893 animadvertit
1263 2855 1298 2893 in
1318 2854 1510 2906 Principes
1525 2881 1537 2903 ,
1567 2857 1630 2905 qui
1648 2855 1856 2897 infidelium

65 2915 413 2965 haereticorumque
433 2915 635 2964 implorant
657 2915 862 2963 auxilium,
893 2913 984 2965 quid
1005 2915 1047 2952 iis
1068 2912 1203 2962 faciet,
1238 2915 1300 2964 qui
1325 2913 1457 2954 iisdem
1492 2926 1607 2966 opem
1636 2914 1764 2955 ferunt
1791 2916 1854 2954 ad-

64 2973 450 3021 versusCathoiicos‚
482 2972 517 3012 &
537 2974 573 3011 in
599 2974 704 3012 causa
728 2974 831 3022 sunt,
864 2986 931 3012 cur
955 2983 1081 3012 tantos
1101 2975 1151 3012 illi
1177 2973 1389 3025 progress'us
1417 2974 1603 3013 efficiant?
1629 2974 1760 3014 Docet
1785 2982 1858 3015 nos

65 3031 162 3071 istud
191 3029 259 3087 (h)
292 3033 392 3073 Petri
419 3031 582 3071 Secundi
611 3032 724 3084 Regis
745 3034 922 3084 Aragonii
946 3034 1183 3084 exemplum:
1215 3032 1371 3072 favebat
1389 3035 1420 3073 is
1450 3033 1705 3085 Albigensiuin
1726 3034 1857 3074 Haere-

67 3103 199 3131 corum
220 3092 378 3133 faetioni
397 3094 434 3132 in
453 3091 604 3131 Francia
619 3122 630 3140 ,
661 3105 733 3142 pro
755 3093 891 3144 quibus
915 3094 1026 3131 etiam
1048 3105 1149 3131 arma
1178 3093 1400 3144 sumpserat,
1432 3098 1584 3132 centurn
1602 3093 1755 3132 millium
1787 3095 1858 3133 ho-

65 3152 209 3191 minum
230 3154 398 3194 conflato
419 3153 612 3200 exercitu,
643 3152 730 3192 cum
750 3162 881 3191 contra
900 3151 1089 3191 Catholici
1111 3164 1190 3192 non
1211 3153 1277 3192 nisi
1301 3155 1447 3206 equites
1465 3152 1704 3205 ostingentos
1719 3153 1755 3194 &
1774 3156 1854 3194 mil-

849 3210 879 3250 F
893 3210 946 3251 ff
958 3211 978 3250 f
993 3211 1014 3251 f
1042 3224 1064 3251 2
1817 3215 1854 3254 le

168 3330 232 3381 (a)
255 3333 334 3382 Sap.
353 3344 413 3377 19.
439 3346 498 3381 19.
545 3333 612 3382 (b)
640 3334 729 3370 Mar.
749 3333 839 3379 Hist,
855 3332 954 3384 Hisp.
980 3332 1006 3372 l.
1030 3345 1087 3373 12.
1101 3344 1131 3369 c·
1153 3345 1189 3369 ,το
