2132 3730
490 324 1449 369 SYMBOLAPOLITICA.
1777 340 1859 383 423

262 410 297 461 ς.
329 406 448 463 Quod
478 409 505 450 fi
532 408 627 449 filius
651 411 831 462 longioris
855 411 943 449 vitae
965 412 1079 461 patris
1104 411 1301 461 impatiens
1329 421 1454 450 tantos
1484 410 1674 461 sumpserit
1697 410 1859 459 animos,

90 480 133 511 ut
148 468 342 511 ambitiosa
357 471 476 521 aliqua
492 470 718 508 machinatio
737 477 868 508 contra
895 481 1063 509 amorem
1080 468 1116 508 &
1138 471 1423 509 venerationem
1444 471 1588 521 parenti
1618 470 1788 509 debitum
1816 472 1859 509 ti-

89 541 251 578 meatur,
280 531 435 582 negotio
452 529 561 567 alicui
578 530 755 579 applicari
774 529 916 580 poterit
929 557 941 576 ‚
971 528 1009 568 in
1024 540 1103 581 quo
1117 529 1366 579 cogitationes
1397 529 1475 567 suas
1495 527 1530 567 &
1560 530 1670 569 animi
1689 531 1858 580 vigorem

89 599 274 641 occupet:
305 600 377 640 qua
402 586 450 625 de
477 587 580 626 causa
606 586 863 627 Pharasmanes
884 588 1014 627 Iberiae
1039 587 1125 627 Rex
1149 586 1228 626 filio
1262 588 1330 627 suo
1357 587 1600 628 Rhadamisto
1627 585 1696 644 (a)
1725 590 1858 627 Arme·

86 649 159 691 niae
189 646 419 700 occupandae
447 657 574 686 curam
605 646 721 686 dedit.
782 646 852 686 Uti
882 646 977 686 vero
1006 659 1052 687 ea
1075 648 1252 686 cautione
1284 646 1496 686 honorandi
1518 645 1662 695 filium,
1693 659 1858 698 eumque

85 709 318 760 gravioribus
345 705 556 756 occupandi
572 706 788 745 muneribus
804 709 842 745 in
864 705 1048 756 ejusmodi
1069 705 1212 745 casibus
1238 708 1394 746 omnino
1426 718 1524 757 opus
1548 705 1631 753 est3
1652 708 1702 745 ita
1728 718 1862 746 curan-

87 766 184 806 dum·
201 777 376 816 quoque,
405 774 447 804 ut
472 767 575 804 alteri
599 776 787 805 armorum
807 767 1066 805 committatur
1087 767 1306 817 imperium:
1333 778 1419 805 nam
1436 767 1499 816 qui
1516 767 1583 805 illis
1593 777 1679 805 cum
1696 766 1859 816 potesta·

85 836 125 865 te
145 824 296 876 praeest,
326 824 517 875 supremus
544 826 702 864 aliorum
725 823 778 866 est
799 825 947 864 arbiter.
1006 824 1068 863 Ad
1090 835 1177 864 eum
1207 824 1320 864 finem
1347 824 1455 864 Otho
1483 823 1636 864 fratrem
1666 824 1770 863 suum
1796 824 1858 863 Ti-

82 885 224 924 tianum
247 883 416 935 praefecit
438 885 644 931 exercitui,
672 885 872 935 imperium
897 895 940 922 ac
960 882 1125 934 potestas
1152 895 1271 936 penes
1293 884 1494 924 Proculum
1519 883 1591 937 sb>
1620 884 1762 923 mansit.
1795 883 1858 922 Ti-

83 944 208 983 berius
241 953 421 994 quoque,
452 942 650 994 postquam
680 943 838 982 Senatus
868 942 1136 983 Germanicum
1159 942 1205 982 ad
1221 943 1475 995 procurandas
1498 944 1715 983 Provincias
1742 953 1858 981 trans·

80 1005 238 1043 marinas
263 1000 471 1042 destinaffet
488 1030 500 1050 ‚
529 1002 700 1041 Pisonem
729 1001 846 1052 Syriae
877 1001 1062 1053 Legatum
1094 1001 1305 1051 constituit,
1337 1012 1379 1041 ut
1410 1003 1506 1042 illius
1538 1002 1619 1053 spes
1646 1002 1682 1042 &
1707 1001 1858 1041 consilia

84 1059 150 1118 (c)
181 1061 390 1101 coerceret.
447 1060 498 1101 Et
512 1072 613 1102 nunc
629 1061 783 1113 quidem
810 1062 848 1101 in
867 1059 1024 1112 Europa
1051 1072 1095 1101 ea
1122 1059 1294 1102 Statuum
1316 1061 1353 1101 ἃ
1380 1062 1627 1113 Imperiorum
1657 1061 1711 1101 est
1735 1064 1830 1099 ratio
1847 1090 1859 1111 ,

80 1132 125 1160 ut
143 1122 265 1161 minus
288 1120 354 1160 ista
370 1120 534 1160 timenda
550 1120 621 1161 sint
641 1122 816 1173 pericula.
877 1119 998 1173 Quod
1017 1119 1186 1161 litamen
1207 1119 1270 1160 filii
1302 1120 1456 1171 alicujus
1477 1120 1625 1160 Natura
1651 1131 1727 1160 tarn
1749 1122 1859 1159 inhu—

84 1192 193 1220 mana
210 1179 301 1220 effet
324 1179 361 1220 δε
377 1178 514 1229 ferox,
544 1190 586 1219 ut
608 1180 775 1220 remedia
800 1179 982 1219 recensita
992 1178 1038 1219 ad
1057 1181 1173 1221 Patris
1186 1179 1421 1220 securitatem
1449 1178 1604 1220 minime
1628 1179 1858 1228 sufficerent,

80 1239 209 1280 videat
230 1250 320 1279 num
347 1239 438 1279 illud
454 1239 708 1279 adhibendum
724 1239 794 1288 fit,
824 1250 903 1290 quo
935 1239 1022 1279 Rex
1049 1237 1244 1292 Philippus
1273 1239 1470 1279 Secundus
1497 1239 1580 1278 usus
1601 1237 1656 1279 est
1682 1239 1859 1278 adverstis

80 1298 292 1350 Principem
312 1298 491 1338 Carolum
519 1297 635 1338 filium
657 1299 761 1338 suum
783 1299 935 1338 unicum
952 1328 964 1347 ‚
991 1298 1045 1338 ob
1068 1309 1180 1350 quam
1198 1301 1465 1339 executionem
1486 1297 1681 1351 obstupuit
1695 1297 1858 1347 Natura,

80 1360 239 1399 attonita
260 1358 310 1397 de
330 1358 471 1397 suamet
487 1360 659 1411 potentia
689 1357 795 1397 haesrt
820 1357 996 1404 Pontica,
1027 1357 1065 1397 <St
1092 1358 1255 1398 mundus
1278 1359 1475 1398 inhorruit.

250 1416 288 1466 §.
319 1416 439 1467 Quod
455 1416 481 1455 fi
507 1428 665 1466 propter
683 1415 747 1454 filii
772 1416 904 1454 odium
935 1415 1166 1456 subditorum
1191 1417 1280 1456 fidei
1313 1418 1446 1457 diffisus
1474 1415 1606 1466 fuerit,
1636 1416 1779 1456 nullum
1803 1415 1861 1456 so-

81 1475 134 1514 let
154 1473 229 1513 effe
259 1475 510 1525 opportunius
526 1473 757 1521 remedium,
787 1471 901 1523 quam
920 1472 949 1512 si
968 1484 1057 1513 eum
1074 1476 1112 1512 in
1129 1476 1210 1512 aula
1228 1475 1266 1513 &
1284 1476 1347 1514 sub
1358 1474 1600 1525 protectione
1617 1474 1769 1514 alterius
1784 1488 1860 1515 ma-

76 1533 170 1585 j‘oris
193 1532 373 1584 Principis
389 1531 414 1583 ζ
429 1531 637 1571 dummodo
653 1532 754 1571 nulla
774 1530 941 1570 timenda
959 1531 1004 1570 sit
1020 1534 1210 1571 aemulatio
1224 1534 1250 1583 )
1274 1533 1427 1572 educari
1440 1532 1571 1581 faciat,
1600 1545 1689 1573 cum
1706 1546 1785 1584 quo
1796 1534 1861 1573 de—

80 1593 170 1632 inde
195 1592 296 1632 suam
313 1591 437 1632 firmet
458 1592 669 1634 amicitiam.
727 1588 798 1629 His
815 1590 1022 1629 rationibus
1031 1601 1228 1642 permotus
1244 1590 1448 1631 phrahates
1468 1591 1692 1631 Parthorum
1712 1593 1799 1631 Rex
1818 1591 1862 1631 fi-

78 1653 170 1692 lium
209 1652 313 1691 suum
341 1651 549 1691 Vononem
586 1651 624 1690 in
647 1650 729 1704 aula
754 1647 910 1700 Augusti
939 1651 1091 1689 enutriri
1127 1649 1215 1702 (d)
1243 1652 1380 1691 voluit.
1440 1649 1627 1702 Quamvis
1651 1653 1861 1691 contrarius

81 1710 270 1752 interdurn
289 1710 377 1750 inde
398 1712 537 1750 oriatur
556 1707 735 1749 effeetus.-
763 1719 848 1748 nam
865 1707 997 1760 postea
1022 1708 1159 1748 subditi
1179 1720 1266 1749 eum
1292 1719 1334 1750 ut
1363 1718 1581 1750 extraneum
1602 1710 1863 1761 aspernantur,

9 1766 11 1771 ’
78 1774 145 1823 qui
169 1772 372 1824 peregrinis
390 1770 555 1810 imbutus
577 1770 744 1817 moribus
767 1769 989 1815 revertitur,
1019 1778 1062 1807 ut
1094 1768 1142 1808 de
1167 1768 1307 1810 eodem
1338 1769 1508 1809 Vonone
1537 1771 1769 1821 experientia
1791 1770 1861 1823 (e)

82 1831 228 1870 docuit.

257 1887 294 1940 §‚
322 1888 363 1928 ln
386 1886 593 1940 affignando
619 1884 701 1926 filiis
725 1884 796 1925 suis
815 1884 912 1925 statu
927 1884 1037 1925 caute
1062 1886 1346 1938 prudenterque
1364 1886 1550 1938 procedat
1577 1887 1774 1940 Princeps:
1804 1889 1859 1927 in-

80 1948 231 1988 terdum
253 1949 353 1988 enim
378 1948 499 2000 Regni
515 1947 666 1998 alicujus
681 1948 955 1985 incrementum
976 1944 1014 1984 id
1030 1944 1103 1986 effe
1117 1946 1233 1994 solet,
1262 1946 1452 1987 interdum
1476 1950 1581 1986 ruina
1598 1949 1748 1998 potius,
1767 1960 1860 1998 prae-

81 2010 205 2048 sertim
222 2009 259 2047 in
275 2005 358 2048 filiis
383 2007 547 2047 secundo
569 2007 701 2059 genitis
715 2036 726 2053 ‚
756 2007 821 2056 qui
841 2015 932 2045 natu
953 2005 1155 2056 majoribus
1173 2008 1425 2046 communiter
1447 2006 1549 2046 suam
1565 2007 1857 2058 praerogativam

80 2066 277 2116 invident,
306 2068 361 2106 uti
382 2067 473 2106 &in
490 2065 657 2115 filiabus,
688 2062 716 2104 fi
738 2061 889 2104 suismet
917 2064 1063 2104 nubant
1089 2065 1262 2114 subditis,
1290 2065 1393 2104 unde
1414 2064 1565 2104 invidiae
1597 2065 1796 2104 nascuntur
1824 2065 1862 2104 δε

84 2126 344 2166 aemulationes
357 2154 370 2174 ,
399 2137 450 2166 ex
463 2125 521 2164 his
540 2136 635 2165 vero
666 2123 866 2164 seditiones
887 2123 1033 2163 &bella
1050 2124 1185 2164 civilia.
1247 2123 1431 2164 Metuens
1448 2124 1540 2163 illud
1560 2125 1773 2175 periculum
1785 2125 1862 2163 Au-

83 2185 231 2246 gustus,
261 2186 383 2225 noluit
407 2183 518 2224 filiam
537 2184 635 2224 suam
657 2182 786 2235 Equiti
802 2183 979 2222 Romano
1003 2195 1163 2223 uxorem
1183 2183 1294 2232 dare,
1325 2182 1530 2235 propterea
1561 2183 1665 2233 quod
1699 2180 1781 2237 (f)
1803 2186 1860 2222 ini-—

80 2241 223 2296 menstcm
235 2243 343 2284 attolli
358 2243 594 2296 praevideret,
621 2255 717 2297 quem
738 2242 957 2296 conjwfflione
973 2242 1037 2282 tali
1043 2239 1148 2293 firper
1167 2242 1248 2282 alios
1265 2240 1448 2296 extulff't‚
1479 2241 1551 2296 (g)
1572 2240 1634 2281 sed
1652 2242 1863 2296 Prot-alestan

83 2306 234 2356 potius,
263 2302 313 2347 &³
333 2302 495 2358 quosdam
517 2304 608 2342 alios
627 2304 663 2343 in
671 2299 880 2354 fi’rnwnibus
900 2300 1042 2351 habuit,
1069 2302 1184 2354 infigni
1213 2302 1459 2355 tranquillitate
1479 2304 1587 2350 vitae,
1614 2304 1712 2342 nullis
1734 2303 1860 2354 Κεφα-

87 2364 178 2403 blicae
193 2365 333 2415 negotiis
340 2364 541 2414 permiactos.

235 2423 276 2460 ln
299 2421 534 2472 procuranda
554 2423 647 2461 item
665 2420 808 2469 tutela,
837 2418 874 2459 &
899 2419 1127 2459 educatione
1150 2419 1236 2469 filii,
1265 2419 1331 2471 qui
1353 2419 1520 2471 pupillus
1549 2419 1673 2460 adhuc
1702 2420 1740 2459 in
1767 2418 1863 2459 statu

86 2479 289 2521 succedere
311 2479 446 2528 debet,
475 2480 580 2520 omni
602 2477 860 2530 prudentia&
887 2478 1112 2518 dexteritate
1126 2481 1241 2531 patris
1258 2488 1357 2531 opus
1377 2477 1452 2519 est:
1480 2478 1603 2519 nullus
1634 2480 1734 2518 enim
1759 2480 1863 2518 casus

85 2538 224 2580 insidiis
245 2551 289 2578 ac
317 2540 492 2591 periculis
520 2538 627 2590 aeque
648 2537 842 2589 expositus
858 2537 930 2585 est,
961 2549 1004 2576 ac
1021 2539 1104 2584 ille;
1134 2551 1207 2590 qua
1221 2540 1259 2578 in
1276 2549 1318 2578 re
1333 2538 1525 2590 praesentia
1534 2539 1715 2577 habemus
1735 2549 1862 2577 exem⁴

88 2601 180 2651 pla,
209 2598 247 2638 δε
274 2599 430 2650 legimus
450 2599 638 2650 praeterira
674 2598 881 2638 multorum
907 2596 1145 2649 Principum,
1175 2599 1299 2648 quiin
1334 2606 1444 2636 aetate
1461 2598 1522 2636 sua
1547 2597 1721 2649 pupillari
1745 2598 1862 2636 vitam

85 2659 226 2710 pariter
239 2656 398 2698 &status
411 2658 632 2704 amiserunt,
646 2665 709 2695 aut
724 2667 859 2708 graves
884 2657 1042 2708 perpelli
1065 2656 1227 2710 sunt(h)
1242 2657 1489 2696 calamitates:
1517 2667 1603 2696 narn
1626 2655 1656 2695 fi
1681 2655 1798 2695 tutela
1826 2656 1865 2696 δε

84 2717 264 2759 educatio
285 2718 393 2756 matri
413 2719 690 2764 committatur,
721 2715 788 2755 etfi
804 2715 892 2755 huic
912 2717 1029 2768 magis
1044 2725 1128 2755 tuto
1146 2715 1248 2756 credi
1273 2713 1400 2767 potest
1413 2743 1427 2762 ‚
1458 2715 1543 2755 raro
1563 2724 1691 2756 tamen
1723 2716 1762 2756 in
1797 2712 1865 2754 foe-

87 2777 197 2818 minis
224 2785 326 2815 tanta
355 2776 554 2828 prudentia
587 2776 772 2827 reperitur
798 2774 836 2814 &
863 2777 1118 2827 experientia,
1150 2784 1287 2828 quanta
1305 2776 1516 2825 requiritur.
1573 2773 1725 2824 Taceo,
1758 2773 1863 2825 quod

87 2837 214 2877 multis
233 2835 328 2875 desit
344 2837 404 2875 illa
419 2837 530 2875 animi
559 2837 702 2884 virtus,
730 2844 773 2874 ut
795 2835 917 2874 timeri
940 2835 977 2874 se
1001 2832 1139 2875 faciant
1157 2864 1170 2884 ,
1199 2835 1235 2874 &
1263 2833 1525 2874 auetoritatem
1550 2833 1616 2874 sibi
1644 2833 1860 2874 concilient.

847 2892 885 2933 O
904 2906 929 2932 o
948 2906 973 2933 o
992 2905 1016 2932 o
1040 2905 1065 2933 o
1094 2905 1122 2934 2
1827 2890 1865 2931 Si

183 3023 240 3069 (a)
266 3023 381 3073 Igitur
403 3018 651 3067 Pharasmanes
656 3021 826 3067 juvenem
836 3020 992 3072 potentiae
1030 3029 1184 3072 rempha,
1209 3018 1254 3061 ἅ·
1270 3018 1387 3070 studio
1402 3019 1618 3071 popubarium
1658 3020 1868 3065 accinat-mn

88 3071 312 3123 vergentibus
319 3075 403 3121 jam
429 3076 531 3109 annis
530 3071 605 3118 fitis
629 3082 780 3109 metucns
796 3101 806 3117 ,
835 3072 946 3109 aliam
961 3029 1113 3123 asspem
1132 3069 1273 3107 trahere
1285 3099 1293 3114 ,
1309 3070 1354 3114 ἄν
1368 3073 1573 3108 Armeniam
1595 3064 1773 3122 qstentarc.
1802 3074 1868 3108 Ta-

91 3126 150 3162 cit.
165 3125 224 3160 lib.
245 3136 298 3162 12.
321 3123 447 3161 Annal.
499 3127 558 3170 (b)
586 3122 738 3174 Profec‘t'o
752 3124 946 3161 Brixellum
961 3122 1107 3164 Othone,
1134 3121 1239 3160 honor
1252 3124 1390 3176 Imperii
1391 3133 1491 3175 penes
1513 3125 1693 3159 Titianum
1703 3122 1872 3169 fratrem,

89 3177 149 3213 vis
162 3175 354 3226 acpotestas
371 3185 472 3229 penes
481 3176 656 3228 proculum
686 3173 898 3224 I'mfeffum.
925 3175 1039 3213 Tacit.
1064 3172 1125 3212 lib.
1145 3190 1176 3211 2.
1202 3175 1288 3212 Hista
1368 3175 1435 3224 (c)
1462 3175 1542 3226 Q!
1571 3176 1665 3219 Syrte
1689 3176 1870 3226 imponere-

89 3236 151 3265 tur
164 3252 173 3267 ‚
197 3227 247 3263 ad
259 3227 333 3281 spss
358 3230 552 3266 Germanici
576 3226 781 3267 coercendas.
833 3229 931 3265 Idem
952 3228 1038 3264 ibid.
1091 3229 1110 3274 <
1127 3228 1166 3272 d)
1194 3231 1398 3278 Famemque
1406 3227 1511 3279 prolis
1525 3252 1532 3265 ‚
1548 3220 1729 3275 fiimandae
1751 3229 1872 3263 amici*

90 3281 162 3321 tia,
186 3277 345 3325 mzst’mt:
372 3277 616 3332 haudperindo
632 3278 734 3331 nestri
757 3290 851 3316 metu
869 3294 974 3332 quam
989 3278 1207 3332 popularium
1221 3276 1310 3329 fidei
1330 3276 1482 3330 dfffics.
1509 3277 1623 3313 Tacit.
1644 3278 1666 3317 l,
1691 3293 1724 3314 2.
1743 3278 1870 3316 Annal.

91 3335 148 3377 (e)
174 3333 359 3382 Qum-vis
369 3334 489 3385 gentis
510 3330 778 3378 Arfficidatum,
792 3343 834 3368 ut
860 3341 1042 3368 externum
1058 3328 1344 3383 ›fieffwabmlttrr-
1373 3332 1470 3367 Idem
1489 3329 1573 3366 ibid.
1622 3327 1685 3374 (f)
1709 3331 1795 3367 Tae·
1812 3331 1872 3370 lib.

92 3397 130 3435 4
147 3383 274 3426 Annal.
326 3388 392 3437 (g)
419 3384 517 3424 Idem
532 3384 618 3424 ibid.
673 3386 731 3435 (h)
761 3388 803 3424 W
825 3382 892 3424 tibi
914 3393 1037 3426 terra.
1064 3385 1158 3433 cujus
1180 3388 1252 3440 Rcaf
1265 3394 1353 3436 puer
1377 3380 1434 3435 est.
1461 3382 1555 3420 Eccl.
1587 3393 1644 3421 10.
1672 3387 1728 3421 16.

1299 3452 1307 3466 b
