2132 3730
296 219 380 261 268
742 208 1080 250 DIDACI
1144 207 1676 252 SAAVEDRAE

296 298 357 339 lud
380 298 532 340 dubitari
547 307 609 333 mm
616 291 726 345 potest
747 295 828 344 qum
845 294 984 344 cognitis
1005 295 1060 343 iis,
1074 307 1150 346 quae
1160 293 1362 346 Reipubljcae
1377 295 1552 333 interitum
1569 296 1773 346 inportant,
1801 307 1842 333 ea
1861 305 1988 347 quoque
2003 306 2078 346 φίας
2124 291 2125 306 ³

285 356 429 410 fhlutem
444 349 595 407 affiermtt
611 381 622 399 ,
652 352 905 402 intelligamur,
935 366 1007 392 cum
1022 354 1196 392 contraria
1207 357 1454 394 cmtrariorum
1471 353 1545 406 fint
1563 352 1748 406 efficientia»
1805 352 1902 393 Non
1931 352 2078 404 possum
2122 350 2125 357 ‘

297 427 442 461 tamen,
473 412 564 462 quin
580 421 624 449 ea
655 409 703 449 de
721 421 761 449 re
779 411 949 463 adjiciam
965 412 1125 465 aliquid,
1155 412 1223 452 etii
1247 412 1350 453 forte
1373 413 1585 466 periculum
1602 412 1668 460 Iit,
1697 424 1747 452 ne
1768 413 1940 464 quaedam
1960 413 2046 451 alias
2059 410 2081 451 a

294 488 356 517 me
379 471 476 512 dicta
494 471 556 510 hic
571 479 754 522 repetam.
2104 503 2105 506 ,
2122 467 2123 470 ’

467 529 501 581 §.
534 528 659 569 Status
680 528 901 569 haereditarii
918 539 1009 570 tunc
1024 532 1147 582 perire
1169 529 1312 578 solent,
1343 541 1430 569 cum
1449 532 1548 570 iniis
1570 532 1727 571 omnino
1753 531 1955 582 acquiescit
1987 529 2080 570 Suc·
2122 535 2124 537 ’

296 587 446 631 cessoris
472 601 583 638 cura,
615 589 817 641 praesertim
844 589 871 628 fi
894 599 1073 641 potentes
1102 592 1127 629 ii
1153 589 1240 629 smt:
1269 590 1331 629 illa
1346 589 1424 641 ipsa
1448 591 1548 629 enim
1569 590 1778 642 amplitudo
1803 591 1974 631 securum
1993 601 2082 630 eum

292 650 403 690 efficit
426 648 463 688 ὅτ
485 651 607 689 minus
627 648 846 697 sollicitum,
877 658 1053 701 tanquam
1070 651 1134 702 qui
1150 661 1265 689 omne
1281 648 1430 700 spernat
1458 650 1688 701 periculum,
1717 649 1756 689 δε
1780 661 1919 701 anceps
1952 652 1990 690 in
2012 650 2082 689 suis
2120 650 2122 657 ⁴

291 709 452 749 consiliis
484 710 641 757 haereat,
671 718 768 748 artes
791 721 941 761 magnas
972 712 1108 761 exequi
1135 708 1392 761 pertimescat,
1420 720 1470 748 ne
1500 710 1668 762 quietam
1696 706 1794 749 illam
1821 708 2122 761 poffeffionem„

291 781 364 821 qua
388 767 545 817 fruitur,
571 768 673 808 forte
708 769 946 808 interturbet.
1005 769 1157 810 Damna
1174 778 1405 820 praevertere
1420 770 1597 821 negligit,
1626 767 1690 807 sed
1719 777 1800 808 tum
1823 768 1984 819 primum
2017 781 2083 820 pa·
2118 767 2121 822 J

291 838 350 869 rat
370 828 538 868 remedia
556 840 645 867 curn
665 827 725 867 illa
738 829 812 879 jam
832 826 1019 878 evenere,
1051 842 1129 881 quo
1151 838 1326 881 tempore
1338 828 1611 879 sumptuosiora
1628 839 1673 867 ea
1688 827 1789 877 sunt,
1818 827 1855 867 &
1869 828 1991 867 minus
2009 826 2082 881 (a)
2118 830 2120 857 5

289 889 453 928 efficacia
471 901 482 934 ;
517 889 658 927 audere
682 887 843 939 aliquid,
861 890 1070 938 periculum
1087 887 1300 938 aestimat,&
1322 899 1458 940 pacem
1473 886 1716 940 procurando
1730 899 1799 940 per
1818 888 1962 927 incerta
1983 899 2083 939 quae-
2118 922 2120 935 ι

291 948 375 988 dam
397 947 634 986 &indecora
656 946 780 986 media
802 977 814 996 ‚
844 947 986 988 bellum
1019 948 1153 989 iisdem
1182 948 1367 996 accersit,
1395 957 1439 986 ut
1469 948 1607 998 quibus
1635 947 1859 987 conservare
1876 947 1913 986 se
1941 948 2082 999 cogita·
2118 962 2119 966 ¹

288 1009 354 1048 bat
370 1038 382 1055 ,
413 1006 571 1058 seipsum
590 1018 692 1045 nunc
721 1006 932 1058 pessundet.
1011 1007 1054 1047 In
1079 1007 1149 1048 isto
1173 1008 1382 1048 discrimine
1407 1007 1601 1046 versantur
1628 1006 1876 1054 Monarchae,
1907 1007 1970 1057 qui
1991 1006 2082 1046 dum
2116 1047 2118 1063 ἱ

289 1069 456 1118 quietem
481 1064 692 1115 se6tantur,
706 1067 745 1105 in
764 1067 892 1107 turbas
911 1067 948 1106 δε
962 1078 1090 1108 motus
1111 1068 1294 1108 incidunt.
1357 1065 1492 1106 Sistere
1514 1068 1673 1115 volunt,
1694 1066 1731 1105 &
1750 1067 1937 1105 labuntur.
1975 1065 2084 1105 Dum
2116 1110 2118 1121 Ι

287 1127 457 1165 laborare
479 1125 653 1165 desinunt
672 1154 685 1171 ,
712 1127 895 1179 languere
911 1127 1107 1179 incipiunt.
1169 1127 1309 1171 Omnia.
1324 1125 1390 1166 ista
1409 1127 1507 1166 belle
1527 1126 1766 1166 adumbravit
1790 1127 1849 1165 illa
1869 1125 2083 1167 Ezechielis
2116 1124 2118 1136 '

288 1185 383 1226 visio
406 1196 570 1236 quatuor
595 1185 807 1226 animalium
829 1186 1013 1225 alatorum
1031 1217 1042 1234 ‚
1073 1187 1234 1236 symboli
1254 1188 1470 1238 Principum
1491 1186 1527 1225 &
1549 1185 1888 1233 Monarchiarum,
1918 1182 1989 1238 (h)
2000 1197 2084 1235 quae

288 1257 359 1285 cum
385 1244 616 1293 ambularent,
646 1242 847 1296 qzmfisomrs
868 1253 945 1285 erat
959 1245 1202 1296 multitudinis,
1232 1244 1386 1298 ursanus
1398 1245 1609 1300 csss‘rormm
1636 1244 1918 1299 cumquestarent
1936 1244 2083 1284 denime-

286 1305 413 1344 bantur
432 1311 554 1360 peace
580 1316 702 1343 eorum.
763 1303 910 1344 Verum
935 1306 981 1344 ad
1000 1306 1036 1344 se
1070 1307 1371 1346 conservandum
1388 1304 1538 1344 necesse
1555 1317 1634 1344 non
1667 1305 1722 1344 est
1739 1335 1750 1353 ,
1782 1314 1824 1343 ut
1843 1316 1965 1342 novas
1990 1304 2083 1343 sem-

287 1376 356 1416 per
379 1364 542 1403 ditiones
561 1363 629 1403 suis
653 1363 827 1415 adjiciant
851 1378 860 1402 :
891 1365 968 1403 hoc
991 1366 1092 1404 enim
1115 1365 1303 1405 infinitum
1341 1364 1472 1412 foret,
1505 1364 1542 1403 δε
1565 1363 1716 1404 tandem
1742 1365 1781 1402 in
1806 1362 2017 1413 injustitiam
2045 1362 2102 1411 δε,

287 1423 527 1473 tyrannidem
550 1434 737 1475 vergeret.
797 1423 894 1462 Satis
913 1423 950 1462 se
973 1425 1068 1462 tueri
1084 1427 1226 1475 poterit
1248 1424 1374 1464 Status
1396 1424 1526 1474 aliquis
1542 1424 1579 1461 in
1602 1423 1730 1462 circuli
1750 1423 1803 1462 sui
1817 1422 2084 1462 circumferen-

286 1485 337 1523 tia
369 1512 381 1532 ,
412 1484 462 1522 ita
481 1491 634 1532 tamen,
665 1491 706 1522 ut
723 1484 818 1522 intra
833 1483 930 1522 illius
947 1482 1051 1533 septa
1071 1484 1169 1524 suam
1192 1484 1326 1537 agendi
1355 1484 1431 1522 vim
1451 1483 1612 1522 retineat
1631 1512 1643 1531 ,
1674 1482 1711 1521 &
1736 1482 1852 1521 robur
1879 1492 2082 1530 exerceat,

286 1553 425 1593 easque
444 1542 537 1593 ipsas
556 1551 652 1580 artes
682 1573 692 1590 ,
725 1543 860 1592 quibus
888 1541 935 1580 ad
956 1551 1098 1582 tantam
1121 1543 1419 1596 magnitudinem
1436 1543 1640 1591 pervenire
1657 1541 1829 1593 contigit,
1886 1542 2007 1592 Aquae
2028 1542 2083 1580 in-

285 1612 342 1640 tra
361 1601 465 1641 suum
480 1609 629 1640 motum
646 1601 682 1639 se
711 1601 937 1640 conservant
965 1630 977 1649 ,
1008 1602 1038 1639 is
1075 1602 1102 1640 si
1127 1602 1221 1642 desit
1244 1630 1255 1651 ,
1286 1602 1419 1640 vitium
1458 1601 1642 1652 capiunt3
1672 1598 1916 1640 neceffarium
1957 1610 2083 1640 tamen

285 1672 365 1700 non
379 1659 432 1699 est
452 1689 464 1708 ‚
495 1658 665 1699 utfluant
690 1689 700 1707 ,
729 1659 861 1698 sufficit
877 1689 889 1708 ,
919 1658 947 1698 fi
988 1660 1085 1700 intra
1107 1660 1333 1712 semetipsas
1359 1669 1588 1699 moveantur
1605 1689 1618 1709 ,
1649 1669 1692 1698 ut
1715 1661 1752 1700 in
1781 1659 2084 1699 lacubus1&sta-

286 1721 366 1774 gnis
392 1719 528 1758 accidit
546 1719 620 1757 sola
639 1728 844 1758 ventorum
874 1718 913 1757 vi
939 1719 1094 1771 agitatis.
1157 1719 1219 1760 Sic
1238 1720 1478 1760 Monarchiae
1495 1749 1507 1768 ,
1536 1721 1574 1759 in
1597 1720 1734 1771 quibus
1757 1720 1861 1773 viget
1877 1717 2080 1770 disciplina,

288 1791 448 1831 quaeque
475 1778 652 1818 adverius
677 1778 916 1818 occasionem
933 1789 1087 1818 omnem
1107 1783 1260 1820 munitae
1278 1782 1360 1820 sunt
1379 1811 1391 1830 ,
1421 1779 1559 1818 diutius
1578 1778 1809 1831 perdurant,
1849 1778 1940 1818 licet
1967 1780 2084 1819 aliena
2108 1821 2110 1836 Ι

286 1851 365 1879 non
384 1839 577 1878 invadant.
658 1837 783 1878 Etiam
826 1839 971 1889 absque
997 1839 1100 1878 bello
1133 1842 1311 1880 militares
1341 1841 1632 1880 exercitationes
1660 1838 1890 1891 frequentari
1918 1837 2080 1890 possunt.

288 1900 344 1937 lta
367 1900 472 1949 pacis
497 1908 672 1948 tempore
697 1908 794 1937 artes
813 1897 896 1937 istas
916 1897 1027 1947 Cajus
1053 1898 1191 1939 Caffius
1210 1900 1373 1940 fovebat
1393 1930 1404 1947 ,
1436 1898 1501 1953 (c)
1534 1899 1570 1938 &
1592 1907 1756 1953 quantum
1771 1899 1845 1951 fine
1873 1899 1949 1938 bello
1978 1898 2083 1938 daha-

287 1966 348 1997 ttlr
370 1989 381 2006 ,
412 1956 595 1996 revocabat
606 1953 751 2007 priftum
768 1970 916 2003 morem,
947 1957 1159 1998 exercitabat
1177 1960 1327 2010 legiones,
1347 1972 1432 1998 cura
1446 1960 1532 2009 pari
1556 1960 1653 1996 vires
1672 1959 1816 2009 augebat
1831 1957 1977 2010 perinde
1992 1989 2003 2006 ,
2041 1971 2083 1997 ac

276 2016 312 2068 fi
323 2015 424 2069 histis
455 2018 640 2067 ingrueret.
702 2015 739 2054 Si
762 2015 924 2066 Principi
941 2027 1130 2056 armorum
1155 2018 1248 2056 defit
1266 2020 1513 2064 exercitium,
1544 2029 1620 2055 non
1636 2017 1724 2055 ideo
1742 2027 1866 2056 tamen
1878 2017 1979 2068 pacis
1998 2019 2081 2056 otio

288 2075 481 2127 torpescat
510 2076 691 2121 ommim,
723 2075 787 2113 sed
821 2077 857 2114 in
880 2087 924 2113 ea
956 2076 1067 2114 etiam
1093 2077 1293 2125 gloriosum
1331 2076 1469 2127 aliquid
1489 2074 1692 2124 moliatur,
1723 2077 1828 2127 quod
1858 2078 2080 2127 opinionem

287 2135 472 2174 sustineat.
533 2132 723 2184 Augustus
745 2135 781 2172 in
803 2135 949 2186 imperii
967 2133 1018 2173 sui
1035 2139 1302 2187 tranquillitate
1326 2139 1490 2175 animum
1519 2135 1623 2173 suum
1639 2137 1790 2187 igneum
1818 2136 2004 2175 cineribus
2023 2137 2081 2176 so·
2131 2152 2132 2187 3

286 2197 356 2247 piri
380 2195 533 2234 minime
561 2191 682 2244 passus
695 2191 775 2241 est,·
806 2195 895 2245 quin
915 2193 1034 2233 immo
1058 2194 1144 2234 curn
1171 2204 1214 2235 ut
1238 2197 1383 2237 homini
1405 2206 1513 2248 agere
1539 2195 1589 2233 ill-i
1611 2206 1691 2234 non
1710 2196 1840 2234 liceret
1861 2223 1873 2243 ‚
1902 2204 2081 2246 tanquam

287 2255 398 2295 Deus
423 2254 552 2304 aliquis
569 2253 709 2304 majora
727 2252 910 2305 aggressus
937 2252 1015 2302 est,
1043 2256 1318 2307 componendo
1336 2255 1534 2296 caelestium
1552 2263 1704 2303 motus,
1735 2254 1961 2307 corrigendo
1975 2267 2080 2294 men-
2129 2260 2132 2297 ζ

287 2315 343 2354 ses
362 2344 374 2362 ,
405 2314 442 2353 &
466 2315 567 2364 leges
587 2312 713 2352 dando
740 2314 918 2364 tempori.
980 2313 1023 2352 In
1038 2325 1125 2353 eum
1154 2313 1268 2357 finem
1290 2317 1375 2355 Rex
1392 2316 1586 2366 Philippus
1606 2312 1803 2354 Secundus
1825 2313 2080 2355 admirandam

288 2375 386 2412 illam
408 2372 590 2411 Escuralis
607 2371 785 2412 fabricam
816 2371 1043 2421 construxit,
1073 2385 1147 2424 qua
1167 2376 1203 2413 in
1222 2387 1262 2415 re
1286 2375 1400 2427 ipsam
1435 2377 1547 2415 etiam
1577 2372 1764 2413 Naturam
1795 2373 1952 2414 artificio
1971 2373 2078 2425 supe·
2130 2391 2132 2396 ·

287 2444 368 2472 rare
390 2441 549 2471 conatus
573 2429 626 2469 est
642 2460 654 2479 ,
686 2432 723 2471 &
750 2432 926 2472 universo
945 2432 1030 2472 orbi
1060 2435 1171 2474 animi
1194 2436 1247 2475 sui
1277 2436 1426 2488 suaeque
1449 2435 1600 2488 pietatis
1627 2434 1923 2486 magnitudinem
1956 2432 2080 2474 osten-

289 2492 392 2532 dere.

463 2548 499 2600 §.
530 2547 606 2587 Sed
623 2547 660 2587 &
677 2547 810 2599 Regna
836 2547 1069 2591 haereditaria
1081 2551 1117 2592 in
1134 2554 1306 2605 periculo
1329 2553 1434 2603 sunt,
1464 2552 1616 2605 quando
1638 2554 1701 2605 qui
1732 2552 1900 2593 succedit
1915 2582 1928 2603 ‚
1958 2551 2076 2592 mori·
2131 2603 2132 2609 1

286 2611 358 2651 bus
379 2607 631 2659 institutisque
650 2607 842 2658 Majorum
865 2609 1046 2662 neglectis
1060 2643 1072 2661 ,
1106 2613 1341 2654 subditorum
1355 2615 1574 2654 servitutem
1598 2613 1636 2653 &
1660 2611 1929 2664 subjectionem
1952 2610 1979 2651 a
1994 2610 2077 2651 Na·
2128 2634 2132 2657 ;

286 2679 370 2709 tura
387 2668 461 2710 ess'e
480 2667 687 2716 existimat,
717 2667 753 2706 &
777 2670 977 2709 immemor
995 2671 1040 2710 ab
1059 2673 1128 2711 illis
1145 2673 1230 2725 ipsis
1246 2674 1345 2713 suam
1362 2673 1548 2726 proficisci
1566 2673 1871 2724 amplitudinem,
1890 2683 1958 2712 eos
1976 2671 2081 2723 sper«
2126 2694 2132 2718 r

285 2731 370 2777 nit,
401 2738 579 2779 tanquam
599 2726 625 2765 fi
642 2728 828 2779 mancipia
843 2727 996 2778 forent,
1027 2734 1219 2785 magisque
1241 2734 1386 2773 bonum
1405 2736 1597 2786 privatum
1620 2745 1697 2784 prae
1729 2733 1847 2772 oculis
1872 2732 2008 2778 habet,
2039 2730 2078 2769 δε
2125 2755 2127 2778 :

286 2797 328 2827 ut
353 2789 432 2827 suas
455 2789 605 2838 expleat
624 2785 862 2839 cupiditates,
882 2801 993 2840 quam
1008 2791 1151 2832 bonum
1170 2794 1365 2845 publicum
1379 2823 1391 2843 ,
1410 2793 1669 2843 dominatione
1687 2791 1762 2847 jam
1782 2793 1819 2830 in
1840 2789 2077 2841 tyrannidem
2127 2824 2128 2832 ,

289 2845 362 2902 (d)
396 2847 611 2894 conversa‚·
639 2846 741 2885 unde
772 2847 995 2889 existimatio
1036 2850 1216 2904 Principis
1243 2855 1341 2904 perit
1372 2853 1474 2906 apud
1505 2854 1693 2904 populum
1711 2882 1723 2899 ‚
1754 2863 1858 2890 amor
1880 2852 1916 2888 in
1941 2848 2074 2888 odium

286 2909 449 2947 vertitur
477 2936 489 2956 ,
518 2907 713 2959 multaque
729 2905 797 2945 alia
815 2906 911 2948 fiunt
927 2938 939 2957 ,
972 2910 1108 2960 quibus
1134 2912 1349 2952 discinditur
1375 2914 1572 2965 reciproca
1589 2914 1650 2951 illa
1670 2913 1759 2951 unio
1788 2939 1800 2958 ,
1831 2922 1903 2959 qua
1930 2909 2017 2948 Rex
2038 2898 2084 2946 δέχ

1996 2968 2075 3007 Re-
2092 2974 2096 3000 ἰ

384 3108 446 3155 (a)
478 3104 643 3143 :tardiora
657 3105 744 3151 fiant
759 3106 914 3144 remedia
930 3135 941 3152 ,
969 3119 1077 3159 quam
1093 3104 1202 3144 mala.
1230 3104 1348 3144 Tacit.
1360 3104 1397 3141 in
1406 3102 1483 3141 vita
1493 3102 1616 3152 Agric.
1665 3102 1729 3159 (b)
1743 3100 1922 3159 Ezech.·1.
1937 3113 1998 3148 24.
2015 3102 2073 3159 (c)
2129 3124 2132 3130 -

288 3160 374 3196 Tac.
394 3158 417 3196 1.
438 3158 596 3199 12.Hist.
650 3160 716 3205 (d)
743 3159 828 3194 Aliae
845 3159 1046 3211 tyrannides
1069 3172 1115 3195 ex
1134 3155 1296 3209 Regibus,
1321 3159 1381 3209 qui
1392 3153 1540 3194 moribus
1553 3152 1791 3205 institutaque
1804 3155 1984 3199 Mqorum
1997 3165 2072 3191 vto-

288 3210 374 3248 latis
389 3239 397 3252 ,
424 3213 570 3263 imperia
590 3213 702 3262 magis
719 3213 968 3262 concupierunt.
996 3211 1099 3249 Arist.
1119 3210 1141 3247 l.
1162 3209 1313 3256 5.Polit.
1330 3221 1472 3258 cap.10e
2090 3213 2091 3216 ’
