2132 3730
496 225 1481 275 SYMBOLAPOLITICA.
1794 240 1876 284 167

79 317 236 371 profuso
263 313 435 364 sanguine
461 340 474 359 ‚
503 321 630 361 neque
658 313 791 351 mortis
808 309 1030 362 spectaculis
1055 322 1258 360 terreatur3
1289 314 1401 355 lustae
1418 348 1428 365 ,
1458 315 1538 357 ludi
1565 318 1756 370 equestres
1777 321 1814 359 &
1838 322 1880 361 fi-

79 380 187 417 miles
203 372 506 414 concertationes
532 370 668 411 scholae
690 369 801 410 instar
824 371 909 411 sunt
932 402 943 420 ,
973 372 1040 411 ubi
1073 372 1315 413 addiscuntur
1340 385 1437 416 artes
1471 377 1675 428 militares,
1707 379 1744 420 δε
1769 379 1877 420 simul

77 433 296 476 recreationi
321 430 538 471 deserviunt
558 461 570 479 ,
602 430 639 470 &
657 431 822 470 animum
850 430 1058 475 obiectant.
1122 432 1177 471 lta
1205 431 1409 474 dulcedine
1443 435 1480 475 &
1506 437 1690 478 suavitate
1713 441 1880 479 allicien-

77 496 148 536 dus
166 492 217 533 est
248 491 420 542 Populus
442 521 455 538 ,
485 490 531 529 ad
551 491 793 542 procuranda
821 490 1004 543 Principis
1021 491 1227 530 commoda
1247 522 1258 541 ,
1290 493 1328 533 &
1347 496 1554 536 otinendos
1589 498 1683 538 fines
1719 501 1767 539 illi
1790 512 1880 552 pro-

76 553 232 608 positos.
289 549 404 602 Equo
430 551 606 590 nimirum
623 550 749 590 similis
769 552 823 591 est
845 553 910 602 qui
933 552 1160 603 popysmate
1179 551 1376 602 delinitur,
1408 554 1445 594 δε
1465 567 1579 595 manu
1596 555 1793 599 blandiore
1811 560 1881 599 do·

18 634 21 643 =
75 613 165 655 mari
193 610 229 649 se
247 609 350 658 sinit,
369 609 532 650 froenum
559 610 751 660 admittit,
784 611 821 651 δε
841 623 939 652 onus
956 609 1088 663 postea
1113 641 1125 659 ,
1156 613 1301 664 virgam
1329 625 1373 652 ac
1401 612 1545 655 ferrum
1574 618 1724 657 tolerat.
1816 620 1880 659 Ri-

73 682 201 725 gorem
220 671 376 710 nimium
399 700 411 719 ,
443 672 498 710 uti
523 671 560 711 &
583 671 737 711 nimiam
758 674 953 712 lenitatem
974 668 1074 710 ferre
1089 673 1313 723 neutiquam
1339 671 1504 714 sustinet.
1579 673 1674 716 Tam
1693 677 1882 719 servitutis

71 740 243 772 extrema
266 730 475 782 periculosa
511 730 597 771 sunt
613 760 626 780 ,
658 742 702 770 ac
726 728 799 787 (a)
820 731 1014 772 libertatis.
1082 729 1135 770 Et
1151 731 1344 784 Principes
1370 732 1435 772 ista
1452 746 1532 773 non
1565 735 1849 778 considerantes
1869 769 1881 788 ‚

16 812 18 839 ³
69 790 239 832 furorem
263 793 464 830 concitatae
480 792 730 831 multitudinis
754 790 956 843 aliquando
974 793 1124 841 experti
1142 792 1237 832 sunt.
1299 791 1398 831 Non
1417 794 1566 846 semper
1585 793 1690 834 ferro
1717 796 1755 835 &
1777 798 1884 839 flam*

15 862 19 885 ἒ
71 862 132 892 ma
151 852 271 890 curari
293 849 447 903 possunt
465 852 687 891 inveteratae
705 852 742 891 δι
768 852 904 891 adultae
929 849 1182 891 infirmitates.
1250 850 1462 892 Medicinae
1489 854 1622 893 suaves
1656 855 1884 896 adhibendae

70 909 157 951 sunt
177 940 189 957 ,
220 921 285 949 aut
304 910 331 950 si
350 910 504 961 quando
522 913 660 964 pillulis
675 913 808 952 amaris
829 922 928 963 opus
947 909 991 949 lit
1014 941 1025 959 ,
1057 923 1151 950 auro
1174 923 1237 951 eas
1265 923 1424 963 oportet
1453 914 1670 963 obducere,
1690 916 1728 955 &
1748 918 1885 955 oculos

15 967 17 969 ’
68 968 295 1022 gustumque
318 969 462 1010 fallere.
541 973 596 1011 At
612 985 692 1013 non
719 973 856 1010 attinet
872 970 964 1010 scire
980 972 1170 1022 populum
1191 971 1440 1023 ingredientia
1458 972 1685 1014 statutorum
1706 974 1726 1015 ὲ
1745 976 1885 1016 Princi-

69 1043 121 1082 pe
147 1060 159 1079 ‚
189 1030 228 1070 &
252 1031 499 1071 consiliorum
525 1031 605 1081 ejus
623 1062 636 1083 ,
664 1033 749 1072 {atis
773 1029 830 1071 est
853 1060 867 1081 ,
900 1029 1007 1083 quod
1032 1030 1100 1070 sub
1123 1042 1315 1084 praetextu
1341 1035 1470 1085 aliquo
1495 1046 1706 1087 apparente
1733 1047 1778 1075 ea
1808 1036 1885 1076 sor-

69 1091 171 1130 beat.

224 1148 257 1200 §.
289 1149 384 1189 Belli
406 1152 641 1202 periculum,
671 1150 708 1190 &
729 1149 906 1205 asperitas
922 1151 1142 1204 mitigantur
1164 1150 1369 1203 plurimum
1398 1153 1555 1193 lenitate
1582 1155 1704 1204 illius,
1734 1156 1798 1206 qui
1815 1155 1885 1195 im-

68 1218 189 1262 perat.
254 1210 308 1248 lta
334 1209 607 1258 Germanicus,
639 1222 682 1251 ut
709 1213 880 1264 legiones
905 1210 1155 1251 Germanicas
1183 1215 1218 1251 in
1248 1212 1376 1252 officio
1401 1214 1640 1262 contineret,
1672 1215 1709 1254 &
1739 1215 1786 1253 ad
1816 1227 1888 1266 pu—

68 1269 261 1321 gnandum
285 1272 448 1309 haberet
478 1272 710 1320 paratiores:
740 1272 886 1310 solebat
908 1268 979 1324 (b)
1008 1272 1185 1311 circumire
1193 1268 1342 1322 fizucios,
1363 1269 1474 1323 facia
1484 1272 1693 1326 singulorum
1713 1279 1887 1324 extoliere,

69 1320 213 1369 vulnera
232 1330 390 1376 intuens,
420 1328 523 1367 alium
531 1326 613 1380 spe,
629 1329 734 1368 alium
753 1330 866 1382 gloria
880 1359 893 1379 ‚
923 1329 1060 1370 cancros
1088 1334 1252 1386 alloquio,
1285 1330 1338 1376 ἐξ)
1359 1344 1446 1372 cura
1459 1332 1595 1387 sibique
1621 1333 1672 1378 &⁵³
1681 1335 1806 1388 praelio
1814 1332 1889 1387 fir-

67 1389 194 1429 nabat.

223 1446 257 1498 ἕ.
288 1445 385 1485 Haec
402 1455 529 1486 tamen
558 1446 772 1498 benignitas
801 1446 837 1487 se
867 1446 944 1487 sola
964 1447 1058 1488 nihil
1091 1448 1226 1497 efficit,
1257 1448 1321 1489 sed
1349 1450 1504 1492 necesse
1529 1449 1585 1491 est
1608 1450 1816 1504 praeterea,
1848 1461 1892 1492 ut

70 1509 109 1548 in
123 1519 172 1546 eo
199 1508 331 1554 etiam,
363 1508 427 1557 qui
450 1508 526 1545 aliis
542 1507 719 1547 mandata
739 1507 828 1555 dat,
860 1510 1055 1550 excellens
1078 1511 1202 1556 aliqua
1213 1511 1334 1549 virtus
1356 1512 1529 1559 eluceat;
1562 1523 1603 1551 ut
1623 1513 1649 1552 fi
1680 1523 1827 1553 ametur
1845 1514 1892 1552 il-

70 1570 142 1608 lius
165 1566 271 1606 causa
290 1578 450 1618 propter
469 1567 567 1606 hanc
590 1568 628 1606 in
653 1566 900 1607 aestimatione
919 1567 975 1608 sit.
1039 1568 1252 1609 Enimvero
1282 1570 1381 1622 saepe
1409 1573 1598 1625 contingit
1623 1571 1726 1624 diligi
1750 1573 1891 1612 Princi-

68 1640 160 1681 pem
192 1629 244 1665 ob
276 1627 572 1684 benignitatem,
603 1627 641 1667 ἃ
667 1628 742 1666 una
767 1629 986 1676 contemni,
1019 1631 1106 1679 quia
1134 1628 1181 1666 ad
1217 1629 1257 1667 id
1284 1642 1422 1669 munus
1452 1632 1576 1670 miniis
1605 1631 1790 1671 sufficiens
1815 1631 1886 1676 est.

68 1688 289 1729 Auctoritas
318 1698 397 1725 non
415 1699 463 1725 ex
490 1698 642 1735 amore,
674 1687 736 1726 sed
765 1687 1015 1726 admiratione
1042 1687 1217 1729 nascitur.
1278 1688 1344 1726 Ille
1371 1690 1589 1741 gratillirnus
1613 1693 1784 1731 oninium
1821 1694 1888 1743 qui

69 1749 158 1787 cuin
181 1746 429 1786 metuendum
458 1746 493 1786 se
511 1746 621 1797 poffit
645 1746 828 1796 reddere,
858 1748 1059 1786 amabilem
1077 1747 1151 1786 sese
1170 1747 1350 1794 exhibet3
1382 1750 1464 1795 ille,
1497 1751 1651 1802 inquam
1666 1782 1677 1799 ‚
1710 1753 1774 1802 qui
1795 1753 1887 1794 cuin

67 1808 245 1860 justitiam
272 1817 453 1845 exercere
474 1807 649 1854 noverit,
680 1806 896 1845 Clementia
919 1808 1060 1857 pariter
1081 1808 1136 1845 uti
1167 1807 1310 1847 didicit.
1373 1807 1446 1846 Pro
1471 1811 1621 1861 ignavia
1650 1811 1687 1850 &
1715 1814 1892 1864 ignomn-

72 1871 122 1906 tia
150 1868 311 1906 habetur
338 1868 435 1905 illius
458 1866 690 1915 benignitas,
722 1867 787 1916 qui
804 1867 880 1904 aliis
900 1866 1106 1904 virtutibus
1123 1867 1271 1905 eximiis
1293 1867 1386 1905 boni
1411 1867 1690 1909 Gubernatoris
1705 1871 1888 1922 praeditus

71 1940 152 1968 non
179 1925 242 1966 est.
304 1924 469 1963 Tantum
497 1925 555 1962 hae
581 1922 735 1974 possunt
758 1926 795 1962 in
824 1926 953 1974 aliquo
986 1923 1184 1976 Principe,
1216 1935 1258 1963 ut
1284 1926 1524 1976 asperitatem
1556 1930 1634 1979 ejus
1658 1929 1695 1968 ἃ
1724 1933 1892 1982 rigorem

71 1985 345 2036 compensent,
377 1983 413 2022 ἃ
431 1983 648 2021 tolerabiles
673 1983 848 2022 efficiant.
909 1982 1036 2022 Etiam
1064 1986 1156 2022 viiia
1178 1984 1331 2035 grandia
1355 1988 1608 2038 excusantur,
1639 2000 1703 2029 aut
1729 1992 1892 2033 dixsimu-

70 2049 194 2087 lantur
215 2046 251 2083 in
269 2055 342 2091 en,
373 2044 437 2094 qui
469 2043 612 2094 magnis
640 2043 826 2095 aliqiibus
859 2044 1066 2082 virtutibus
1093 2043 1294 2084 instructus
1313 2043 1379 2084 est.

226 2104 262 2156 §.
298 2103 338 2143 In
356 2104 519 2155 negotiis
537 2103 812 2153 pertrat‘tandis
837 2104 930 2142 utile
951 2101 1006 2142 est
1024 2103 1265 2143 dulcedinem
1288 2106 1475 2157 gravitate
1504 2114 1743 2158 temperare,
1769 2110 1809 2149 &
1833 2112 1891 2151 lu,

74 2166 207 2206 dubria
222 2164 322 2204 seriis
339 2193 351 2211 ‚
381 2163 503 2202 modo
529 2161 755 2214 tempestiva
783 2163 843 2201 illa
863 2162 957 2210 lint,
989 2174 1062 2202 nec
1085 2173 1223 2214 praeter
1253 2164 1460 2211 decorum,
1493 2176 1556 2205 aut
1580 2171 1746 2208 materiae
1768 2169 1889 2221 subje-

76 2226 146 2266 c‘tae
165 2225 418 2278 gravitat'em3
450 2235 521 2273 qua
545 2224 581 2261 in
601 2234 641 2261 re
666 2221 823 2262 festivus
841 2221 1049 2262 admodum
1077 2221 1150 2262 fuit
1175 2222 1385 2274 Imperator
1416 2224 1590 2265 Tiberius
1606 2259 1615 2270 ,
1646 2225 1713 2283 (c)
1738 2228 1889 2270 Imbria

65 2280 522 2339 seriispermiscereffilitn‘s.
584 2282 680 2334 Quis
701 2281 778 2329 est,
809 2284 872 2333 qui
892 2283 992 2322 ferre
1023 2283 1132 2334 possit
1161 2283 1402 2323 severitatem
1434 2286 1770 2337 melandrohcam,
1801 2302 1890 2329 cor-

76 2358 245 2397 rugatam
275 2357 420 2396 1emper
443 2343 635 2390 frontem,
667 2342 862 2382 contrafflt
890 2343 927 2382 in
954 2344 1116 2395 negotiis
1142 2343 1361 2395 supercilia,
1394 2346 1514 2384 verba
1551 2345 1643 2385 dura
1671 2347 1707 2386 &
1735 2349 1887 2400 aspera3

79 2405 202 2457 gestus
228 2417 271 2443 ac
291 2416 440 2454 motum
465 2404 637 2454 corporis
654 2405 764 2442 nimis
797 2403 962 2455 graves?
997 2403 1140 2455 Magna
1173 2403 1376 2454 prudentia
1400 2404 1454 2443 est
1471 2434 1483 2453 ‚
1512 2406 1578 2444 suo
1606 2416 1784 2458 tempore
1809 2410 1890 2449 Mi·-

68 2463 352 2517 fierestultitiam
374 2464 509 2516 corgliliis
526 2461 663 2502 brevem
674 2494 684 2511 ‚
717 2463 753 2503 &
770 2476 873 2502 nunc
883 2463 1060 2515 pretiosior
1078 2461 1125 2517 est
1135 2459 1305 2514 sapientia
1317 2494 1326 2511 ,
1360 2461 1432 2520 (d)
1462 2464 1514 2508 ἐξ)
1527 2465 1657 2516 gloria,
1671 2475 1819 2518 parva,
1836 2468 1890 2514 ἐξ)

77 2523 127 2563 cul
156 2531 283 2575 tempus
313 2523 480 2578 stultitia.
540 2523 734 2574 Ingenium
757 2521 962 2569 festivum,
994 2523 1031 2562 &
1063 2523 1225 2562 verbum
1257 2523 1411 2574 aliquod
1448 2525 1622 2574 jocolum
1659 2527 1890 2580 tempestive

79 2586 293 2636 prolaturi,
324 2583 517 2623 devincire
541 2584 634 2622 soler
652 2585 797 2623 animos
814 2614 826 2632 ,
859 2583 896 2622 &
923 2582 1137 2622 difficillima
1158 2595 1322 2634 quaeque
1348 2585 1502 2634 negotia
1533 2584 1580 2622 ad
1607 2596 1781 2636 optatum
1808 2589 1889 2627 exi-

81 2654 161 2683 tum
193 2642 423 2694 perducere,
455 2643 550 2693 laepe
569 2654 734 2683 men'em
754 2644 942 2690 occultat,
973 2644 1151 2682 malitiam
1179 2642 1345 2690 deludit,
1377 2645 1473 2681 vitat
1501 2642 1709 2696 offensam,
1735 2646 1773 2686 &
1807 2647 1887 2688 sua-

79 2707 181 2744 viter
206 2704 343 2742 avertit
359 2702 641 2754 relponfionern
661 2703 708 2742 ad
733 2703 997 2755 propositum,
1028 2702 1093 2741 ubi
1124 2715 1169 2742 ea
1195 2714 1275 2741 non
1308 2701 1479 2753 expedit.

259 2762 292 2813 §.
325 2761 512 2815 Curandis
532 2774 650 2816 porro
671 2766 832 2813 negotiis
850 2761 1010 2802 mifcere
1036 2763 1150 2801 etiam
1174 2770 1332 2813 oportet
1353 2763 1552 2802 utilitatem
1577 2762 1681 2813 ejus,
1707 2767 1768 2805 cui
1802 2778 1891 2818 per·

83 2821 240 2863 suadere
263 2821 402 2873 aliquid
423 2823 623 2872 volumus,
653 2823 890 2864 ostendendo
912 2824 1007 2862 illius
1023 2833 1104 2861 non
1123 2823 1266 2869 minus,
1299 2834 1343 2861 ac
1371 2820 1497 2860 nostra
1523 2822 1715 2867 interesse.
1778 2826 1887 2867 Nam

83 2895 218 2922 omnes
249 2881 332 2922 fere
355 2884 518 2934 propriis
548 2893 754 2923 moventur
783 2882 1019 2929 commodis3
1051 2883 1163 2934 pauci
1191 2879 1426 2934 obligatione
1461 2883 1535 2921 sola
1565 2883 1603 2923 δε
1628 2886 1760 2936 gloria.
1819 2886 1887 2939 (e)

84 2940 409 2994 Sejanusfratrm
429 2956 558 2996 quoque
575 2942 728 2984 Neronis
744 2941 899 2993 Drufimz
919 2944 1034 2982 traxit
1061 2944 1096 2981 in
1109 2949 1258 2994 partes,
1276 2938 1337 2993 spe
1353 2941 1480 2997 objecifa
1503 2943 1681 2996 Principis
1701 2945 1770 2988 Ioci.
1831 2946 1887 2984 ln»

87 3001 232 3042 dustriae
252 3002 450 3056 prudentis
471 3002 636 3043 Ministri
651 3002 725 3054 est,
755 3005 908 3057 negotia
937 3003 1065 3042 alienis
1087 3000 1303 3041 commodis
1328 3001 1498 3042 faciliora
1521 3003 1708 3053 reddere,
1739 3005 1789 3043 fic
1817 3012 1890 3043 tra-

989 3061 1024 3102 T
1039 3072 1054 3102 t
1082 3074 1111 3103 2
1764 3061 1889 3105 :status

183 3187 237 3230 (a)
264 3187 501 3239 Imperaturus
522 3198 556 3222 es
578 3181 771 3221 hominibus
790 3211 813 3243 ,ι
826 3186 889 3237 qui
901 3197 962 3222 nec
979 3195 1094 3223 totam
1099 3184 1319 3232 servitutem
1336 3189 1421 3240 pati
1424 3186 1565 3240 pofflmt,
1586 3198 1645 3221 nec
1658 3194 1773 3221 totam
1784 3181 1888 3222 liber-

90 3238 532 3339 lggssniigajsskgfiaffist'
583 3239 643 3283 (b)
671 3237 771 3273 Idem
791 3237 852 3274 lib.
877 3250 906 3276 1.
923 3239 1052 3282 Annal,
1103 3242 1160 3285 (c)
1185 3241 1271 3278 Tac.
1289 3240 1352 3279 l.6.
1368 3240 1497 3278 Annal-
1553 3239 1614 3286 (d)
1641 3238 1770 3276 Horat.
1825 3239 1886 3287 (e)
