2132 3730
275 217 331 258 w
694 196 1614 245 DIDACISAAVEDRAE

271 287 471 341 prudentia
484 285 611 337 potius
624 285 798 323 naturalis
815 283 985 323 &honor
997 283 1127 322 virtuti
1139 282 1301 325 debitus.
1359 284 1521 325 Nullum
1536 285 1697 325 froenum
1715 285 1767 325 illi
1779 284 1890 325 restat
1908 296 2044 338 poten-

269 348 355 395 tiae,
384 357 466 397 quae
487 341 704 393 tyrannides
729 342 809 382 suas
826 354 905 383 non
925 344 1014 382 velo
1030 341 1156 392 aliquo
1173 343 1331 397 obtegit.
1388 343 1600 395 Nunquam
1614 343 1814 385 Senatores
1835 343 1913 400 (a)
1927 345 2042 387 Tibe-

268 407 365 446 rium
394 406 598 442 timuerunt
614 402 730 454 magis
748 400 861 456 quam
876 400 964 442 cum
990 401 1133 452 absque
1156 400 1439 444 diffimulatione
1457 412 1543 442 eum
1570 403 1841 455 conspicerent.
1910 404 1967 444 Ea
1988 417 2043 445 ta·

265 463 372 506 metii
387 461 434 500 de
448 461 582 500 Pisone
604 461 738 500 scribat
753 460 930 511 Tacitus,
958 460 1033 515 (h)
1055 460 1158 512 quod
1171 461 1258 500 claro
1269 462 1363 514 apud
1369 463 1508 516 vulgum
1520 474 1651 502 rzmtore
1661 470 1758 512 erat,
1769 471 1838 514 per
1856 467 2043 514 virtutem,

265 518 453 572 autspecies
480 519 827 572 virtutihusfimiles:
855 521 932 560 hoc
950 530 1077 560 tamen
1099 532 1178 560 non
1202 519 1252 560 fic
1276 520 1558 575 intelligendum
1575 550 1587 569 ‚
1616 521 1716 572 quasi
1746 522 1904 573 perinde
1930 523 1976 563 fit
2001 524 2044 563 in

265 580 440 630 Principe
455 608 468 627 ,
497 579 562 619 seu
577 581 677 619 veris
700 580 903 619 virtutibus
923 581 1067 632 polleat
1081 609 1093 629 ,
1124 579 1187 619 seu
1209 591 1270 618 eas
1291 580 1467 630 simulet‚·
1495 577 1559 620 sed
1580 581 1666 631 quia
1684 579 1850 632 populus
1866 594 2042 623 nonnun-

265 650 378 690 quam
399 637 700 692 judiciolfallitur
720 669 732 687 ‚
763 638 800 679 &
816 639 1034 692 hypocrisin
1053 650 1124 690 pro
1138 640 1279 678 virtute
1294 640 1421 685 habet,
1481 639 1640 693 Quanto
1664 640 1773 692 igitur
1788 637 1931 682 firmior
1949 654 2041 683 con-

267 696 499 749 stantiorque
518 697 660 738 Pisonis
678 697 777 738 fama
796 727 810 747 ,
839 698 867 738 fi
888 700 1018 738 virtuti
1044 698 1239 738 fincerae&
1254 698 1378 738 solidae
1402 711 1446 740 ea
1467 699 1593 740 fuisset
1609 699 1721 738 inixa.

433 756 469 808 §.
499 755 645 797 Eadem
668 757 865 798 nascentur
881 757 1145 807 incommoda,
1174 757 1201 797 si
1222 757 1399 809 Princeps
1417 771 1525 799 veras
1541 760 1701 799 virtutes
1718 757 1857 798 habeat
1871 755 2042 809 quidem;

260 815 328 872 sed
336 827 427 867 quas
439 816 518 868 ipse
535 828 608 868 pro
625 816 1107 869 temporis&occasionum
1126 819 1308 857 varietate
1324 816 1435 856 facile
1450 828 1594 858 mutet:
1626 818 1745 858 virtus
1760 818 1860 858 enim
1886 816 1960 857 ess'e
1978 830 2044 859 ne-

261 877 362 927 quit,
391 887 475 927 quae
498 887 576 915 non
596 874 651 914 est
675 876 826 915 habitus
856 875 986 916 firmus
1016 877 1053 916 &
1076 875 1270 925 constans,
1301 885 1365 916 aut
1387 877 1425 915 in
1453 888 1501 915 eo
1516 875 1610 916 inest
1642 878 1790 926 animo,
1823 877 1884 916 cui
1910 877 2043 929 religio

259 946 339 975 non
355 933 427 983 est,
457 935 496 974 in
516 935 651 973 vitium
666 936 764 974 illam
789 945 1036 985 convertere,
1067 945 1131 975 aut
1147 937 1184 976 in
1200 937 1463 988 improborum
1487 934 1562 975 sese
1583 944 1708 986 partes
1725 935 1944 988 adjungere,
1959 949 2043 977 mo-

260 993 314 1033 do
346 995 469 1044 aliqua
495 994 663 1032 utilitatis
689 993 774 1045 spes
799 994 888 1034 inde
930 994 1116 1034 affulserit.
1179 995 1231 1035 Et
1255 996 1390 1035 amabo
1415 1004 1474 1041 te,
1520 994 1719 1046 quomodo
1752 994 1850 1034 istud
1874 1007 2044 1047 unquam

257 1052 422 1103 Principi
442 1051 651 1104 expediet?
686 1051 754 1106 (c)
786 1053 837 1093 Ca
863 1054 894 1094 el
916 1055 994 1107 Rey
1020 1063 1137 1094 contra
1168 1056 1215 1095 Ios
1241 1054 1363 1103 malos,
1392 1061 1519 1107 quanto
1543 1067 1583 1092 en
1603 1049 1647 1102 stt
1668 1053 1818 1093 mandati
1835 1053 1900 1107 esto
1921 1057 2044 1095 vieren

258 1111 377 1150 verba
398 1110 483 1151 sunt
500 1111 686 1163 Alphonsr
701 1112 836 1165 Regis3
868 1114 907 1152 in
929 1112 1097 1164 ejusdem
1111 1112 1285 1166 legibus)
1293 1112 1435 1166 stenima
1451 1114 1496 1152 les
1512 1112 1591 1152 debe
1611 1112 1722 1151 hever
1748 1113 1840 1152 mala
1853 1113 2043 1163 voluntad,

246 1178 381 1223 perque
395 1169 433 1223 fi
459 1169 499 1210 de
532 1168 602 1224 esta
621 1167 714 1223 gmsa
741 1184 782 1211 no
806 1172 835 1212 lo
851 1169 997 1226 fizieffe‚
1028 1185 1067 1214 no
1081 1172 1207 1224 podria
1219 1170 1336 1224 fazer
1358 1169 1788 1224 cmnvliclamentejusticia,
1814 1174 1874 1212 nin
1890 1179 1986 1212 tener
1997 1169 2044 1225 fic

255 1231 367 1269 tierra
392 1242 433 1269 en
438 1238 536 1281 paz,
565 1231 623 1270 nin
648 1227 845 1284 monstrmfi’
851 1239 919 1282 por
934 1231 1047 1275 bueno.
1108 1232 1206 1273 Nam
1220 1232 1316 1271 malis
1329 1261 1341 1279 ,
1371 1230 1529 1284 quamdiu
1552 1230 1682 1284 quidem
1699 1231 1785 1271 tales
1807 1228 1867 1284 ffe
1883 1228 2043 1282 perseve-

256 1291 440 1337 raverint,
454 1285 615 1340 itffenfinn
632 1286 690 1342 effe
709 1302 818 1342 regem
841 1292 992 1330 convenit
998 1304 1013 1339 ,·
1039 1291 1097 1331 hoc
1109 1292 1193 1331 enim
1211 1290 1272 1342 nist
1283 1287 1418 1341 faciat,
1448 1302 1551 1342 neque
1565 1287 1738 1342 justitiam
1757 1287 1917 1341 perfecie
1935 1289 2042 1330 admi·

255 1345 424 1399 nistrare,
453 1361 556 1402 neque
573 1356 692 1399 pacem
714 1362 755 1387 ac
780 1350 1059 1402 tranquillitatem
1089 1352 1184 1401 regni
1213 1345 1430 1400 conservare,
1458 1362 1561 1403 neque
1572 1347 1612 1401 ste
1637 1346 1737 1400 zPfinn
1756 1347 1896 1401 denique
1922 1349 2042 1389 bonum

254 1403 313 1460 effe
333 1404 498 1459 estendere
508 1410 649 1459 poterit.
708 1406 759 1446 Et
780 1409 861 1459 quis
877 1408 978 1448 casus
1000 1410 1150 1460 exigere
1169 1408 1259 1448 illud
1279 1410 1421 1460 poterit
1441 1410 1497 1448 his
1514 1407 1646 1448 nostris
1666 1408 1868 1459 praesertim
1892 1407 2042 1459 seculis,

255 1464 347 1504 cum
364 1465 578 1506 dominatus
598 1467 804 1518 &imperia
821 1468 931 1507 certis
950 1467 1152 1507 constituta
1172 1467 1254 1507 stint
1270 1468 1436 1519 legibus,
1467 1479 1594 1519 neque
1617 1466 1693 1518 jam
1716 1465 1875 1518 amplius
1898 1467 2043 1519 depen-

255 1523 347 1564 dent
367 1524 394 1578 ζ
406 1527 461 1565 uti
483 1524 747 1566 Romanorum
763 1526 1038 1573 Imperatorum
1060 1526 1175 1566 fiebat
1199 1525 1470 1580 temporibus)
1496 1527 1542 1565 ab
1566 1524 1754 1566 electione
1778 1524 1816 1565 &
1843 1526 2040 1566 insolentia

253 1585 426 1631 militari3
456 1583 618 1625 Nullum
643 1596 809 1635 unquam
833 1585 978 1625 tantum
1000 1585 1127 1637 potest
1146 1584 1219 1626 effe
1247 1587 1494 1638 periculum‚·
1511 1585 1617 1637 quod
1638 1586 1758 1625 virtus
1782 1584 1950 1637 prudens
1979 1597 2043 1625 ca-

253 1652 347 1682 vere
373 1655 453 1683 non
481 1652 617 1694 queat,
646 1644 789 1693 absque
807 1643 856 1682 eo
883 1644 985 1694 quod
1010 1644 1188 1696 Princeps
1215 1644 1236 1684 a
1266 1645 1465 1685 sceleribus
1493 1645 1561 1685 fibi
1582 1653 1690 1697 paret
1725 1643 1941 1689 subsidium.
1999 1643 2042 1684 Si

254 1702 408 1752 quando
433 1702 611 1752 Princeps
632 1702 763 1752 aliquis
789 1703 993 1742 virtutibus
1014 1702 1158 1742 illustris
1173 1702 1316 1754 peffum
1333 1705 1399 1751 iit,
1426 1716 1505 1743 non
1523 1704 1572 1744 eo
1601 1702 1757 1752 accidit,
1787 1702 1893 1754 quod
1909 1704 2039 1743 bonus

254 1759 365 1809 esset,
396 1760 459 1800 sed
475 1760 580 1812 quod
598 1760 722 1800 bonus
740 1759 814 1800 effe
832 1760 931 1800 haud
944 1761 1028 1801 satis
1051 1761 1236 1802 didicerit.
1294 1760 1393 1801 Non
1407 1771 1556 1801 tenetur
1567 1761 1743 1814 Princeps
1755 1761 1902 1812 justitiae
1912 1774 2042 1803 amans

253 1819 455 1860 confestim
472 1820 509 1859 δι
529 1819 790 1869 imprudenter
807 1819 883 1858 sese
901 1820 1100 1860 sceleribus
1121 1832 1341 1872 opponere,
1365 1822 1435 1860 'ubi
1458 1822 1601 1861 nullum
1625 1822 1828 1874 pollicetur
1847 1820 2040 1872 fructum,

254 1887 321 1919 aut
345 1875 451 1917 certe
470 1877 670 1917 evidenter
700 1876 906 1928 periculosa
932 1877 1084 1916 videtur
1113 1878 1241 1917 isthaec
1269 1879 1476 1928 diligentia:
1508 1882 1598 1929 quin
1629 1879 1747 1921 immo
1782 1892 1924 1934 magnae
1948 1892 2041 1933 pru-

254 1937 392 1977 dentiae
412 1934 466 1976 est
484 1933 556 1991 (d)
578 1937 814 1987 permittere,
844 1935 948 1987 quod
973 1935 1105 1976 contra
1134 1936 1293 1976 nitendo
1320 1936 1505 1987 impedire
1530 1949 1608 1976 non
1640 1938 1780 1988 potest,
1836 1939 2042 1980 Disimulet

254 1998 437 2037 vitiorum
456 1996 651 2044 notitiam,
682 1994 809 2046 quoad
829 2006 917 2034 cum
941 2005 1116 2047 ternpore
1130 1995 1338 2036 remedium
1354 1997 1472 2046 parari
1486 1996 1616 2047 poffit;
1639 1996 1764 2035 bonos
1780 1999 1928 2038 interim
1943 2011 2040 2050 prae.

254 2057 339 2096 miis
360 2056 497 2107 erigat,
528 2055 704 2094 coerceat
724 2055 844 2104 poenis
866 2055 1004 2100 malos,
1035 2056 1190 2105 aliisque
1210 2064 1337 2093 utatur
1352 2054 1506 2102 mediis,
1535 2066 1619 2105 quae
1643 2055 1843 2105 prudentia
1864 2057 2041 2109 suggerit,

256 2114 382 2168 Quod
403 2113 432 2154 si
455 2125 499 2152 ea
516 2126 595 2153 non
616 2113 814 2161 sufficiant,
845 2112 1052 2153 Succeffori
1069 2113 1160 2153 illud
1176 2114 1378 2164 relinquat,
1408 2114 1464 2152 uti
1498 2111 1591 2152 fecit
1614 2112 1810 2165 Tiberius,
1839 2114 1926 2154 cum
1948 2127 2036 2168 per-

253 2175 414 2226 spiceret
436 2172 507 2226 (e)
536 2172 718 2224 temporis
739 2170 793 2211 sui
814 2183 940 2211 mores
969 2173 1102 2225 corrigi
1128 2172 1148 2212 a
1174 2173 1235 2220 se,
1263 2172 1301 2211 &
1328 2171 1518 2212 emendari
1545 2184 1622 2212 non
1656 2171 1774 2224 poffe.
1831 2172 1984 2214 Etenim
2007 2174 2038 2215 fi

254 2233 435 2284 Princeps
466 2241 572 2272 metu
603 2233 729 2282 aliquo
753 2231 800 2270 ad
828 2232 1092 2283 improborum
1127 2243 1276 2280 mores,
1307 2230 1344 2271 &
1369 2233 1485 2271 vitam
1516 2230 1612 2272 male
1643 2232 1791 2284 agendo
1817 2233 1892 2273 sese
1916 2235 2036 2273 vellet
2088 2237 2090 2239 '

254 2292 497 2332 conformare
511 2321 523 2340 ,
552 2303 625 2330 nec
645 2293 720 2332 hos
757 2289 958 2331 reduceret
983 2293 1019 2330 in
1040 2292 1160 2340 viam,
1183 2301 1296 2342 atque
1316 2302 1390 2330 una
1413 2291 1537 2330 bonos
1565 2290 1760 2343 perderet,
1787 2291 1962 2344 adeoque
1994 2294 2034 2333 in

254 2353 425 2402 utrisque
449 2351 598 2389 malitiae
614 2349 722 2389 fieret
736 2350 904 2390 acceffio.
963 2349 1094 2390 Virtus
1110 2353 1148 2390 in
1175 2349 1347 2402 Prlncipe
1364 2350 1455 2390 nihil
1473 2361 1597 2390 creare
1619 2351 1713 2389 solet
1736 2352 1909 2402 periculi:
1929 2360 2035 2392 creat

258 2420 386 2450 tamen
407 2410 511 2452 zelus
532 2409 568 2449 δι
595 2410 713 2460 rigor,
744 2409 773 2448 fi
797 2409 941 2460 absque
957 2410 1156 2461 prudentia
1172 2410 1253 2449 sint.
1310 2409 1408 2449 Non
1431 2410 1690 2449 abominantur
1717 2408 1930 2461 Principem
1956 2410 2034 2449 sce-

259 2471 387 2518 lerati,
417 2467 523 2520 quod
547 2469 694 2522 probus
712 2467 748 2508 &
764 2467 862 2520 frugi
880 2468 943 2518 sit,
974 2469 1037 2509 sed
1059 2472 1144 2521 quia
1165 2481 1233 2521 per
1254 2470 1405 2508 nimiam
1419 2469 1498 2520 ejus
1521 2470 1757 2509 severitatem
1779 2469 1962 2522 improbis
1987 2470 2035 2510 iis

257 2527 331 2570 effe
356 2540 435 2569 non
450 2529 551 2568 licet.
609 2527 744 2568 Nemo
763 2540 842 2567 non
868 2527 1079 2580 Principem
1104 2528 1241 2581 justum
1267 2528 1460 2568 desiderat.
1520 2529 1623 2582 Quin
1646 2529 1733 2568 mali
1753 2530 1865 2569 etiam
1883 2529 1959 2568 hoc
1975 2538 2032 2568 ta-

257 2590 282 2628 li
300 2599 398 2641 opus
424 2587 584 2637 habent,
613 2596 655 2627 ut
669 2586 815 2638 justitiae
833 2588 941 2626 locus
960 2588 1003 2628 fit
1019 2618 1031 2637 ,
1063 2601 1135 2640 qua
1152 2593 1238 2629 ‘non
1267 2588 1312 2626 ab
1341 2589 1418 2627 aliis
1445 2587 1580 2637 solum,
1610 2587 1673 2627 sed
1696 2586 1732 2627 &
1754 2585 1775 2627 a
1800 2588 1836 2628 se
1863 2588 2030 2628 invicem

255 2649 375 2688 securi
400 2645 550 2700 degant.
611 2646 756 2687 Seneca
781 2658 830 2686 eo
850 2647 1093 2697 intendebat,
1121 2648 1206 2689 cum
1228 2656 1271 2687 ut
1291 2646 1491 2689 Neronem
1519 2649 1565 2688 ab
1591 2644 1803 2688 incestuosa
1836 2646 1922 2686 ciim
1940 2645 2030 2686 Ma.

258 2717 317 2747 tre
341 2706 612 2748 consuetudine
642 2706 869 2754 abduceret,
897 2705 1022 2747 eidem
1062 2710 1350 2748 comminaretur
1365 2736 1378 2755 ,
1413 2705 1497 2762 (f)
1525 2707 1765 2760 pervulgatum
1791 2705 1849 2762 effi
1873 2702 2030 2757 incestum

254 2766 420 2818 gloriante
443 2773 574 2816 matre,
601 2779 658 2808 nec
674 2766 878 2808 toleraturos
907 2767 1025 2807 milites
1043 2765 1188 2820 profani
1220 2768 1394 2819 Princzpis
1421 2767 1611 2821 Imperium,
1674 2764 1788 2807 Adeo
1819 2763 2029 2863 neceffiariae

1953 2836 2028 2863 rin-

259 2920 316 2967 (a)
333 2919 544 2959 Penetmbat
556 2921 725 2969 pavor&
737 2922 930 2960 admiratio
953 2950 962 2964 ,
987 2921 1150 2960 callidum
1166 2920 1245 2958 olim
1262 2948 1270 2963 ,
1297 2920 1342 2964 όν
1354 2921 1508 2973 tegendis
1519 2919 1702 2968 fieleribus
1724 2917 1893 2965 obsc'urum
1915 2949 1923 2961 ‚
1960 2920 2026 2959 huc

259 2985 319 3007 con
317 2969 469 3020 fidentiae
484 2972 609 3020 veniffi
626 3001 635 3015 ,
658 2984 699 3010 ut
716 2983 889 3027 tanquam
901 2974 1041 3012 dimotis
1051 2970 1245 3027 parietibus
1270 2972 1452 3022 ostenderet
1474 2979 1634 3027 Nepotem
1645 2969 1711 3018 fi‘b
1728 2969 1882 3009 verberis
1903 2980 2026 3011 Centa-

259 3024 367 3059 rionis
383 3050 392 3063 ‚
432 3025 527 3060 inter
545 3024 728 3070 servorum
755 3028 847 3064 mus
867 3054 876 3068 ,
899 3037 1061 3064 extrema
1081 3027 1167 3063 vita
1190 3024 1363 3063 alimenta
1379 3023 1524 3078 fnestra
1548 3034 1712 3062 orantem.
1765 3024 1879 3062 Tacit.
1898 3026 1961 3064 lib.
1987 3034 2024 3067 6.

260 3075 390 3114 Annal.
441 3076 507 3124 (b)
533 3078 630 3113 Idem
653 3078 676 3119 1.
703 3091 759 3124 ¹5·
781 3079 909 3117 Annal.
947 3080 1011 3125 (c)
1029 3078 1106 3115 Lib.
1126 3089 1158 3123 5.
1177 3077 1232 3114 tit.
1257 3091 1288 3124 5.
1306 3092 1340 3128 p.
1360 3092 1395 3115 2.
1448 3080 1508 3126 (d)
1530 3077 1786 3117 Permittimus,
1809 3077 1899 3131 quod
1912 3079 2026 3116 nolen-

260 3136 313 3162 tes
330 3125 560 3178 indu4gcmus,
584 3130 667 3180 quia
682 3138 842 3180 pravam
864 3128 1036 3169 hominum
1059 3127 1279 3167 voluntatem
1302 3129 1353 3167 ad
1370 3128 1510 3182 plenum
1537 3126 1686 3167 cohibere
1707 3141 1773 3165 non
1791 3129 1965 3182 pffcmus.
1986 3134 2024 3169 S.

262 3178 450 3228 Chrysost..
504 3180 561 3226 (e)
585 3185 662 3216 Non
675 3180 715 3217 id
725 3192 856 3233 tempus
874 3180 1029 3228 censiva,
1052 3194 1111 3219 nec
1122 3180 1163 3232 fi
1177 3180 1263 3234 quid
1283 3183 1322 3219 in
1341 3179 1489 3220 moribus
1515 3178 1673 3223 labaret,
1692 3178 1896 3233 defleturum
1920 3184 2025 3223 corri-

255 3229 366 3281 gendi
391 3231 578 3270 uallarem.
631 3232 745 3280 Tacit,
766 3234 827 3273 lib.
847 3247 878 3272 1.
896 3234 1023 3274 Annal.
1077 3233 1138 3283 (f)
1163 3233 1276 3274 Tacit.
1293 3233 1354 3274 lib.
1379 3246 1434 3282 14·
1456 3233 1584 3274 Amal.

2122 1760 2132 1851 ἓ]
