2132 3730
264 240 323 288 84
730 228 1663 274 DJDACISAAVEDRAE

264 321 304 360 bi
332 318 479 360 temere
495 323 680 367 arrogant.
742 312 836 352 Hoc
854 313 981 353 Roma
1005 293 2063 365 olum

264 381 336 420 suae
371 378 515 418 causam
525 405 537 424 ,
549 372 655 426 quod
680 373 857 414 nimirum
886 372 960 427 (a)
974 369 1166 426 Augustus
1179 371 1329 427 Legum
1348 374 1478 414 munia
1490 372 1539 413 ad
1556 372 1594 413 se
1607 373 1785 426 traxisset,
1799 384 1841 416 ut
1856 375 2063 430 Imperium

263 438 465 490 tyrannide
491 442 710 487 premeret:
1195 461 1199 464 .

429 546 518 611 (b)
538 543 796 615 Postquam
811 546 935 616 jura
944 540 1099 610 fi’rox
1122 544 1176 595 in
1187 540 1238 609 st'
1257 546 1534 596 communia
1560 539 1718 612 Caefitr

441 615 714 684 Transtulit
741 647 756 669 ‚
791 613 937 686 elapsi
950 630 1129 669 mores,
1164 612 1438 683 desuetaque
1455 612 1639 684 pristis.

438 686 669 746 Ac‘iibus,
687 689 740 738 in
747 690 995 757 gremium
1017 688 1152 756 pacis
1162 682 1351 753 servile
1364 684 1523 754 receffi.

261 801 371 844 Dum
387 803 534 855 legibus
551 802 733 853 Princeps
748 813 792 840 os
810 797 970 840 obstruit
983 829 996 849 ,
1025 799 1176 839 malitiae
1192 797 1230 838 ὃ(
1248 799 1351 838 vitiis
1364 799 1457 839 illud
1471 801 1593 850 laxat,
1622 809 1666 840 ut
1688 797 1838 839 Claudii
1846 796 1912 857 (c)
1934 798 2061 853 Impe-

261 864 397 904 ratoris
417 863 657 914 temporibus
676 860 826 900 accidit.
1633 869 1638 877 κ

436 922 471 974 §.
501 920 672 961 Tametsi
690 919 787 959 verb
802 921 906 971 leges
922 919 1016 959 salus
1036 917 1108 958 fint
1128 918 1538 971 Rerumpublicarum,
1567 926 1706 970 utpote
1729 919 1867 971 quibus
1889 919 1950 959 hae
1973 918 2062 959 fun-

262 981 341 1021 dari
357 982 479 1022 solent
494 981 530 1021 δε
554 979 788 1028 conservari,
816 979 958 1032 grande
977 988 1104 1018 tamen
1119 989 1395 1029 nonnunquam
1413 978 1459 1017 iis
1482 986 1612 1017 creant
1630 979 1842 1029 periculum
1858 1009 1873 1029 ,
1901 978 2060 1031 quando

260 1042 332 1081 illae
348 1051 412 1080 aut
443 1040 463 1080 a
488 1042 634 1093 pietate
665 1039 702 1079 &
727 1041 876 1079 ratione
887 1037 1115 1086 deflectunt,
1146 1047 1210 1078 aut
1228 1036 1368 1089 Justum
1393 1036 1589 1077 excedunt
1610 1048 1831 1079 numerum:
1857 1050 1945 1080 nam
1968 1038 2063 1079 dum

258 1102 418 1141 nimium
440 1102 757 1154 multiplicantur,
786 1099 937 1152 pariunt
966 1097 1255 1147 confusionem,
1287 1097 1327 1137 δε
1347 1098 1537 1138 oblivioni
1565 1096 1784 1146 traduntur,
1814 1106 1880 1137 aut
1905 1096 2011 1137 certe
2029 1097 2061 1137 fi

259 1161 399 1201 servari
421 1172 557 1201 omnes
591 1167 808 1211 nequeunt,
837 1159 980 1198 abeunt
1012 1159 1052 1199 in
1085 1166 1368 1208 contemptum.
1428 1156 1520 1211 (d)
1552 1154 1806 1210 Corruptffma
1836 1157 2064 1208 Respublica.-

249 1221 413 1271 plurimae
433 1220 529 1273 leges.
587 1221 682 1260 Aliae
705 1221 782 1259 aliis
802 1218 1068 1266 adversantur,
1098 1227 1212 1269 atque
1237 1216 1361 1257 ansam
1385 1217 1559 1268 praebent
1584 1217 1962 1269 interpretationibus
1983 1229 2064 1256 ma-

259 1280 416 1329 litiosis,
445 1280 484 1320 δι
506 1279 753 1333 opinionibus
781 1279 919 1325 variis,
949 1277 1053 1318 unde
1072 1278 1156 1316 lites
1182 1278 1356 1316 oriuntur
1391 1275 1430 1316 δι
1456 1275 1713 1319 dissensiones,
1770 1275 1903 1327 Major
1924 1277 2065 1328 populi

258 1352 346 1393 pars
368 1340 408 1380 in
438 1340 687 1381 tribunalibus
712 1337 917 1378 distinetur.
976 1337 1127 1377 Desunt
1149 1336 1326 1376 homines
1351 1348 1422 1388 pro
1458 1335 1630 1375 colendis
1655 1335 1772 1387 agris,
1799 1347 1874 1387 pro
1903 1336 2067 1386 officiis,

259 1412 333 1453 pro
353 1401 498 1440 militia.
558 1400 714 1440 Pauculi
735 1399 848 1450 probi
871 1398 1012 1437 multos
1036 1396 1238 1447 improbos
1269 1395 1340 1434 suis
1375 1394 1581 1435 sustentant
1614 1394 1858 1446 sumptibus,
1898 1394 1938 1435 &
1973 1396 2064 1436 mali

260 1458 376 1512 quam
396 1459 550 1512 plurimi
574 1459 686 1499 bonis
705 1457 958 1497 dominantur.
1019 1455 1117 1495 Fora
1141 1455 1242 1494 sinus
1271 1455 1356 1494 sunt
1376 1456 1610 1506 piraturum‚
1644 1454 1684 1494 &
1722 1454 1923 1494 tribunalia
1949 1454 2065 1494 latro-

258 1528 351 1562 num
376 1530 549 1562 nemora.
606 1518 636 1557 Ii
660 1517 751 1570 ipsi,
785 1518 849 1568 qui
874 1515 1050 1555 custodes
1083 1515 1174 1566 juris
1198 1513 1272 1554 effe
1298 1514 1510 1554 debuerant
1535 1544 1548 1564 ‚
1589 1513 1774 1553 durisfima
1814 1522 1950 1554 catena
1991 1514 2067 1554 ser-

258 1581 390 1620 vitutis
417 1579 500 1619 sunt
516 1578 682 1630 populo,
742 1575 889 1627 Neque
918 1576 1041 1614 minus
1055 1584 1259 1626 gravantur
1277 1575 1520 1626 Respublicae
1544 1575 1660 1613 nimia
1679 1574 1809 1626 legum
1831 1572 1899 1628 (ε)
1933 1575 2068 1625 copia,

259 1638 374 1690 quam
402 1637 491 1690 ipsis
518 1637 634 1676 vitiis.
693 1634 773 1687 Qui
789 1637 925 1675 multas
948 1634 1081 1673 condit
1096 1636 1220 1685 leges,
1250 1636 1393 1673 multos
1410 1634 1545 1688 spargit
1562 1633 1748 1682 murices,
1764 1634 2067 1685 inquosomnes

257 1697 472 1738 offendant.
530 1695 587 1734 Ita
614 1695 796 1746 caligula,
826 1694 891 1745 qui
923 1694 1152 1732 innocentiae
1175 1692 1343 1731 struebat
1363 1692 1533 1741 insidias,
1561 1694 1666 1732 varia
1698 1693 1892 1733 sanciebat
1914 1691 2063 1742 edicta,

256 1759 407 1798 minuto
431 1755 565 1807 scripta
585 1751 820 1801 charactere,
851 1762 894 1792 ut
912 1751 1110 1791 difficulter
1137 1752 1210 1804 legi
1235 1750 1402 1803 poss'ent:
1433 1751 1471 1791 &
1495 1748 1566 1807 (f)
1591 1751 1775 1791 Claudius
1813 1751 1876 1792 die
1901 1763 1981 1792 uno
2005 1755 2065 1791 vi-

259 1818 352 1871 ginti
370 1816 613 1869 publicabat,
643 1813 781 1864 quibus
800 1813 989 1864 populum
1018 1811 1070 1850 fic
1093 1811 1301 1859 obruebat,
1332 1819 1376 1850 ut
1410 1810 1496 1863 plus
1521 1811 1663 1851 laboris
1695 1810 1788 1851 effet
1811 1822 1857 1851 ea
1878 1813 2066 1852 memoria

261 1874 615 1928 comprehendere,
645 1884 757 1923 quam
777 1871 896 1922 reipsa
918 1869 1008 1908 dare
1031 1869 1199 1913 effectui,
1258 1870 1408 1907 Idcirco
1433 1871 1658 1911 Aristoteles
1681 1869 1835 1910 dicebat
1852 1883 1994 1923 paucas
2010 1872 2066 1911 le.

258 1947 325 1989 ges
340 1934 528 1982 sufficere,
553 1943 626 1983 pro
647 1930 885 1983 gravioribus
901 1927 1066 1975 casibus,
1086 1928 1253 1977 reliquos
1273 1927 1419 1977 judicio
1435 1931 1594 1969 naturali
1613 1930 1900 1979 relinquendos.
1960 1929 2065 1971 Nul-

258 1998 338 2036 lum
371 1994 551 2033 damnum
573 1989 790 2031 intestinum
813 1989 928 2041 Reip.
956 1989 1127 2040 gravius,
1158 1986 1271 2038 quarn
1295 1988 1410 2026 nimia
1431 1986 1580 2042 Legum
1612 1986 1834 2028 multitudo.
1896 1987 2001 2030 Hinc
2023 1990 2064 2031 in

260 2055 558 2109 gravissimorum
577 2048 803 2090 delictorum
825 2059 976 2100 poenam
1000 2046 1110 2086 Deus
1125 2047 1217 2085 olim
1241 2047 1496 2090 minitabatur.
1522 2045 1606 2100 (g)
1626 2046 1770 2094 Israeli,
1800 2047 1908 2098 quod
1937 2049 2065 2089 multi..

258 2118 379 2169 plices
399 2115 442 2152 iis
467 2114 569 2164 leges
586 2109 741 2149 daturus
756 2107 860 2148 effet.
924 2106 997 2145 Cui
1014 2107 1121 2145 bono
1150 2106 1202 2144 ita
1218 2104 1332 2144 facile
1347 2117 1471 2145 novas
1489 2106 1652 2157 antiquis
1677 2105 1860 2155 adjicere,
1889 2106 2059 2148 sinullus

259 2176 305 2216 fit
327 2173 453 2221 casus,
484 2173 548 2223 qui
565 2182 646 2210 non
663 2170 837 2209 evenerit
854 2166 961 2215 alias,
991 2178 1065 2205 nec
1087 2167 1204 2204 ullum
1229 2165 1546 2215 incommodum,
1575 2164 1682 2217 quod
1705 2164 1794 2204 ante
1813 2177 1894 2206 non
1915 2177 2062 2219 expen-

261 2234 377 2282 derit,
408 2240 473 2271 aut
496 2232 558 2271 cui
574 2242 654 2270 non
667 2229 858 2282 paraverit
872 2225 1084 2267 remedium
1101 2224 1318 2264 observatio
1341 2224 1537 2265 diuturna.-
1565 2235 1680 2276 atque
1700 2227 1969 2276 experientia?
1989 2227 2067 2281 (h)

258 2294 371 2346 Super
390 2290 538 2332 omnibus
559 2291 697 2343 negotiis
710 2288 826 2328 melias
847 2294 949 2339 atque
964 2287 1090 2325 rerJius
1111 2282 1375 2336 olimprovistan.
1436 2285 1689 2338 Quaecunque
1711 2296 1814 2324 nunc
1833 2285 2002 2325 remedia
2021 2286 2062 2327 in

259 2353 440 2404 Hispania
459 2351 653 2390 arbitrium
673 2360 744 2401 pro
762 2359 896 2387 recens
918 2347 1083 2386 inventis
1103 2345 1241 2393 habet,
1273 2345 1402 2384 omnia
1426 2346 1588 2397 antiquis
1612 2344 1717 2396 regni
1742 2343 1914 2395 Regibus
1948 2357 2062 2397 repe-

259 2416 418 2456 rientur.
477 2409 626 2449 Harum
644 2406 815 2448 custodia
838 2408 978 2459 gratior
1003 2407 1074 2445 erit
1099 2406 1276 2456 populo,
1307 2404 1344 2443 δι
1373 2404 1497 2444 minus
1526 2405 1604 2445 odii
1630 2403 1848 2444 conciliabit
1869 2403 2060 2457 Principi,

260 2472 375 2525 quam
392 2471 546 2510 aliarum
566 2479 755 2509 novarum
769 2467 1038 2519 promulgatio.
1098 2465 1141 2504 In
1171 2465 1240 2504 illis
1258 2464 1492 2515 conquiescit
1511 2463 1720 2515 judicium,
1750 2464 1790 2502 in
1817 2464 1875 2504 his
1906 2467 2062 2506 vacillat

261 2534 299 2574 &
319 2530 493 2574 fluctuat.
549 2528 593 2569 In
616 2529 685 2570 illis
707 2528 834 2567 elucet
849 2538 960 2573 cura3
988 2537 1058 2577 per
1074 2525 1141 2564 has
1155 2526 1193 2564 in
1216 2523 1413 2564 discrimen
1438 2527 1547 2564 venit
1575 2522 1813 2568 existimatio,
1872 2523 1946 2563 111ae
1968 2537 2059 2565 cum

261 2593 460 2633 securitate
481 2591 734 2635 innovantur;
764 2586 822 2626 hae
844 2585 921 2625 sine
943 2586 1115 2637 periculo
1134 2583 1261 2624 induci
1277 2596 1355 2622 non
1373 2582 1537 2635 possunt.
1597 2582 1720 2623 Nova
1746 2584 1910 2634 experiri
1935 2595 2060 2624 reme-

263 2653 344 2702 dia,
373 2649 428 2691 est
444 2650 622 2698 salutem,
652 2647 691 2687 &
707 2648 826 2686 vitam
847 2647 886 2685 in
902 2645 1101 2685 discrimen
1119 2643 1324 2692 abducere,
1385 2643 1523 2684 Multae
1556 2644 1688 2685 herbae
1717 2651 1921 2694 antequam
1946 2644 2057 2683 scire-

259 2723 345 2761 tur,
377 2708 580 2763 quomodo
606 2705 862 2762 praeparandae
888 2704 1026 2754 essent,
1063 2703 1110 2744 ad
1144 2704 1269 2751 usum,
1299 2714 1495 2744 venenum
1519 2700 1640 2744 fuere.
1699 2701 1846 2742 Melius
1871 2703 2058 2755 guberna-

262 2781 325 2812 tur
346 2771 584 2824 respublica,
612 2780 697 2821 quae
714 2766 825 2808 statas
843 2766 965 2808 habet
985 2767 1109 2819 leges,
1139 2763 1209 2804 etfi
1229 2761 1493 2816 imperfedtas,
1522 2775 1636 2817 quam
1658 2762 1743 2814 illa,
1771 2773 1854 2815 quae
1874 2761 2057 2816 frequen-

1999 2832 2058 2863 ter

364 2972 404 3016 (a
405 2973 423 3014 )
446 2967 624 3022 Instcrgere
629 2968 827 3022 paulatim,
846 2970 970 3006 munia
991 2973 1138 3005 Senatus
1143 2981 1158 3013 ,·
1179 2966 1464 3020 Magistratuum
1487 2994 1495 3008 ,
1519 2968 1559 3004 in
1571 2966 1612 3013 fe
1628 2964 1783 3003 trahere.
1805 2963 1922 3000 Tacit.
1942 2963 2002 3000 lib.
2023 2973 2056 2998 1.

261 3021 392 3060 Annal-
447 3022 507 3068 (b)
524 3023 652 3059 Claud.
705 3023 763 3070 (c)
791 3027 888 3059 Nam
909 3022 1036 3058 canava
1057 3020 1171 3073 legum
1192 3019 1237 3062 όν
1259 3018 1544 3071 sl1agistratuum
1553 3020 1675 3057 mania
1700 3017 1740 3054 in
1748 3014 1789 3062 se'
1810 3013 2058 3056 trahemdna-
2124 3056 2126 3058 ,

259 3075 393 3112 teriam
411 3071 591 3125 pradandi
602 3074 836 3126 patefecerat.
889 3073 1115 3111 Tac.lib.11.
1133 3072 1262 3109 Annal.
1315 3072 1376 3121 (d)
1384 3072 1557 3124 Deditque
1564 3073 1656 3119 jara
1671 3096 1678 3109 ,
1692 3069 1787 3121 queis
1794 3077 1882 3120 pace
1895 3066 1941 3110 ό·
1954 3068 2056 3104 Prin-
2124 3077 2126 3120 ξ

257 3128 291 3164 ci
312 3138 330 3162 e
342 3135 520 3162 uteremur
542 3140 556 3164 :
580 3128 719 3162 acriora
738 3140 785 3164 ex
802 3140 837 3163 eo
850 3125 998 3164 vincula
1014 3152 1022 3167 ‚
1048 3123 1160 3162 inditi
1178 3123 1340 3175 custodes,
1361 3124 1410 3163 id.
1426 3125 1487 3172 l.3.
1501 3124 1629 3160 Annal.
1656 3127 1717 3171 (e)
1744 3125 1855 3173 thue
1883 3129 1970 3157 ante
1990 3116 2059 3155 hac

303 3179 412 3230 gitiis
429 3204 437 3218 ,
462 3179 521 3215 ita
534 3190 624 3214 nunc
636 3176 768 3229 legibus
782 3177 1024 3216 laborabatur.
1051 3176 1200 3214 Ibidem.
1255 3177 1310 3225 (f)
1326 3179 1481 3214 Tranch.
1502 3176 1540 3212 in
1555 3175 1684 3212 Claud.
1735 3175 1809 3223 (g)
1835 3173 1942 3225 Qia
1967 3169 2058 3208 mul-

261 3230 448 3281 tiplicavit
461 3227 629 3283 Ephraim
643 3231 785 3267 altaria
811 3230 862 3268 ad
865 3229 1077 3284 peccandum
1093 3244 1105 3267 .·
1120 3227 1328 3279 fac7afimt
1343 3231 1377 3267 ei
1404 3242 1471 3268 ara
1489 3226 1694 3267 indeliHum
1712 3238 1726 3262 .·
1740 3224 1898 3275 sc'ribam
1921 3225 1955 3264 ei
1967 3222 2056 3264 mul-

261 3281 395 3336 tsplices
408 3282 499 3339 leges
513 3295 619 3324 meas.
647 3282 710 3321 Os.
724 3289 757 3326 8.
787 3295 802 3321 1
814 3296 844 3320 1.
898 3284 966 3332 (h)
982 3284 1066 3320 Tac.
1077 3282 1139 3321 lib.
1166 3295 1221 3331 14.
1237 3284 1366 3321 Annal.
