2132 3730
258 240 338 291 198
705 225 1046 271 DJDAc]
1111 225 1650 270 sAAVEDRAE

249 320 417 358 retinens
441 326 519 356 erat
539 316 626 352 Rex
643 313 838 363 Philippus
858 311 902 350 ΙΙ.
931 311 968 350 &
988 320 1115 349 tamen
1137 322 1217 350 non
1243 314 1306 351 uni
1333 312 1419 360 soli,
1451 310 1514 350 sed
1532 313 1702 363 pluribus
1721 314 1832 351 etiam
1854 311 1920 352 fibi
1949 311 2054 352 fami-

248 376 458 417 liarioribus
474 373 564 412 illud
585 373 740 410 laxavit.
804 369 938 424 Quid?
968 370 1078 410 Deus
1099 370 1176 420 ipse
1192 382 1322 410 nonne
1345 371 1532 422 quosdam
1562 371 1751 411 chariores
1779 385 1855 423 prae
1888 372 1966 411 aliis
1992 373 2058 412 ha-

248 437 331 476 buit
349 434 452 480 sanb,
484 432 520 470 <Sc
535 430 755 470 facultatem
778 431 821 470 iis
842 430 948 470 dedit
969 427 1195 480 aliquando,
1225 439 1267 469 ut
1289 430 1418 470 Solem
1438 430 1475 470 &
1490 429 1638 470 Lunam
1666 429 1737 484 (a)
1768 431 1957 480 sisterent,
1988 431 2060 472 obe-

247 495 356 536 diense
381 493 525 534 Domino
547 492 623 530 voci
637 491 788 529 hominis.
869 488 920 528 Et
938 501 1006 527 cur
1029 490 1189 540 privatis
1208 490 1353 530 licitum
1372 490 1416 530 sit
1447 490 1473 542 ζ
1485 490 1523 528 id
1549 489 1655 541 quod
1672 492 1856 541 expendit
1884 492 1971 531 Rex
1993 491 2062 530 Pe-

247 564 350 602 trus,
381 559 642 602 cognomento
661 547 1030 602 CrudelisJamicos
1049 550 1195 601 legere,
1226 561 1304 589 non
1336 551 1430 590 item
1463 549 1723 602 Principibus3
1752 550 1949 590 Molestias
1975 547 2058 590 suas

245 616 360 654 habet
384 611 633 658 Dominatio‚
665 608 712 648 ad
744 620 834 660 quas
855 608 1036 648 levandas
1054 620 1153 660 opus
1181 606 1235 648 est
1263 610 1390 660 aliquo
1407 640 1419 658 ,
1451 607 1611 661 quicum
1637 609 1816 649 fidentius
1844 611 1953 662 postis
1972 623 2058 662 age-

243 685 296 713 re.
358 671 496 710 Multae
517 671 555 709 in
589 666 651 709 illa
677 668 915 708 difficultates
941 669 1018 708 [ese
1049 666 1235 708 offerunt.
1272 680 1356 720 quae
1378 669 1426 708 ab
1455 681 1534 709 uno
1560 669 1640 708 solo
1659 670 1820 721 superari
1845 680 2059 721 nequeunt.

240 731 440 783 Regnandi
465 742 563 770 onus
581 729 732 769 difficile
749 727 823 778 est,
852 728 890 768 ἃ
910 730 1084 780 gravius‚·
1113 727 1228 780 qu'am
1254 738 1297 768 ut
1323 728 1370 768 ad
1385 727 1476 768 illud
1496 728 1698 769 ferendum
1727 731 1835 769 unius
1853 729 1963 769 solius
1987 728 2061 769 suf-

241 790 371 832 ficiant
400 792 570 839 humeri,
598 787 834 829 robustiffimi
856 789 998 840 quique
1018 789 1067 828 illi
1093 788 1259 837 cedunt,
1291 788 1328 828 &
1352 789 1680 839 quemadmodum
1711 788 1831 840 Jobus
1857 791 2026 840 loquitur
2044 819 2057 837 ,

241 851 307 891 sub
324 853 389 891 illo
412 851 486 905 (b)
516 860 735 889 curvantur.
793 847 967 888 Eandem
990 848 1042 887 ob
1060 848 1228 896 causam,
1259 848 1329 888 etsi
1346 847 1457 887 Deus
1476 848 1608 900 Moysi
1625 848 1767 889 adesset
1797 851 1835 888 in
1861 851 2060 896 omnibus,

242 913 356 964 eique
381 913 481 951 vires
499 909 678 950 &lucem
696 908 743 947 ad
764 906 1002 960 implendum
1020 919 1160 948 munus
1189 907 1296 948 suum
1319 908 1526 957 sufficeret,
1555 910 1740 962 praecepit
1770 918 1896 949 tamen
1915 939 1927 957 ,
1963 918 2004 948 ut
2024 909 2063 948 in
2123 933 2125 946 ι

243 973 398 1024 Populo
415 968 666 1023 gubernando
691 969 882 1007 seniorum
906 976 1078 1007 uteretur
1095 964 1239 1019 opera,
1271 969 1335 1021 qui
1353 968 1496 1007 laboris
1515 978 1663 1020 partem
1685 970 1722 1008 in
1743 969 1777 1008 se
1804 967 1868 1024 (e)
1899 967 2065 1019 suscipe-
2129 944 2132 1004 Ι

240 1041 350 1080 rent,
379 1030 418 1070 &
436 1030 568 1069 socero
592 1028 670 1080 ejus
687 1027 821 1080 Jethro
838 1040 936 1067 onus
954 1027 1047 1067 illud
1060 1027 1265 1068 videbatur
1291 1028 1436 1079 majus,
1469 1040 1512 1067 ac
1533 1028 1633 1067 vires
1662 1024 1738 1083 (d)
1768 1028 1923 1068 ferrent.
1987 1026 2061 1066 Fa.
2121 1032 2123 1089 j

242 1089 344 1130 <stum
373 1091 451 1129 hoc
478 1090 525 1128 ab
555 1090 661 1128 omni
697 1100 796 1128 aevo.
855 1087 1078 1128 Alexander
1103 1087 1271 1140 Magnus
1298 1089 1473 1127 laborum
1499 1086 1642 1127 socium
1667 1086 1811 1127 asscivit
1844 1088 2063 1127 Parmenio-
2121 1090 2123 1116 l

240 1163 342 1191 nem.
406 1148 539 1189 David
554 1148 744 1201 Joabum‚
776 1146 961 1187 Salomon
984 1146 1236 1196 Zadochum,
1268 1147 1409 1187 Darius
1435 1147 1659 1188 Danielem:
1689 1159 1853 1199 quorum
1886 1145 2066 1187 direfflo-
2120 1131 2122 1187 ἶ

239 1222 289 1250 ne
309 1207 476 1258 fanum,
508 1220 550 1249 ut
566 1209 721 1261 negotia
737 1205 878 1246 festius
899 1207 1175 1256 succederent.¹
1223 1205 1361 1247 Nemo
1383 1207 1602 1259 Principum
1625 1216 1701 1246 tam
1727 1206 1894 1259 prudens
1919 1204 1991 1254 est,
2011 1216 2064 1245 at·
2118 1246 2119 1263 χ

241 1282 317 1322 que
343 1271 556 1321 intelligens
572 1299 584 1317 ‚
616 1279 657 1308 ut
679 1264 831 1307 scientia
863 1264 924 1306 sua
948 1266 1210 1318 omniaqueat
1234 1266 1399 1319 affequi,
1427 1278 1502 1308 nec
1525 1279 1601 1307 tam
1625 1279 1770 1320 gnavus
1787 1298 1797 1315 ,
1831 1279 1875 1305 ac
1900 1267 2066 1305 laborio-

242 1330 322 1376 qu,
354 1338 397 1369 ut
424 1330 577 1382 negotia
604 1329 749 1380 qumvis
783 1327 882 1366 solus
917 1328 1028 1378 possit
1051 1325 1260 1370 conficere,
1322 1326 1505 1367 Humana
1537 1326 1665 1373 isthaec
1689 1327 1926 1366 imbecillitas
1956 1325 2066 1364 suasit
2117 1307 2119 1361 ἔ

242 1391 389 1442 erigere
410 1388 653 1436 Tribunafia,
679 1385 846 1426 Confilia
872 1398 1031 1438 cogere,
1065 1398 1194 1425 creare
1222 1385 1429 1434 Praesides,
1462 1385 1774 1435 Gubernatores,
1806 1388 1843 1425 &
1875 1387 1962 1424 vice
1990 1386 2067 1424 Re-
2115 1396 2118 1437 f

241 1462 333 1501 ges,
365 1450 404 1488 in
436 1450 574 1499 quibus
608 1447 814 1487 ametor-itas
844 1445 880 1485 &
905 1445 1076 1497 potestas
1099 1446 1317 1497 Principum
1341 1445 1548 1494 resideret,
1579 1446 1634 1497 ,Ca
1661 1447 1691 1485 el
1726 1443 1782 1488 solo
1809 1445 1960 1499 (verba
1984 1445 2068 1484 sunt
2114 1444 2116 1500 j

240 1510 358 1560 Regis
385 1508 573 1560 Alphonsi
594 1505 815 1559 Sapientis)
846 1519 910 1545 non
916 1505 1045 1557 podria
1065 1518 1154 1554 ver,
1185 1507 1246 1545 izin
1264 1505 1378 1545 librar
1396 1504 1494 1544 rodas
1508 1503 1560 1544 lc'zs
1579 1501 1687 1556 cosas,
1708 1514 1842 1557 porque
1862 1505 1884 1542 iz
1908 1503 2065 1558 mencsser

233 1577 304 1620 por
311 1566 443 1619 fiterta
459 1567 575 1621 dyada
594 1566 634 1606 de
650 1574 760 1614 otras,
793 1578 833 1604 eu
853 1567 953 1618 quim
967 1561 1085 1617 jafie,
1115 1578 1179 1618 que
1206 1563 1353 1616 complan
1369 1561 1461 1615 enfit
1477 1564 1579 1616 Iugur
1593 1595 1605 1613 ,
1634 1560 1756 1611 assando
1774 1562 1826 1603 del
1839 1563 1946 1615 podet*
1961 1593 1973 1610 ,
2004 1576 2067 1616 que

239 1627 294 1667 del
314 1627 446 1667 recihen
462 1641 501 1666 en
523 1630 672 1678 oquellas
694 1622 781 1675 costis
794 1655 806 1672 ‚
837 1637 901 1677 que
922 1623 954 1663 el
978 1636 1043 1664 non
1059 1623 1183 1674 podria
1191 1632 1259 1675 por
1275 1624 1313 1676 fi
1327 1623 1482 1675 cumplir.
1543 1623 1668 1675 Neque
1690 1619 1873 1673 enimfiilns
1889 1619 1950 1674 ipſs>
1970 1622 2067 1662 vizle-
2111 1655 2114 1682 f

241 1699 302 1736 re,
322 1683 466 1739 fixisque
482 1686 614 1725 librare
640 1685 814 1724 monentis
835 1685 944 1722 omnia
956 1680 1071 1736 pofflt.
1134 1679 1296 1722 Aliorum
1311 1683 1431 1736 itaque
1443 1683 1572 1723 auxilio
1590 1692 1672 1735 opus
1688 1682 1808 1732 habet,
1840 1682 1964 1736 quibus
1978 1680 2067 1735 βψ-
2111 1688 2112 1711 ῑ

242 1760 283 1787 η’
298 1754 371 1786 toto
405 1753 532 1799 queat,
564 1747 689 1798 quique
703 1740 872 1795 potestate
885 1744 908 1781 ὰ
930 1742 1094 1794 Principe
1114 1751 1252 1794 ampla
1269 1749 1423 1792 utentes,
1455 1742 1556 1795 zpfius
1573 1742 1635 1782 loco
1654 1756 1711 1782 res
1732 1756 1813 1792 eas,
1843 1739 2069 1795 quihusssff·
2101 1738 2111 1796 v3

242 1820 317 1847 cere
346 1801 409 1857 zpfi:
435 1807 581 1858 nequit,
612 1810 839 1857 exequantur.
900 1803 1032 1855 Quare
1072 1814 1161 1842 curn
1187 1802 1368 1854 Princeps
1393 1803 1623 1854 plerumque
1653 1801 1918 1842 Ministrorum
1937 1811 2065 1841 utatur
2108 1832 2109 1844 ³

244 1864 363 1918 opera
389 1867 427 1904 in
447 1865 638 1904 extraneis
653 1863 839 1913 negotiis,
872 1863 964 1912 quid
986 1862 1199 1917 mirandum
1221 1861 1457 1914 magnopere
1483 1862 1509 1902 fi
1527 1862 1684 1902 eosdem
1709 1874 1867 1913 quoque
1889 1860 2069 1902 adhibeat
2108 1852 2110 1885 l

246 1927 374 1972 iniis,
405 1925 543 1974 quaein
568 1923 745 1962 conclavi
778 1922 971 1969 interiori,
1001 1920 1040 1960 &
1070 1920 1173 1972 apud
1199 1923 1365 1960 animum
1389 1922 1495 1960 suum
1524 1921 1764 1974 per-tratstat?
1794 1921 1821 1961 sl
1847 1934 1961 1974 quem
1999 1921 2067 1960 fibi
2107 1922 2109 1938 '

245 1987 362 2037 magis
380 1983 601 2022 familiarem
632 1982 796 2030 habeat,
827 1982 971 2031 quique
996 1980 1134 2031 praestb
1165 1981 1215 2018 illi
1245 1980 1313 2023 sit.
1349 1981 1502 2031 quoties
1532 1983 1745 2028 examinat,
1776 1991 1840 2019 aut
1875 1981 2068 2033 approbat

247 2044 492 2085 consiliorum
513 2044 649 2094 placita
664 2072 676 2090 ‚
708 2051 791 2092 quae
813 2039 860 2079 ad
883 2039 1004 2091 ipsum
1025 2039 1288 2091 perferuntur:
1320 2051 1408 2094 cum
1425 2051 1525 2090 quo,
1556 2040 1731 2090 inquam,
1753 2040 1814 2079 sua
1839 2041 1948 2091 pollit
1975 2053 2068 2080 con-

246 2105 348 2145 ferre
373 2103 513 2151 dubia,
546 2101 582 2141 δε
608 2100 806 2153 proposita
829 2100 962 2147 animi,
994 2099 1015 2137 a
1048 2111 1127 2150 quo
1156 2100 1249 2137 item
1279 2097 1501 2144 instruatur,
1531 2100 1592 2136 cui
1628 2098 1794 2149 denique
1821 2102 2066 2151 negotiorum

245 2163 558 2216 expeditionem,
589 2171 704 2212 atque
725 2160 997 2199 executionem
1018 2157 1123 2197 τεὸὶὸ
1146 2159 1390 2196 committere
1422 2154 1489 2211 (e)
1519 2156 1683 2196 audeat?
1711 2159 1772 2197 An
1788 2169 1864 2196 non
1879 2159 1986 2209 pejus
2009 2158 2069 2197 fo-

247 2234 329 2272 ret,
360 2223 387 2262 si
407 2231 467 2262 tot
493 2233 536 2261 ac
565 2222 678 2260 tantis
707 2220 805 2258 curis
827 2219 1034 2271 implicitus
1072 2229 1161 2257 cum
1193 2218 1347 2256 nemine
1370 2228 1414 2256 ea
1451 2217 1782 2256 communicaret?
1814 2216 2070 2269 Praeterquam

249 2282 356 2337 quod
385 2282 433 2322 de
455 2281 490 2322 se
512 2293 610 2332 opus
634 2279 699 2327 fit,
731 2280 879 2330 semper
908 2277 1127 2317 Ministrum
1160 2277 1323 2327 aliquem
1354 2275 1514 2315 affistere
1543 2276 1729 2327 principi,
1761 2277 1875 2328 quia
1902 2279 2068 2331 negotiis
2127 2306 2132 2319 ,

248 2345 327 2384 aliis
354 2341 449 2381 liber
469 2340 617 2389 audiat,
650 2339 688 2379 δε
704 2337 844 2378 referat
864 2347 1044 2389 tanquam
1066 2335 1264 2375 Mediator
1280 2336 1378 2374 inter
1402 2334 1522 2386 ipsum
1545 2332 1798 2375 &Subditosz
1827 2339 2095 2388 nequeenim.
2123 2353 2130 2362 «

251 2402 334 2443 fieri
351 2399 499 2453 potest,
529 2401 584 2439 uti
612 2400 792 2450 Princeps
817 2398 896 2450 ipse
929 2409 1037 2437 aures
1064 2395 1130 2435 det
1161 2395 1361 2444 omnibUS,
1393 2394 1430 2434 &
1459 2394 1680 2444 satisfaciat,
1713 2407 1787 2435 nec
1821 2395 1858 2435 id
1881 2397 2071 2447 permittit

253 2472 370 2503 tantae
389 2458 598 2512 Majestatis
614 2457 834 2502 awtoritas.
897 2456 995 2497 Haec
1012 2456 1120 2496 causa
1138 2464 1239 2503 erat,
1271 2466 1338 2494 cur
1355 2454 1575 2495 Israeliticus
1596 2454 1766 2506 Populus
1789 2454 1809 2494 a
1836 2455 1979 2506 Moyse
1998 2468 2067 2508 pe-

251 2532 372 2571 teret,
404 2531 446 2560 ut
468 2532 601 2560 eorum
619 2521 705 2558 vice
735 2517 826 2557 Deo
844 2518 1093 2569 loqueretur,
1117 2516 1204 2567 quia
1232 2515 1465 2567 praesentiam
1496 2515 1574 2566 ejus
1596 2514 1665 2567 ipsi
1697 2513 1782 2570 (f)
1814 2516 2067 2556 metuebant:

253 2581 498 2628 &Absalon,
529 2592 571 2618 ut
592 2578 788 2619 Davidem
806 2579 845 2616 in
871 2577 1003 2617 odium
1034 2575 1242 2616 adduceret
1271 2575 1373 2626 apud
1407 2574 1604 2623 subditos,
1634 2575 1712 2614 hoc
1747 2578 1786 2616 in
1814 2587 1864 2616 eo
1884 2577 2069 2630 arguebat

253 2641 362 2696 quod
375 2639 595 2682 Ministrum
610 2652 689 2679 non
711 2638 898 2686 haberet,
930 2639 995 2689 qui
1012 2634 1235 2676 afflittorum
1257 2636 1513 2686 querimonias
1531 2635 1742 2687 exciperet.

408 2700 526 2742 Zelus
541 2729 553 2750 ,
577 2700 615 2740 &
634 2698 837 2753 prudentia
855 2698 1009 2750 alicujus
1026 2699 1065 2738 in
1086 2695 1377 2737 familiaritatem
1397 2695 1513 2736 affciti
1530 2693 1575 2736 ea
1592 2693 1744 2736 licentia
1764 2727 1778 2746 ,
1807 2708 1922 2749 quam
1951 2696 2071 2749 gratia

362 2968 419 3013 (a)
444 2964 624 3002 Solcontra
643 2963 785 3001 Gabaon
793 2978 842 3001 ne
855 2967 1032 3001 movearis
1047 2991 1056 3006 ,
1073 2963 1118 3003 (5-
1126 2967 1228 3001 Luna
1241 2973 1364 3000 contra
1377 2963 1507 3002 vadem
1531 2962 1675 3012 Aialon,
1688 2959 1931 3012 steteruntque
1953 2959 2010 2995 Sol
2021 2955 2067 3002 ὦ·

259 3024 370 3060 Luna.
390 3020 466 3068 'Joss
498 3031 554 3055 10.
579 3031 637 3054 12.
694 3019 755 3062 (b)
781 3015 846 3053 Sub
854 3030 917 3070 quo
932 3027 1130 3057 cavantur,
1155 3017 1216 3067 qui
1223 3025 1372 3068 portant
1391 3012 1516 3055 orbem.
1542 3018 1621 3066 Job.
1636 3028 1673 3061 9.
1696 3025 1751 3059 13.
1807 3012 1870 3059 (c)
1888 3014 1926 3048 Vt
1934 3007 2068 3060 sistent·
2086 2995 2089 3038 i

258 3083 337 3113 tent
364 3081 478 3108 totum
489 3083 572 3107 onus
585 3079 627 3121 po
648 3067 714 3109 uli.
732 3068 777 3112 ὠ·
793 3083 860 3106 non
886 3068 1026 3115 tuscilus
1042 3069 1225 3122 graveris.
1254 3071 1364 3106 Num.
1390 3081 1447 3106 11.
1470 3082 1527 3117 ¹7.
1580 3069 1642 3114 (d)
1673 3064 1778 3101 ultra
1804 3066 1902 3101 vires
1921 3074 2005 3100 tuas
2020 3063 2087 3115 est
2122 3078 2132 3088 ·

258 3126 436 3178 negotium
454 3151 464 3164 ,
479 3122 571 3170 filus
591 3124 606 3159 i
653 3120 677 3157 d
689 3135 755 3157 non
771 3123 902 3174 poteris
908 3120 1091 3173 fflstinere.
1119 3121 1232 3158 Exod.
1254 3129 1310 3164 18.
1339 3127 1395 3163 18.
1448 3123 1506 3170 (e)
1533 3120 1700 3157 Solarium
1719 3130 1885 3153 curarum
1895 3114 2066 3169 frequen-

260 3188 316 3215 ter
326 3175 397 3226 fibi
413 3174 581 3213 adhibent
601 3175 739 3211 maturi
762 3179 865 3226 Reges
887 3173 933 3217 ὠ*
949 3172 1030 3212 hinc
1054 3171 1207 3211 meliores
1229 3173 1462 3226 aestimantur,
1477 3171 1518 3224 fi
1537 3171 1604 3218 so'li
1619 3171 1736 3208 omnia
1759 3183 1825 3206 non
1846 3167 2064 3222 praestaemunt.

251 3229 419 3267 Caffiod.
435 3229 496 3267 lib.
520 3236 555 3271 ‚8
576 3229 639 3277 Ep.
660 3239 696 3271 9.
751 3226 816 3273 (f)
843 3231 991 3280 Loquere
1006 3237 1047 3263 tu
1069 3223 1180 3268 nobis,
1205 3225 1250 3268 dm
1266 3227 1463 3265 audiemus:
1489 3238 1557 3262 ozon
1579 3223 1743 3277 loquatur
1764 3220 1857 3260 nobis
1876 3222 2083 3262 Dominus‚'

264 3294 307 3320 ne
314 3277 417 3333 forte
431 3283 636 3320 moriamur.
663 3279 776 3315 Exod.
796 3292 854 3318 20.
881 3292 938 3324 19,
