2132 3730
506 241 1494 288 -SYMBOLAPOLJTICA.
1813 259 1895 297 229

99 331 254 383 poribus
274 325 427 377 josephi
449 328 702 377 reperiuntur.
770 325 1046 378 Unusquisque
1066 328 1086 365 a
1104 328 1233 379 seipso
1247 328 1417 379 pendere
1445 330 1551 380 cupit
1569 358 1583 378 ‚
1612 341 1691 369 non
1714 328 1734 367 a
1751 328 1896 381 stipite,

97 391 137 430 id
154 386 258 440 quod
272 387 309 424 in
330 384 506 436 praesenti
518 384 761 425 Emblemate
777 398 901 426 ramus
918 388 1076 426 exhibet
1091 397 1198 426 terrae
1221 389 1317 427 intra
1341 390 1551 430 vimineum
1573 390 1729 429 corbem
1758 389 1785 441 ζ
1796 391 1895 440 quali

98 455 250 488 utuntur
270 445 507 498 hortulani)
540 445 697 484 insertus
717 474 730 494 ‚
761 445 827 484 ubi
845 449 958 486 novis
977 446 1108 486 auctus
1132 447 1322 486 radicibus
1342 477 1355 496 ,
1386 448 1424 488 δε
1449 448 1598 501 inferne
1623 448 1789 489 refe6tus
1804 478 1816 498 ,
1841 449 1894 488 di-

93 504 222 547 stindia
243 503 383 544 deinde
412 504 455 544 fit
479 505 611 553 arbor,
643 504 664 544 a
691 506 826 544 nativo
843 516 979 547 trunco
1002 506 1287 558 independens,
1315 519 1390 548 nec
1420 501 1517 547 ultra
1538 510 1639 550 luam
1659 511 1709 549 illi
1729 511 1897 562 proceri-

94 575 209 605 tatem
243 574 442 616 acceptam
488 563 618 604 refert.
706 566 838 616 Atque
880 578 925 606 ea
956 578 1016 606 res
1050 566 1289 606 documento
1326 568 1439 607 nobis
1474 567 1549 607 ess'e
1577 569 1705 621 potest
1724 588 1742 619 ‚¹
1780 582 1898 621 quan·

90 627 118 664 ti
149 625 307 676 periculi
337 623 383 664 fit
417 625 715 677 gubernationes
750 624 912 666 statuum
932 635 1137 678 perpetuas
1164 625 1292 666 facere
1317 641 1325 666 :
1356 628 1422 667 ubi
1448 629 1549 667 enim
1577 631 1733 669 ambitio
1750 630 1897 669 radices

89 686 228 737 egerit,
249 696 312 723 eas
337 683 406 724 fibi
425 695 467 724 ut
484 687 655 737 proprias
679 686 872 730 vendicat.
932 686 1013 739 Qui
1034 685 1149 726 semel
1180 686 1366 726 mandatis
1388 687 1520 727 dandis
1538 687 1740 729 assueverit
1761 720 1772 739 ,
1804 690 1898 729 diffi-

89 745 210 784 culter
228 743 364 796 postea
388 745 553 784 admittit
569 746 784 796 imperium.
846 745 977 785 Multa
993 746 1104 797 hujus
1128 747 1182 786 rei
1203 749 1380 798 exempla
1403 750 1562 799 proprio
1588 749 1804 801 consignata
1821 751 1898 789 san·

87 805 200 858 guine
222 802 242 842 a
260 802 416 844 Francia
437 804 659 857 suppetunt.
722 804 791 845 Ne
811 805 881 857 ips1
914 805 1069 857 quidem
1086 805 1164 845 Dei
1190 805 1354 846 Ministri
1371 808 1409 846 in
1435 807 1572 847 coelesti
1592 806 1651 848 illa
1668 806 1900 849 Monarchia

85 862 234 904 stabiles
262 864 340 918 (a)
367 865 462 907 sunt,
535 865 732 917 Majorum
758 877 959 905 munerum
979 867 1229 918 >perpetuitas
1250 866 1417 906 Coronae
1437 869 1614 907 alienatio
1638 868 1703 909 est.
1784 870 1900 908 Inane

84 933 256 963 remanet
277 926 467 976 sceptrum
490 924 552 973 ,δε
570 926 802 965 imbecillum
815 955 827 974 ‚
840 923 989 980 &illam
999 927 1137 977 ipsam,
1153 939 1270 978 quam
1284 928 1438 980 largitur
1452 930 1687 980 potentiam,
1718 940 1897 976 veretur;

86 993 216 1025 manet
242 983 320 1024 fine
339 986 432 1025 dote
451 985 652 1025 liberalitas
668 1015 681 1034 ,
711 986 832 1024 virtus
857 985 1005 1037 absque
1032 988 1208 1039 proemio.
1281 986 1409 1027 Facile
1442 990 1479 1028 in
1504 998 1708 1038 tyrannum
1732 989 1900 1041 degene-

84 1054 141 1084 rat
165 1045 247 1084 talis
270 1045 402 1097 aliquis
417 1075 430 1095 ,
462 1047 526 1097 qui
545 1045 594 1085 de
609 1046 793 1098 regimine
808 1055 1001 1097 perpetuo
1013 1046 1165 1086 securus
1183 1045 1249 1088 est.
1310 1047 1494 1088 Subditus
1516 1048 1611 1089 vere
1628 1062 1717 1089 eum
1732 1048 1901 1102 agnoscit

82 1116 127 1143 ut
147 1104 364 1144 Dominum
382 1136 394 1154 ,
426 1105 463 1144 &
483 1114 688 1145 veneratur
706 1134 719 1154 ‚
750 1104 771 1144 a
792 1117 871 1157 quo
890 1105 1091 1158 gubernari
1112 1107 1260 1160 semper
1283 1106 1427 1160 debet3
1458 1108 1555 1149 ficut
1567 1108 1702 1149 contra
1727 1121 1814 1149 eum
1834 1108 1900 1148 de-

84 1165 196 1216 spicit
217 1195 229 1213 ,
260 1167 325 1216 qui
346 1177 416 1217 per
432 1165 671 1218 semetipsum
702 1166 892 1217 imperare
924 1175 989 1206 aut
1022 1167 1183 1207 nescivit
1203 1198 1214 1216 ,
1246 1176 1311 1207 aut
1340 1180 1421 1208 non
1448 1170 1610 1221 potuit,
1642 1169 1902 1221 &impatiens

83 1224 238 1264 tandem
260 1225 520 1266 obedientiam
544 1226 695 1266 deserit.
759 1225 896 1265 Movit
915 1238 959 1266 ea
982 1239 1042 1267 res
1061 1226 1198 1279 Julium
1223 1226 1407 1268 Caesarem
1426 1258 1438 1277 ‚
1467 1238 1511 1268 ut
1537 1229 1753 1270 Praetoriam
1782 1229 1902 1281 digni-

83 1293 202 1323 tatem
222 1284 268 1324 ad
289 1297 406 1324 unum
424 1297 563 1325 annum
589 1316 602 1334 ‚
634 1284 882 1325 Consularem
908 1285 955 1325 ad
980 1285 1078 1326 duos
1101 1288 1348 1327 contraheret
1368 1319 1381 1337 .,
1413 1288 1575 1333 Carolus
1606 1289 1660 1334 V.
1685 1289 1899 1341 Imperator

82 1343 263 1395 Philippo
280 1343 462 1383 Secundo
495 1343 534 1383 id
553 1345 698 1383 consilii
719 1343 826 1383 dedit
852 1376 863 1392 ‚
893 1356 944 1384 ne
968 1345 1032 1385 diu
1057 1358 1137 1386 uno
1160 1349 1289 1399 aliquo
1306 1347 1484 1388 Ministro
1500 1351 1539 1389 in
1567 1350 1699 1389 officiis
1715 1349 1902 1401 publicis,

82 1404 305 1444 militaribus
327 1403 529 1455 praesertim
552 1433 564 1452 ‚
595 1412 769 1443 uteretur
786 1434 798 1453 ‚
829 1412 872 1442 ut
890 1405 1032 1456 majora
1058 1406 1255 1446 conferret
1273 1408 1310 1446 in
1332 1408 1509 1448 homines
1528 1406 1685 1448 fortuna
1701 1408 1903 1453 mediocri;

84 1463 318 1517 Legationes
335 1463 431 1502 vero
451 1464 736 1515 potentioribus
755 1463 974 1514 mandaret,
1004 1467 1042 1505 in
1061 1466 1199 1518 quibus
1225 1466 1295 1518 ipsl
1321 1469 1424 1507 vires
1454 1468 1534 1508 suas
1556 1469 1739 1520 paulatim
1769 1468 1904 1507 consu·

83 1534 244 1564 merent.
305 1524 404 1575 Regi
427 1522 670 1564 Ferdinando
691 1523 897 1564 Catholico
915 1521 1084 1578 suspec'ta
1105 1525 1181 1566 fuit
1202 1525 1396 1567 fortitudo
1420 1529 1481 1567 illa
1507 1530 1703 1578 militaris,
1733 1528 1771 1568 &
1791 1527 1903 1568 famae

83 1585 284 1623 celebritas
312 1585 350 1622 in
378 1582 481 1622 Italia
499 1582 635 1636 Magni
663 1583 816 1633 Ducis,
849 1596 967 1635 quare
994 1597 1090 1625 mox
1123 1595 1313 1626 revocato
1337 1599 1386 1627 eo
1421 1589 1461 1628 in
1484 1587 1706 1640 Hispaniam
1726 1618 1738 1637 ,
1769 1587 1796 1627 si
1820 1600 1901 1627 non

84 1656 241 1684 omnem
264 1640 377 1696 plane
402 1655 490 1694 erga
511 1656 599 1683 eum
618 1642 893 1683 confidentiam
917 1646 1042 1693 exuit,
1074 1655 1112 1684 at
1131 1644 1257 1685 noluit
1275 1645 1382 1686 certe
1401 1677 1414 1696 ,
1443 1657 1486 1686 ut
1511 1657 1572 1686 tot
1595 1647 1787 1698 obsequiis
1811 1660 1903 1699 pro-

85 1704 173 1744 bata
189 1704 269 1755 ejus
300 1702 461 1743 fidelitas
492 1702 588 1743 ultra
624 1703 855 1754 objiceretur
875 1705 1049 1755 periculo
1069 1734 1082 1753 ‚
1110 1704 1137 1744 si
1158 1716 1391 1756 perpetuum
1416 1708 1455 1746 in
1475 1705 1742 1759 Neapolitano
1760 1707 1901 1758 Regno

84 1766 174 1804 vice
192 1764 309 1816 Regis
327 1762 434 1815 fungi
460 1762 686 1815 persisteret.
748 1762 800 1802 Et
821 1763 979 1803 tamensi
1011 1763 1051 1804 id
1066 1776 1194 1804 morum
1220 1763 1439 1817 Tiberiifztit
1458 1769 1655 1807 continuare
1680 1769 1842 1818 inperia,
1860 1779 1902 1805 ac

17 1831 18 1856 ἐ
71 1824 255 1878 plerosque
269 1822 319 1863 ad
322 1821 429 1876 finem
449 1824 536 1863 vitae
555 1826 590 1863 in
608 1822 725 1864 iisdem
747 1822 954 1862 exercitibus
967 1854 980 1873 ‚
1009 1832 1075 1863 aut
1086 1823 1386 1878 jurisdifflmibus
1409 1825 1545 1866 hahere.
1607 1825 1766 1865 Factum
1787 1826 1827 1865 id
1847 1837 1901 1866 ta-

18 1885 19 1895 *
82 1896 174 1924 men
193 1884 244 1923 ob
267 1883 593 1923 considerationes
621 1882 802 1933 quasdam
826 1885 1063 1931 tyrannicas,
1087 1896 1171 1934 quae
1212 1886 1250 1923 in
1282 1885 1496 1936 Principem
1519 1886 1752 1937 prudentem
1771 1897 1814 1924 ac
1839 1886 1898 1937 ju-

18 1935 20 1960 ³
83 1942 181 1984 stum
202 1943 340 1983 cadere
357 1955 436 1981 non
456 1942 611 1989 debent,
668 1941 884 1980 Prudentiae
906 1943 1034 1993 itaque
1045 1941 1112 1981 est.
1172 1942 1363 1983 Naturam
1382 1945 1498 1995 ipsam
1513 1946 1699 1996 optimam
1716 1957 1816 1985 verae
1827 1946 1899 1985 Po-

19 1985 20 2031 Ῡ
84 2004 195 2042 liticae
224 2001 435 2054 magistram
451 2001 635 2040 adhibere
651 2002 689 2039 in
715 2000 936 2049 consilium,
970 2014 1054 2053 quae
1080 2002 1291 2042 caelestibus
1313 2005 1382 2042 illis
1404 2003 1498 2043 lucis
1529 2003 1714 2044 Ministris
1745 2006 1896 2057 imperi-

20 2076 21 2086 *
83 2075 148 2103 um
172 2062 368 2114 quoddam
389 2061 426 2101 &
455 2061 636 2101 vicariam
662 2059 893 2113 potestatem
920 2063 958 2100 in
986 2062 1121 2102 orbem
1142 2063 1479 2103 huncinferiorem
1495 2066 1624 2116 largita
1651 2064 1707 2104 est
1727 2066 1898 2117 quidem,

20 2127 23 2169 ἰ
81 2135 160 2164 non
185 2133 413 2175 perpetuam
440 2130 568 2161 tamen
595 2151 607 2170 ,
638 2120 701 2160 scd
729 2119 829 2160 statis
852 2120 971 2160 solum
988 2124 1255 2174 temporibus:
1286 2135 1328 2162 ut
1345 2124 1478 2164 videre
1498 2124 1553 2164 est
1571 2126 1608 2163 in
1627 2126 1810 2174 motibus,
1827 2125 1897 2165 do-

21 2183 24 2229 32
79 2184 283 2235 miniisque
309 2181 549 2223 Planetarum
568 2211 580 2230 ,
613 2192 662 2220 ne
682 2179 827 2220 scilicet
845 2181 985 2221 horum
1005 2194 1095 2221 cura
1117 2182 1153 2221 «St
1179 2184 1401 2234 provisione
1419 2184 1495 2223 sese
1510 2186 1668 2224 omnino
1685 2184 1894 2234 abdicaret,

22 2258 23 2268 ¹
81 2255 210 2296 neque
232 2252 359 2282 tamen
380 2241 450 2294 ipsi
478 2241 640 2282 Naturae
661 2241 863 2293 imperium
886 2241 953 2281 sibi
988 2253 1217 2294 arrogarent.
1278 2242 1385 2282 Nam
1407 2244 1498 2282 iliud
1523 2246 1697 2296 ignorare
1719 2257 1797 2284 non
1822 2258 1893 2294 po·

0 2309 2 2332 i
23 2299 24 2338 ἶ
80 2313 202 2352 terat,
220 2302 379 2342 Terram
399 2301 618 2354 oppressum
649 2302 692 2340 iri
708 2302 860 2354 penitus
879 2332 890 2350 ‚
921 2301 950 2340 si
968 2301 1115 2354 semper
1134 2311 1199 2341 aut
1223 2304 1476 2343 melancholia
1495 2304 1645 2343 Saturni
1662 2335 1674 2353 ‚
1706 2316 1770 2344 aut
1787 2305 1895 2345 furor

0 2379 3 2389 ·
23 2373 25 2409 ς
81 2363 243 2412 Martis,
275 2373 340 2402 aut
354 2361 463 2414 Jovis
485 2362 663 2402 severitas
686 2391 698 2409 ‚
729 2372 792 2401 aut
814 2360 1001 2401 Mercurii
1018 2359 1199 2401 calliditas
1223 2393 1235 2411 ‚
1266 2372 1330 2402 aut
1354 2363 1491 2404 levitas
1510 2364 1675 2404 Veneris
1693 2395 1706 2414 ,
1739 2375 1803 2405 aut
1818 2365 1897 2405 Lu·

24 2429 26 2439 '
78 2422 399 2463 naeinconstantia
417 2423 532 2462 rebus
541 2423 647 2461 hisce
665 2419 910 2461 inferioribus
939 2421 1240 2466 dominarentur.

234 2482 270 2534 §.
303 2484 434 2535 Atque
455 2494 526 2534 pro
546 2483 619 2521 hac
642 2493 841 2522 munerum
872 2484 1177 2522 commutatione
1197 2481 1445 2522 laborandum
1465 2484 1501 2522 in
1526 2485 1682 2535 primis,
1698 2496 1747 2524 ne
1771 2484 1894 2526 existi·

0 2561 4 2569 ·
26 2587 27 2591 Ἰ
85 2543 263 2583 marionis
289 2542 362 2581 suae
380 2542 563 2593 jacturam
588 2543 671 2593 quis
704 2542 892 2582 existimet
908 2572 920 2591 ‚
950 2541 979 2581 fi
1003 2541 1024 2580 a
1048 2542 1253 2594 majoribus
1287 2542 1334 2582 ad
1357 2544 1504 2584 minora
1541 2543 1774 2590 descendat;
1806 2549 1894 2596 quia

0 2622 5 2629 ·
69 2604 186 2643 -enim
208 2600 354 2641 infinita
371 2614 416 2642 ea
440 2616 520 2642 non
537 2602 619 2642 sunt
643 2631 656 2649 ‚
685 2603 752 2642 ubi
779 2603 825 2642 ad
849 2602 1067 2654 supremum
1088 2602 1244 2654 aliquod
1273 2604 1494 2654 pervenerit
1519 2632 1533 2649 ,
1561 2596 1702 2643 inutilis
1730 2603 1893 2655 posthac

0 2688 2 2699 s
27 2670 28 2673 ’
84 2665 155 2704 erit
173 2660 374 2710 Minister,
402 2662 429 2702 fi
448 2664 529 2702 aliis
551 2661 792 2712 inferioribus
813 2663 957 2702 rursum
974 2661 1011 2701 se
1037 2662 1261 2714 impendere
1280 2671 1426 2701 renuat.
1487 2660 1654 2702 Tametsi
1676 2663 1772 2703 verb
1792 2663 1896 2705 resta

0 2720 1 2734 ³
28 2722 30 2757 ἶ
84 2724 184 2764 ratio
207 2720 400 2774 postulare
419 2723 597 2762 videatur
613 2752 626 2771 ‚
658 2732 701 2762 ut
719 2722 794 2763 una
819 2722 908 2762 cum
934 2724 1073 2762 merito
1096 2732 1302 2775 augeantur
1322 2721 1358 2761 &
1376 2722 1532 2773 proemia
1553 2753 1564 2771 ‚
1596 2725 1634 2763 in
1667 2724 1744 2763 hoc
1765 2734 1893 2765 tamen

83 2783 171 2824 casu
199 2783 334 2822 rationi
360 2779 416 2820 isti
433 2784 573 2823 utilitas
588 2782 770 2835 Principis
789 2782 958 2836 praeferri
975 2782 1092 2821 debet
1114 2812 1126 2832 ,
1156 2781 1311 2834 quando
1332 2783 1510 2821 nimirum
1541 2784 1592 2822 ob
1609 2796 1745 2836 graves
1765 2785 1892 2825 causas

0 2863 7 2876 ·
30 2874 31 2900 3
83 2852 166 2884 tum
184 2843 356 2894 obsequii
382 2842 579 2894 pra-standi
593 2871 606 2891 ,
636 2851 716 2883 tum
736 2844 830 2884 boni
852 2844 1013 2896 publici,
1032 2854 1112 2881 non
1134 2842 1229 2883 verb
1243 2853 1293 2881 ex
1305 2851 1535 2894 contemptu
1552 2845 1602 2882 ita
1621 2842 1701 2884 fieri
1718 2845 1890 2896 expedit,

0 2920 7 2928 ·
30 2914 31 2919 ¹
84 2914 128 2944 ut
151 2902 322 2944 inferiori
346 2903 473 2954 aliquo
494 2902 672 2956 fungatur
687 2915 868 2944 munere:
898 2912 990 2943 tunc
1005 2904 1105 2943 enim
1127 2903 1204 2955 ipsa
1220 2904 1465 2955 negotiorum
1485 2904 1623 2943 utilitas
1645 2905 1738 2945 illud
1763 2905 1888 2945 hono-

0 2978 9 2989 =·
31 3000 32 3004 ,
87 2963 236 3004 ῑίΗειιω
253 2962 391 3003 reddit.

0 3281 9 3316 is

239 3023 273 3075 §.
307 3021 429 3076 Quod
448 3021 476 3061 fi
493 3022 567 3061 ulla
587 3019 735 3061 funstio
755 3024 873 3076 longo
901 3032 1080 3075 tempore
1108 3020 1274 3062 sustineri
1293 3021 1475 3074 possit‚id
1495 3021 1660 3064 maxime
1681 3025 1719 3063 in
1731 3023 1887 3075 legatio-⁷

85 3084 196 3123 nibus
215 3086 286 3124 erit
303 3097 315 3132 ,·
346 3084 382 3122 in
404 3082 461 3121 his
477 3081 662 3132 siquidem
680 3083 926 3123 interceditur
949 3082 1068 3123 solam
1082 3112 1093 3131 ,
1123 3094 1202 3122 non
1224 3084 1457 3134 imperatum
1487 3083 1679 3132 trastatur,
1699 3095 1777 3122 non
1792 3095 1888 3134 prae-

33 3129 35 3172 ]
87 3143 237 3193 cipitur.
301 3142 401 3183 Cum
417 3141 550 3196 Legati
567 3141 811 3196 profestione
827 3145 927 3196 perit
947 3143 1052 3195 quasi
1070 3144 1354 3191 notitiamatalis
1370 3144 1459 3192 soli3
1477 3140 1617 3183 cessant
1629 3143 1888 3184 conversatio-

968 3203 1019 3243 M
1034 3214 1121 3243 mm
1817 3213 1888 3243 nes

188 3316 247 3364 (a)
272 3322 351 3356 Ecce
372 3322 432 3374 qui
441 3320 612 3370 se'rvimet
627 3324 673 3365 ei,
692 3321 853 3372 nonstmt
862 3321 1020 3377 stabiles.
1059 3327 1126 3376 Job
1140 3340 1178 3374 4.
1202 3334 1258 3371 18,
