2132 3730
275 218 358 258 1‘60
731 205 1672 271 DJDACJ-SAAVEDRAE.

786 271 1556 282 *mm——

268 302 452 340 lationem
469 306 668 338 munerum
683 293 891 344 prudenter
910 289 1070 341 distulit,
1098 301 1142 330 ut
1158 303 1293 334 eorum
1315 293 1615 336 obtinendorum
1642 297 1708 349 spe
1736 298 1784 337 ad
1805 297 1842 337 se
1873 299 2078 339 attraheret

268 362 440 407 animos,
471 353 754 395 &remunerari
777 349 902 404 poss'et
925 363 1017 401 eOS,
1048 352 1113 403 qui
1134 350 1213 391 suas
1227 362 1355 404 partes
1385 354 1648 406 sequerentur·
1704 355 1849 410 Magna
1875 368 1966 396 cum
1989 369 2079 408 pm„

268 420 396 461 dentia
419 415 574 469 politica
591 411 748 451 miscere
768 420 933 452 noverat
949 412 1212 451 liberalitatem
1238 424 1324 453 cum
1338 410 1583 465 parsimonia.
1645 413 1763 467 Cujus
1778 419 1832 457 rei
1852 428 1932 457 non
1952 416 2077 457 solum

267 479 486 529 exemplum
509 471 635 521 dedit,
664 471 729 512 sed
749 471 786 512 &
810 470 953 524 legem,
983 473 1019 511 in
1039 471 1121 511 haec
1137 471 1280 511 verba:
1310 471 1387 527 (a)
1418 475 1651 515 Mconviene
1674 488 1699 514 a
1729 476 1783 515 las
1800 478 1913 530 Reyes
1939 473 2018 527 rffizr
2039 476 2080 516 de

265 547 369 580 trinta
394 532 621 589 fttquteza‚
651 534 664 572 i
687 532 876 584 larguezcz,
907 545 971 585 que
982 529 1043 583 fi’a
1059 529 1258 571 conver-tilla
1277 545 1321 571 en
1341 534 1429 573 vicio
1459 533 1501 573 de
1525 533 1728 587 destruam:
1751 544 1881 591 parque
1913 536 1948 575 ia
1967 533 2081 587 frmi-

264 610 376 654 queza
401 593 481 634 debe
506 589 562 643 Jbr
584 589 690 643 usada
717 604 775 631 con
801 590 973 632 ordenacia
1001 593 1187 639 intention,
1216 603 1258 631 no
1278 592 1481 645 menguando
1508 594 1543 632 Ia
1573 594 1705 633 Corona
1726 595 1838 644 Real,
1868 598 1906 635 ui
1927 596 1962 635 la
1988 595 2084 634 Rea!

263 653 455 708 Dignidad.
514 652 730 693 Liberalitas
746 663 790 690 ac
805 648 1032 704 munificentia
1048 664 1164 703 regum
1181 658 1284 691 tanta
1301 649 1361 704 ff
1379 665 1443 693 non
1457 652 1574 703 debet,
1605 662 1646 692 ut
1669 656 1706 693 in
1717 652 1925 707 prosufiomz's
1951 657 2079 695 vitium

262 717 363 757 abeat
382 746 395 765 ,
412 711 480 765 ῥά
501 726 537 753 eo
564 711 655 752 modo
681 724 721 750 ac
760 710 878 751 ordine
906 709 1090 750 exercenda
1118 709 1190 765 est,
1220 717 1261 750 ω*
1290 724 1394 765 neque
1416 711 1567 765 dignitas
1583 743 1596 761 ‚
1626 724 1732 766 neque
1763 714 1955 754 auftoritas
1981 718 2078 766 regia

261 775 448 831 quidquam
462 772 539 814 inde
557 772 750 812 detrimenti
766 771 919 822 accipiat.
979 770 1235 819 Conservare,
1266 780 1309 811 ut
1326 771 1520 822 expendas
1548 774 1704 821 melius,
1734 784 1815 813 non
1833 774 1990 812 avaritia
2010 772 2079 821 est,

262 835 328 876 led
348 843 545 888 praeventa
573 832 785 872 liberalitas.
847 829 955 869 Dare
985 830 1285 880 inconsiderate,
1315 840 1380 870 aut
1405 832 1551 871 vanitas
1584 831 1662 882 est,
1692 842 1757 871 aut
1789 831 1954 872 stultitia.
2013 831 2079 872 Ist-

261 893 335 937 hac
355 894 584 946 parsimonia
611 890 888 933 Monarchiam
922 892 1075 940 evexit,
1104 890 1144 930 v&
1169 887 1374 930 nimia'sua
1415 890 1641 943 profusione
1679 891 1877 932 Coronam
1909 890 2081 944 perdidit

260 956 349 996 Rex
367 951 585 1006 Alphonsus
609 950 787 1002 Sapiens:
819 949 1003 1001 siquidem
1021 952 1118 990 inter
1142 953 1317 1002 querelas
1349 951 1582 1003 praecipuas,
1614 963 1711 1002 quas
1737 952 1916 1005 Regnum
1945 951 1999 992 de
2028 964 2079 991 eo

259 1015 394 1056 habuit
410 1012 472 1053 illa
495 1013 611 1052 etiam
627 1009 718 1059 fuit,
746 1008 854 1061 quod
880 1010 1029 1060 triginta
1048 1022 1259 1051 marcarum
1295 1012 1439 1062 argenti
1463 1011 1579 1049 millia
1614 1009 1772 1050 dediffet
1800 1011 1969 1052 Marthae
2004 1011 2083 1051 Irn-

258 1074 434 1127 peratrici
448 1103 459 1122 ,
491 1071 823 1124 quibusmaritum
847 1069 955 1110 suum
977 1070 1226 1119 Balduinum,
1257 1082 1372 1122 quern
1394 1080 1477 1110 tum
1498 1069 1660 1123 AEgypti
1676 1069 1854 1110 Sultanus
1874 1062 2078 1122 captivum

260 1134 479 1182 detinebat,
507 1131 736 1171 redimeret:
766 1141 839 1181 qua
857 1131 895 1169 in
924 1142 965 1169 re
988 1131 1198 1170 vanitatem
1235 1132 1376 1183 magis,
1408 1128 1523 1182 quam
1554 1129 1799 1182 prudentiam
1835 1129 2008 1170 adhibuit
2038 1131 2079 1171 in

257 1194 469 1235 confilium.
530 1192 620 1231 Rex
635 1189 827 1230 Henricus
860 1188 1059 1230 Secundus
1075 1191 1176 1229 malo
1196 1189 1264 1229 suo
1291 1189 1447 1230 tandem
1473 1191 1678 1243 agnoscere
1701 1189 1856 1240 didicit,
1893 1199 2078 1241 quantum

258 1265 413 1294 coronae
442 1251 515 1292 suae
544 1253 646 1291 vires
675 1247 881 1303 infregisset
908 1258 972 1290 tot
1005 1249 1287 1302 largitionibus,
1317 1262 1414 1301 quas
1435 1252 1533 1289 ultra
1570 1262 1685 1302 quam
1709 1262 1778 1302 par
1803 1249 1860 1289 est
1885 1249 2077 1290 liberalius

257 1313 430 1361 fecerat‚·
464 1311 568 1351 unde
595 1313 633 1350 in
663 1309 893 1350 testamento
925 1310 991 1349 fiio
1018 1321 1083 1349 eas
1116 1311 1332 1349 revocavit.
1395 1308 1563 1349 Occasio
1593 1308 1634 1349 &
1658 1318 1815 1361 tempus
1841 1320 1978 1349 norma
2002 1308 2078 1349 effe

259 1374 467 1413 debent-ac
489 1372 619 1423 regula
636 1369 869 1410 liberalitatis
888 1368 1120 1420 Principum.
1181 1368 1355 1421 Expedit
1373 1368 1585 1416 interdum,
1613 1377 1658 1408 ut
1681 1368 1884 1408 moderata
1912 1369 1974 1408 illa
2008 1369 2077 1420 fitfl.

258 1434 414 1486 quando
435 1433 616 1472 nimirum
633 1431 758 1481 magni
781 1428 864 1468 sunt
883 1429 1074 1469 bellorum
1091 1427 1283 1481 sumptus,
1314 1439 1379 1467 aut
1395 1428 1632 1467 necessitates
1658 1427 1846 1479 publicae;
1876 1428 2075 1469 interdurn

257 1493 395 1534 eadem
424 1490 613 1531 redimere
633 1498 791 1542 oportet
806 1490 996 1541 pericula,
1028 1496 1092 1526 aut
1116 1489 1219 1527 viam
1245 1487 1412 1528 sternere
1449 1486 1663 1527 faciliorem
1692 1486 1740 1526 ad
1771 1486 1868 1527 fines
1899 1488 2078 1527 obtinen-

258 1553 352 1603 dos,
382 1554 420 1592 in
443 1563 522 1602 quo
546 1561 688 1604 genere
714 1550 776 1588 ille
796 1550 918 1600 parcit
942 1548 1169 1599 plurimum,
1200 1550 1264 1598 qui
1281 1549 1398 1599 magis
1424 1546 1626 1598 profundit
1644 1548 1870 1598 pecuniam,
1901 1558 1990 1586 nam
2007 1549 2076 1598 qui

257 1613 323 1652 dat
339 1612 576 1658 minutatim,
606 1609 645 1649 &
664 1608 795 1648 lenfim
818 1607 898 1646 suas
923 1606 1107 1657 expendit
1131 1618 1249 1658 opeS‚
1277 1606 1395 1647 finem
1419 1606 1526 1646 suurn
1548 1618 1630 1646 non
1658 1607 1928 1657 consequitur,
1959 1605 1997 1646 δι
2021 1605 2080 1646 fa..

256 1673 418 1712 cultates
448 1670 529 1709 suas
565 1667 722 1719 diffipat.
781 1665 1058 1706 Munificentia
1091 1665 1235 1705 bellum
1270 1665 1504 1718 quandoque
1534 1667 1725 1714 evitatur3
1755 1677 1832 1718 pax
1874 1663 1945 1722 (b)
1977 1667 2075 1707 item

256 1738 501 1785 comparatur
521 1727 559 1768 &
575 1726 752 1766 vieto-ria.

425 1789 461 1841 ᾗ.
493 1787 738 1840 Prodigalitas
760 1784 942 1836 Principis
958 1781 1009 1823 fic
1032 1784 1169 1836 corrigi
1191 1786 1361 1837 poterit5
1389 1782 1418 1825 si
1440 1785 1634 1825 bonorum
1665 1785 1821 1824 suorum
1844 1782 2075 1825 administra·

255 1853 404 1892 tionem
424 1846 607 1889 Ministris
634 1847 851 1886 committat
883 1844 1138 1882 Oeconomiae
1159 1846 1315 1896 peritis,
1344 1847 1402 1884 uti
1429 1846 1607 1892 avaritia,
1635 1843 1664 1885 si
1692 1844 1924 1884 liberalibus,
1983 1844 2077 1884 Pro-

257 1911 356 1951 derit
387 1907 579 1948 interdum
612 1906 796 1945 exhibere
831 1904 995 1953 Principi
1029 1904 1241 1942 universam
1269 1903 1477 1951 summani,
1507 1916 1623 1954 quam
1650 1903 1862 1956 expenditt
1894 1915 1982 1944 nam
2008 1915 2080 1956 pe·

257 1971 454 2011 cuniarum
470 1967 728 2019 assignationes
745 1961 829 2004 fere
851 1963 995 2012 absque
1019 1961 1321 2002 confideratiene
1346 1962 1501 2001 decerni
1532 1962 1674 2010 solent,
1706 1963 1744 2001 &
1767 1963 1795 2002 fi
1818 1964 1986 2003 rationes
2007 1965 2079 2004 ini·

257 2040 317 2072 ret
347 2038 505 2073 eorum,
534 2037 619 2077 quae
644 2025 816 2077 largitur,
847 2022 924 2062 fine
947 2020 1069 2060 dubio
1097 2032 1143 2061 ea
1173 2021 1465 2066 moderaretur·;
1495 2032 1624 2072 neque
1654 2021 1803 2073 semper
1834 2021 2071 2063 liberalitatis

258 2089 340 2137 est,
372 2086 569 2140 postulatis
591 2085 843 2129 subscriberet,
873 2083 1089 2134 petentium
1106 2083 1206 2121 enim
1224 2082 1517 2132 opportunitate
1533 2109 1545 2129 ,
1573 2088 1639 2118 aut
1660 2079 1763 2119 {ueta
1777 2082 1862 2130 illa,
1894 2093 2008 2132 quam
2022 2083 2076 2122 se-

259 2161 349 2191 cum
372 2147 448 2200 ipsa
476 2146 643 2198 patitur,
674 2145 797 2183 etiam·
820 2143 976 2181 avaritia
1010 2140 1209 2192 fatigatur,
1240 2140 1279 2180 ὅτ,
1310 2140 1506 2192 desperata
1532 2137 1824 2191 quodammodo
1856 2152 1990 2181 manus
2008 2141 2076 2181 dat

259 2209 440 2257 tandem,
470 2208 592 2256 iisque
620 2205 764 2244 annuit.

432 2266 468 2318 §.
500 2264 653 2306 Natura
676 2261 760 2303 fere
783 2262 997 2315 principum
1018 2259 1096 2307 est3
1124 2268 1167 2299 ut
1188 2259 1274 2311 plus
1305 2259 1348 2298 iis
1370 2258 1558 2306 tribuant,
1589 2259 1654 2309 qui
1681 2258 1888 2309 m-aJ'oribus
1921 2262 2072 2312 pollent

261 2329 429 2382 opibus5
461 2326 500 2367 &
523 2325 651 2365 nescio
674 2336 721 2364 an
738 2325 853 2363 timor
876 2320 1029 2373 quidam
1055 2320 1126 2368 fit,
1158 2328 1222 2358 aut
1246 2319 1430 2371 potentiae
1454 2315 1693 2359 existimatio.
1753 2318 1882 2357 Probe
1913 2319 1992 2360 hoc
2016 2321 2073 2359 in-

258 2389 406 2430 tellexit
424 2384 580 2438 magnus
607 2385 669 2423 ille
691 2383 834 2423 aulicus
849 2381 1034 2433 Josephus
1049 2411 1061 2429 ,
1090 2378 1247 2432 quando
1267 2378 1439 2418 evocatis
1466 2377 1513 2416 ad
1530 2377 1567 2416 se
1583 2377 1803 2430 parentibus
1822 2376 1915 2426 suis,
1947 2378 2072 2419 &fra.

259 2450 381 2490 tribus
405 2458 454 2486 ex
481 2445 680 2498 AEgyptO,
707 2445 828 2494 iisque
850 2442 965 2493 Regis
983 2439 1189 2479 Pharaonis
1213 2440 1370 2479 nomine
1393 2437 1561 2477 offerens
1594 2438 1721 2477 omnia
1744 2439 1848 2489 regni
1877 2439 1975 2478 illius
2001 2438 2071 2492 (c)

225 2527 226 2530 ¹
258 2509 384 2555 bona,
415 2505 549 2546 anaor
566 2503 701 2544 iisdem
727 2502 821 2550 fuit,
850 2511 893 2543 ut
911 2497 1184 2553 sppeneffiiem
1197 2497 1409 2540 omnem&
1431 2509 1526 2549 opes
1546 2508 1680 2537 omnes
1698 2496 1826 2536 secum
1846 2496 1924 2551 (A)
1944 2499 2071 2550 aspor-

258 2577 406 2610 tarent:
435 2565 522 2606 fore
542 2565 642 2605 enim
666 2563 850 2615 putabat,
878 2570 922 2600 ut
936 2560 965 2600 fi
988 2561 1077 2600 Rex
1101 2560 1253 2600 videret
1271 2558 1345 2599 effe
1364 2558 1540 2597 homines
1558 2558 1763 2610 opulentos
1781 2583 1794 2605 ,
1814 2557 2069 2598 liberaliorem

261 2629 337 2672 sese
362 2638 449 2679 erga
469 2637 538 2666 eos
560 2624 782 2670 exhiberem
811 2631 926 2673 atque
950 2621 1049 2660 adeo
1067 2622 1132 2672 qui
1153 2631 1309 2660 munera
1328 2616 1426 2671 petit
1447 2617 1468 2656 a
1489 2617 1682 2670 Principe,
1715 2615 1920 2669 egestatem
1944 2618 1982 2658 &
2002 2618 2072 2658 mi-

261 2689 391 2730 seriam
416 2687 517 2726 suam
531 2682 581 2725 illi
601 2694 823 2737 proponere
842 2693 923 2721 non
944 2680 1079 2722 debet:
1108 2682 1254 2721 nullum
1275 2689 1441 2730 namque
1457 2678 1646 2719 efficacius
1661 2676 1830 2719 medium
1850 2677 1899 2718 ad
1924 2678 2068 2720 haben-

241 2784 243 2787 .
262 2747 354 2789 dum
373 2778 387 2798 ,
416 2758 530 2800 quam
544 2745 573 2786 si
595 2745 674 2797 ipse
700 2742 766 2798 (e)
794 2742 947 2783 habeas.

1865 2848 2067 2916 SYM-

358 3074 416 3119 (a)
441 3071 522 3109 Lib.
542 3084 575 3118 3.
591 3080 637 3107 tt.
664 3081 720 3105 10.
743 3069 806 3109 lib.
830 3083 864 3116 ς.
879 3072 966 3108 Rec.
1022 3071 1083 3119 (b)
1115 3067 1301 3105 Vzcroriam
1316 3064 1362 3109 ἄν
1376 3064 1535 3104 honorem
1549 3066 1721 3118 acquiret,
1743 3062 1804 3114 qui
1818 3059 1886 3098 dat
1900 3072 2069 3098 munera:
2102 3082 2105 3085 -

262 3127 422 3166 animam
434 3134 555 3163 autem
567 3119 678 3174 affert
689 3124 946 3175 accipientium.
971 3124 1080 3160 Prov.
1108 3134 1170 3158 22.
1191 3131 1230 3165 9.
1281 3122 1339 3167 (c)
1365 3124 1433 3157 Erro
1449 3117 1535 3157 dabo
1551 3115 1650 3155 vobis
1663 3116 1783 3153 omnia
1797 3111 1886 3151 bona
1905 3114 2067 3165 AEgypti,

261 3188 303 3217 ut
330 3177 518 3215 comedatis
545 3171 728 3214 medullam
756 3185 865 3212 terrae.
894 3177 988 3212 Gen.
1013 3187 1076 3223 45.
1108 3180 1165 3215 18.
1220 3172 1280 3217 (d)
1307 3177 1361 3209 Ne
1379 3149 1584 3210 Jemittatis
1606 3170 1792 3222 quicquam
1812 3165 1854 3203 de
1861 3162 2068 3218 stapelleci‘ili

261 3230 401 3327 ΞΛΜ.-
427 3231 512 3281 quia
526 3239 638 3266 omnes
658 3236 730 3279 opes
751 3229 907 3281 AEgypti.
932 3226 1052 3280 vestra
1072 3234 1189 3265 erunt.
1216 3223 1303 3264 lbid.
1322 3236 1384 3264 20.
1432 3226 1491 3272 (e)
1518 3223 1624 3262 Omm‘
1657 3217 1803 3260 habenti
1833 3216 1995 3264 dabitur,
2020 3215 2068 3266 ἀ

307 3279 474 3323 undabit.
500 3283 589 3322 Luc.
614 3292 669 3328 19.
690 3284 752 3326 262
