2132 3730
750 196 864 241 AD
909 198 1503 261 BENEVOLUM

230 276 327 316 binae
354 276 583 317 Pontificum
612 273 788 316 elettioni
813 274 952 316 Romae
985 267 1100 323 astiti3
1128 275 1281 318 interfui
1318 280 1538 319 Ratisbonae
1561 276 1765 321 Ele&orali
1792 279 2023 327 conventui,

230 337 386 388 quando
407 335 663 376 Fcrdinandus
688 335 752 380 ΙΙΙ
775 336 1055 389 Augustiffimus
1075 338 1175 376 nunc
1201 338 1435 391 Imperator,
1461 339 1549 378 Rex
1582 336 1846 382 Romanorum
1878 349 2024 378 creatus

230 396 306 443 est3
337 395 439 435 octo-
458 396 595 436 deinde
609 394 881 436 Conventibus
905 398 944 437 in
969 395 1173 443 Helvetia3
1205 398 1346 438 rursum
1375 399 1596 438 Ratisbonae
1619 398 1792 442 Comitiis
1821 399 2025 451 Imperiali-

229 456 301 496 bus
328 456 567 495 Sereniffimae
589 452 744 495 Domus
767 456 804 495 &
823 454 1216 508 Circuli‘Burgundici
1236 462 1322 498 cum
1353 456 1466 510 plena
1478 457 1668 510 potestate
1689 459 1865 513 Legatus.
1897 460 2025 512 Quam

230 517 283 555 ob
307 528 384 554 rem
408 515 432 553 ii
459 516 522 554 vel
538 527 656 555 unum
677 527 724 557 ex
743 517 826 555 libri
855 516 964 567 hujus
983 517 1137 555 monitis
1167 515 1202 554 &
1220 517 1460 558 documentis
1478 520 1644 571 politicis
1665 520 1699 558 ei
1717 532 1876 573 quoquo
1901 518 2022 558 modo

228 573 442 628 profuerit,
473 587 587 626 quem
608 575 777 627 regendo
802 578 954 629 utrique
971 577 1056 616 orbi
1079 586 1208 615 natum
1229 578 1403 628 gaudeo,
1434 578 1545 618 facile
1569 579 1711 631 cred0‚
1739 582 1830 621 huic
1859 590 1953 618 meae
1985 577 2026 617 li-

229 636 365 674 bertati
386 635 535 674 dabitur
553 638 676 675 venia.

400 692 492 734 Nec
511 697 674 747 cuipiam
698 696 939 748 peregrinum
956 692 1079 733 videri
1101 693 1236 742 debet,
1268 697 1373 745 quod
1392 695 1519 750 figuris
1544 697 1581 737 &
1598 695 1793 747 Symbolis
1822 697 1907 736 usus
1927 695 1993 735 sim
2012 710 2021 734 :

223 764 311 795 nam
331 753 412 793 haec
441 754 570 794 Deum
589 756 707 807 ipsum
718 754 913 795 auctorem
940 752 1095 793 habent.
1155 753 1320 805 Serpens
1341 768 1466 796 aeneus
1489 756 1587 812 (a),
1616 757 1752 797 Rubus
1777 753 1908 796 ardens
1927 755 2024 809 (b),

225 813 363 853 Veilus
404 812 603 853 Gedeonis
641 814 732 868 (c),
762 811 847 850 Leo
870 812 1059 852 Samsonis
1085 810 1159 865 (cl)
1177 844 1190 862 ,
1223 812 1460 853 Vestimenta
1486 816 1703 856 Sacerdotis
1741 812 1820 868 (e)
1847 845 1858 864 ‚
1889 815 2026 867 Sponfi

223 875 350 915 blandi
385 875 548 913 Amores
579 872 662 926 (f)
680 901 692 920 ‚
723 871 863 922 ecquid
889 872 1014 921 aliud,
1045 872 1158 923 quam
1187 871 1372 922 Symbola
1401 874 1512 913 sunt?

377 932 474 971 Illud
497 933 678 982 imprimis
702 940 863 970 conatus
892 931 998 980 sum,
1027 943 1071 971 ut
1089 943 1194 971 nova
1221 931 1312 972 esset
1342 934 1537 983 inventio,
1566 945 1657 973 num
1694 933 1878 974 assecutus
1906 934 2028 973 omni-

223 1005 277 1035 no
297 992 456 1040 fuerim,
486 991 637 1038 nescio;
666 991 907 1033 multaenim
929 990 1013 1030 sunt
1037 992 1206 1042 ingenia,
1239 1005 1323 1043 quae
1349 991 1592 1033 elaborarunt
1625 1005 1670 1032 ea
1695 995 1732 1033 in
1756 1007 1818 1043 re,
1849 994 1885 1032 δε
1914 992 2026 1033 facile

221 1051 298 1100 est,
328 1063 369 1091 ut
389 1053 427 1090 in
446 1052 697 1103 cogitationes
716 1049 869 1089 easdem
893 1052 1008 1090 etiam
1025 1052 1126 1091 inscii
1153 1054 1369 1104 conspirent
1385 1056 1535 1105 plures,
1567 1053 1672 1104 quod
1693 1054 1784 1093 mihi
1807 1054 1844 1092 in
1859 1053 2026 1104 hocipso

224 1124 345 1165 opere
368 1123 446 1150 non
465 1122 548 1149 raro
573 1110 729 1159 accidit,
761 1110 852 1149 dum
874 1121 920 1149 ea
939 1110 1124 1160 Symbola
1141 1124 1224 1163 quae
1252 1112 1270 1151 a
1293 1126 1355 1152 me
1380 1113 1544 1166 primum
1573 1116 1730 1153 inventa
1750 1111 2026 1160 existimabam,

222 1171 325 1225 apud
348 1172 438 1209 alios
458 1167 591 1221 postea
613 1171 765 1221 reperi,
797 1170 975 1221 adeoque
1000 1171 1152 1222 prorsus
1171 1173 1383 1212 omittenda
1418 1174 1532 1223 duxi,
1561 1175 1651 1213 licet
1677 1186 1756 1213 non
1794 1173 1937 1223 absque
1963 1173 2026 1212 ali-

220 1244 302 1285 quo
320 1230 403 1270 finis
425 1231 515 1268 mihi
538 1229 725 1281 propositi
751 1229 973 1280 dispendio:
1002 1243 1088 1270 nam
1113 1232 1178 1282 qui
1195 1232 1417 1284 scripserunt
1455 1243 1543 1273 ante
1568 1246 1661 1283 nos,
1694 1234 1848 1285 optimis
1874 1232 2027 1283 quibus—

222 1304 297 1344 que
329 1290 455 1343 figuris
483 1289 520 1328 &
554 1290 746 1329 sententiis
775 1290 831 1329 usi
859 1290 962 1340 sunt,
992 1303 1084 1343 quas
1110 1291 1201 1331 dum
1225 1304 1365 1333 cavere
1392 1305 1495 1334 nunc
1512 1295 1721 1343 volumus,
1750 1293 1789 1333 in
1819 1293 1905 1332 alias
1922 1289 2026 1331 forte

219 1351 344 1392 minus
361 1350 588 1389 commodas
604 1349 754 1390 necesse
776 1348 830 1389 est
856 1362 928 1390 nos
950 1351 1132 1392 incidere.

392 1409 498 1448 idem
516 1421 672 1462 quoque
695 1409 939 1449 observatum
963 1409 983 1449 a
1006 1423 1069 1451 me
1099 1412 1197 1451 circa
1207 1413 1352 1451 monita
1371 1412 1564 1464 quaedam,
1596 1411 1634 1452 &
1649 1419 1841 1464 praecepta
1857 1410 2025 1462 politica,

221 1482 305 1523 quae
327 1470 419 1509 licet
436 1471 581 1521 proprii
603 1470 679 1509 mei
694 1471 857 1521 ingenii,
890 1470 1019 1521 quoad
1041 1473 1304 1511 inventionem
1336 1473 1462 1512 saltem
1478 1504 1489 1522 ‚
1519 1471 1637 1512 essent
1662 1481 1814 1523 partus,
1845 1472 1936 1509 alios
1974 1480 2028 1508 ta-

216 1542 306 1572 men
331 1528 464 1581 postea
489 1529 700 1569 eorundem
719 1531 834 1581 longe
855 1531 1087 1581 antiquiores
1113 1531 1349 1583 deprehendi
1369 1532 1584 1581 Auctores,
1616 1543 1778 1582 quorum
1799 1532 1953 1570 nomina
1972 1528 2026 1568 id-

216 1593 323 1631 circo
348 1588 522 1640 adscripsi
547 1591 584 1628 in
613 1591 803 1641 margine,
837 1600 877 1628 ut
915 1591 1000 1629 suus
1024 1592 1136 1629 etiarn
1160 1593 1374 1642 antiquitati
1402 1593 1528 1632 bonos
1555 1591 1772 1631 haberetur.
1831 1589 1916 1629 Fuit
1943 1590 2025 1627 haec

219 1650 480 1701 ingeniorum,
511 1660 595 1698 quae
614 1650 805 1698 prioribus
829 1649 960 1688 seculis
980 1649 1215 1700 floruerunt,
1245 1648 1426 1698 felicitas,
1457 1663 1500 1691 ut
1519 1653 1722 1703 praeripere
1756 1649 1905 1702 possent
1933 1647 2027 1687 Suc-

218 1708 423 1749 cefforibus
451 1718 578 1745 carum
600 1717 724 1745 rerum
747 1708 926 1758 gloriam,
956 1721 1048 1758 quas
1076 1710 1144 1758 ipsi
1164 1710 1299 1758 suopte
1325 1710 1455 1747 Marte
1473 1713 1509 1749 δι
1529 1710 1708 1750 industria
1731 1720 1836 1749 erant
1862 1710 2028 1759 aliquan-

218 1770 271 1809 do
306 1767 511 1807 inventuri.
570 1765 647 1804 Sed
672 1766 708 1804 &
733 1767 825 1804 illud
855 1779 982 1816 operae
1008 1768 1174 1817 pretium
1199 1768 1424 1813 arbitrabar,
1460 1768 1486 1807 si
1518 1767 1603 1808 telae
1624 1770 1714 1807 huic
1735 1768 1796 1807 fila
1813 1768 1984 1819 quaedam
2006 1766 2027 1806 ὲ

216 1827 399 1868 Cornelio
431 1824 567 1863 Tacito
597 1826 894 1873 intertexerem‚
924 1826 1075 1875 optimo
1101 1825 1187 1863 sane
1218 1823 1433 1875 Principum
1462 1825 1669 1877 Magistro,
1696 1839 1782 1877 quo
1813 1828 2025 1867 accuratius

218 1886 268 1929 de
290 1884 502 1926 eorundem
523 1883 705 1932 Naturis‚
736 1884 773 1923 &
802 1885 968 1923 aularum
990 1884 1027 1923 &
1051 1885 1276 1936 palatiorum
1300 1885 1493 1934 moribus,
1526 1884 1574 1923 de
1601 1884 1709 1924 bono
1730 1886 1821 1924 item
1857 1886 2024 1925 &malo

216 1948 400 2000 regimine
426 1955 542 1984 nemo
567 1941 717 1986 disserit.
777 1942 903 1993 Hujus
930 1945 1021 1982 tanti
1057 1945 1128 1982 viri
1157 1944 1399 1983 documentis
1423 1954 1538 1995 atque
1563 1945 1755 1983 sententiis
1786 1944 1887 1995 quasi
1913 1957 2027 1984 manu

217 2008 321 2048 duco
339 2005 574 2055 Principem,
606 2014 720 2054 quem
744 2003 846 2042 hisce
866 2002 1059 2052 Symbolis
1077 2003 1244 2042 formare
1263 2004 1314 2042 est
1332 2003 1501 2056 animus,
1533 2013 1575 2042 ut
1595 2004 1697 2055 pede
1720 2004 1908 2044 inoffenso
1925 2006 2027 2055 lege-

217 2081 260 2109 re
289 2068 324 2108 ei
349 2066 461 2104 liceat
482 2062 597 2102 flores
631 2073 681 2101 ex
703 2063 826 2101 alieno
846 2063 924 2101 huc
949 2065 1242 2129 trtansplantatos
1271 2062 1476 2110 viridario,
1509 2062 1544 2101 &
1568 2075 1798 2116 expurgatos
1824 2063 1843 2101 ἐι
1871 2074 2024 2103 veneno

219 2129 256 2169 δε
276 2127 413 2179 spinis,
446 2135 529 2174 quae
547 2132 610 2162 aut
628 2124 799 2162 nativum
821 2123 869 2161 sol
862 2125 937 2161 lum
963 2123 1006 2161 iis
1029 2122 1181 2161 confert
1208 2119 1421 2170 interdum,
1457 2132 1522 2160 aut
1550 2122 1689 2162 horum
1719 2134 1937 2175 temporum
1959 2124 2023 2161 ad-

217 2188 349 2229 miscet
373 2184 524 2224 malitia.
582 2181 702 2222 Porro
720 2184 929 2233 praecipuas
952 2180 1081 2221 Status
1102 2183 1246 2236 regulas
1271 2184 1307 2221 in
1338 2183 1411 2221 hac
1437 2182 1599 2225 secunda
1627 2182 1796 2222 editione
1818 2182 1941 2234 Script
1946 2193 2022 2221 urae

218 2248 327 2287 sacrae
354 2245 468 2284 etiam
494 2241 636 2282 illustro
666 2241 916 2281 testimoniis.
948 2254 1032 2292 quae
1060 2243 1159 2281 enim
1195 2242 1352 2281 Politica
1383 2242 1419 2287 in
1456 2243 1550 2280 illius
1579 2232 1736 2281 fernace
1769 2243 2022 2294 excoquitur,

219 2318 265 2347 ea
280 2304 433 2345 demum
451 2313 545 2341 vere
565 2303 638 2341 dici
665 2301 816 2353 potest,
849 2300 1004 2341 Davide
1027 2300 1138 2341 teste:
1169 2300 1240 2355 (g)
1269 2303 1466 2353 A7gentmz
1490 2302 1715 2341 examinatum
1730 2302 1918 2352 probatmn
1950 2308 2021 2341 tct-

216 2380 292 2414 r,ae
311 2369 503 2416 purgatum
520 2357 721 2413 scptzrplurn.
781 2361 852 2399 Cui
879 2362 978 2400 enim
1011 2362 1118 2401 bono
1154 2361 1336 2414 Magister
1362 2371 1425 2400 aut
1452 2360 1637 2413 profanus
1664 2372 1729 2400 aut:
1759 2362 1923 2413 impius,
1953 2363 2020 2401 ubi

219 2425 379 2479 Spiritus
403 2421 548 2461 sanctus
571 2420 755 2459 Doctoris
778 2421 905 2459 officio
926 2420 1094 2472 fungitur
1111 2421 1130 2459 22

391 2482 433 2521 ln
452 2480 684 2532 expliemdis
705 2479 792 2531 ipsis
817 2479 1098 2519 Emblernatum
1125 2479 1251 2533 figuris
1280 2479 1415 2530 longus
1435 2492 1513 2520 non
1536 2478 1634 2528 sum,
1665 2479 1922 2530 utjucundius
1945 2479 2021 2519 Le—

219 2542 316 2585 &ori
337 2542 500 2589 accidat,
530 2541 559 2579 fi
575 2552 637 2579 eas
658 2552 726 2592 per
755 2540 792 2579 se
816 2540 894 2592 ipse
919 2540 1114 2592 intelligat.
1152 2510 1206 2579 Γ
1211 2550 1225 2579 t
1255 2538 1282 2578 Γι
1309 2540 1401 2589 quid
1431 2539 1533 2579 forte
1559 2541 1596 2578 in
1615 2539 1772 2579 decursu
1808 2540 2016 2591 inspergam

219 2604 468 2649 eruditionis,
499 2600 538 2640 id
563 2612 642 2639 non
668 2598 722 2639 est
754 2600 801 2639 ad
843 2598 1105 2639 ostentandam
1135 2599 1368 2648 doctrinam,
1398 2599 1462 2639 sed
1485 2600 1531 2640 ad
1553 2598 1809 2639 illustrandum
1833 2600 2015 2651 Principis

218 2666 405 2710 animum,
437 2672 551 2712 atque
568 2669 611 2699 ut
628 2657 811 2699 institutio
836 2660 1028 2711 aliquanto
1056 2660 1205 2699 suavior
1238 2657 1296 2699 fit.

393 2720 505 2774 Opus
524 2729 650 2759 totum
670 2732 749 2759 non
764 2719 831 2759 nisi
851 2721 1042 2759 sententiis
1065 2719 1212 2759 constat
1225 2750 1235 2768 ‚
1269 2717 1305 2758 &
1324 2717 1480 2770 Regulis
1496 2714 1642 2759 Status:
1673 2728 1727 2758 eae
1745 2718 1830 2769 ipsae
1844 2717 1942 2756 enim
1962 2714 2013 2755 la-

217 2782 328 2835 pides
352 2782 458 2831 sunt,
489 2779 512 2819 ὲ
531 2780 667 2831 quibus
688 2780 845 2831 politica
866 2779 1031 2820 construi
1048 2789 1207 2832 oportet
1232 2777 1398 2818 aedificia.
1461 2777 1558 2818 Non
1587 2790 1648 2818 eas
1681 2788 1809 2818 tamen
1836 2776 1887 2815 fic
1911 2776 2016 2815 nude

218 2842 256 2882 &
288 2840 437 2893 sparsim
477 2851 677 2891 propono,
707 2839 772 2879 sed
807 2838 980 2879 discursui
1015 2839 1159 2887 insero,
1191 2838 1227 2877 δε
1260 2840 1371 2878 certis
1395 2840 1547 2890 applico
1576 2837 1819 2887 cafibus‚-ut
1847 2837 2016 2888 pericula

220 2901 414 2948 devitem,
445 2911 529 2949 quae
549 2911 597 2937 ex
621 2900 823 2951 praeceptis
844 2898 1139 2951 generalioribus
1157 2897 1272 2937 creari
1293 2897 1424 2937 solent.

390 2959 494 2999 Dedi
509 2969 691 3009 practerea
721 2971 902 3011 operam,
932 2970 975 2998 ut
994 2957 1110 3008 stylus
1134 2956 1225 2997 esset
1242 2959 1400 3007 cultior,
1434 2958 1576 3010 absque
1594 2965 1720 2996 tamen
1749 2952 2016 3002 affectatione,

215 3019 345 3059 brevis
369 3020 462 3059 item
505 3018 541 3057 δε
567 3017 760 3067 concisus,
792 3018 855 3057 sed
881 3019 906 3058 Γ
910 3031 959 3058 ne
986 3019 1238 3064 obscuritatet,
1268 3016 1305 3056 id
1331 3017 1435 3073 quod
1469 3014 1685 3070 perdifficile
1709 3015 1798 3053 olim
1819 3014 2015 3064 judicabat

216 3078 290 3134 (h)
319 3078 523 3127 Horatius,
553 3077 589 3117 δε
606 3077 711 3129 cujus
731 3090 804 3131 ego
823 3075 1042 3132 exemplum
1063 3077 1244 3117 haetenus
1263 3088 1341 3116 non
1367 3078 1445 3117 vidi
1467 3081 1504 3118 in
1524 3076 1705 3115 idiomate
1725 3072 1855 3113 nostro
1876 3071 2015 3172 castici--

1977 3144 1996 3172 a

955 3219 958 3220 ν
980 3215 1742 3226 ω-ι-ῲψ-ἁυ-ῥ--ῡ-..ῇ-

277 3290 281 3294 .
310 3254 375 3304 (a)
400 3255 511 3291 Num.
535 3265 593 3289 21.
648 3253 711 3297 (b)
739 3251 852 3288 Exod.
875 3265 911 3299 ¹3
1009 3254 1077 3301 (c)
1106 3254 1184 3302 Jud.
1208 3264 1237 3297 5.
1318 3254 1377 3299 (d)
1403 3250 1481 3319 Jud
1511 3263 1566 3295 14,
1642 3255 1701 3295 (e)
1729 3249 1876 3285 Exodo
1860 3263 1894 3286 2.
1948 3248 2014 3294 (f)

213 3306 320 3345 Cant.
335 3307 442 3350 Cant,
496 3306 557 3352 (g)
585 3304 669 3342 Psal.
694 3315 804 3349 11.7
860 3280 930 3353 (h’)
947 3306 1042 3344 Dum
1059 3304 1177 3343 brevis
1194 3304 1251 3351 eye
1268 3302 1397 3341 lahem>
1425 3299 1576 3348 ceſsurus
1583 3302 1652 3351 fio
1669 3302 1799 3339 Horat.
1815 3303 2011 3340 Art.1>oet.
