2132 3730
510 166 1492 215 SYMBOLAPOLITICA.
1871 189 1903 230 7

93 265 194 307 opus
213 254 330 295 habet
349 252 498 300 excoli,
525 253 581 292 uti
600 254 784 306 pleraque
802 255 930 294 omnia
953 255 1100 296 homini
1123 255 1171 296 ad
1195 257 1297 296 bene
1332 255 1547 297 vivendum
1568 255 1783 296 necessaria.
1845 258 1903 299 lta

91 313 234 366 absque
254 312 385 353 labore
411 310 450 352 &
469 310 608 352 sudore
634 313 727 353 nihil
747 312 832 354 fere
851 315 886 354 ei
911 315 1095 366 obvenit,
1114 327 1199 367 quae
1218 327 1331 367 poena
1350 316 1407 358 est
1429 329 1481 358 ex
1509 318 1631 370 prima
1645 327 1902 369 protoparen-

91 382 175 414 tum
191 384 293 413 noxa
313 373 520 412 etiamnum
541 372 682 413 debita.
742 374 806 413 Ab
823 374 960 414 arbore
986 374 1132 415 fru&us
1161 375 1353 416 dulciores
1377 379 1442 429 qui
1465 378 1614 429 speres,
1633 376 1702 416 nili
1729 387 1794 417 aut
1815 389 1902 418 eam

91 433 365 484 transplantes,
393 442 458 471 aut
494 433 734 473 insitionibus
765 435 803 474 iii
837 433 970 486 stirpes
995 436 1113 488 magis
1143 437 1285 483 cultas,
1316 435 1355 475 δε
1389 437 1652 489 generosiores
1677 435 1903 487 sylvestrem

88 503 260 534 naturam
276 492 468 543 corrigas?
498 491 570 546 (a)
601 492 772 534 Educatio
794 493 847 538 &⁹⁴
867 492 1033 547 itfiitutio
1061 492 1225 534 connnoda
1241 494 1347 534 bonas
1376 503 1528 536 natm-as
1557 496 1708 546 inducit,
1736 495 1790 542 ὅ)
1815 510 1902 537 rur—

75 550 157 603 sum
173 551 278 591 bonus
308 559 480 600 naturas,
503 550 541 603 fi
560 552 660 592 talem
687 551 924 605 iustitutionem
945 550 1209 607 consequantur,
1245 554 1395 594 meliores
1420 554 1532 594 adhuc
1561 554 1615 600 ἐξ)
1636 553 1921 610 praestantiores

87 609 236 652 evadere
249 607 385 661 scinuts.
445 609 543 650 Haec
564 610 686 651 causs'a
710 611 806 662 fuit,
833 625 901 653 cur
914 612 1096 664 Trajanus
1115 613 1332 665 Imperator
1355 615 1479 654 tamin
1505 615 1756 666 gubernando
1773 617 1904 656 evase-

88 673 139 712 rit
159 670 328 723 insignis,
346 672 433 721 quia
452 672 593 711 scilicet
616 671 663 711 ad
688 672 860 714 indolem
885 684 965 714 non
983 673 1121 713 malam
1148 671 1329 713 industria
1354 672 1580 722 accesserat,
1609 674 1646 714 &
1672 676 1775 716 bona
1803 675 1904 716 dire-

87 729 167 771 ἂίο
192 729 380 770 Plutarchi
394 732 657 782 praeceptoris.
718 731 810 772 Nec
834 744 1001 784 unquam
1025 733 1300 772 immanitatem
1321 734 1422 774 illam
1449 732 1625 774 induiffet
1648 734 1783 775 Petrus
1811 736 1903 778 Rex

86 800 352 842 cognomento
372 790 545 830 Crudelis
563 821 575 840 ,
593 791 620 831 si
633 790 798 843 joannes
814 791 1029 844 Alphonsus
1045 792 1326 844 Albuquercius
1340 823 1353 842 ,
1370 804 1486 845 quem
1512 793 1798 835 moderatorem
1835 797 1903 835 ha-

86 850 171 891 buit
184 880 196 899 ,
217 849 390 890 ferocem
411 850 491 902 ejus
514 852 681 892 animum
697 850 834 892 dextre
853 852 1024 904 mitigare
1056 851 1237 902 scivifl'et,
1258 853 1297 892 δε
1329 852 1518 907 frangere.
1580 853 1730 894 Eadem
1757 855 1902 895 scilicet

86 911 328 964 ingeniorum
356 910 570 951 differentia
593 910 668 959 est,
683 924 766 963 quae
784 912 1042 960 metallorum,
1064 924 1229 963 quorum
1253 913 1324 953 alia
1338 914 1416 966 igni
1433 912 1607 954 resistunt
1614 924 1629 965 3
1650 916 1720 954 alia
1740 914 1902 965 cedunt,

88 970 128 1011 &
156 972 194 1010 in
215 982 264 1010 eo
291 968 586 1023 colliquescunt3
604 971 749 1022 scalpro
767 980 894 1012 tamen
915 971 953 1011 &
971 972 1112 1011 malleo
1139 974 1267 1013 omnia
1289 973 1435 1013 domari
1457 972 1633 1026 possunt,
1649 973 1686 1014 &
1708 975 1747 1014 in
1762 974 1902 1015 tenuis-

86 1030 197 1071 simas
223 1030 313 1070 duci
346 1030 514 1072 laminas.
574 1031 629 1070 Ita
653 1032 799 1071 nullum
823 1031 975 1083 prorsus
1002 1032 1196 1084 ingenium
1223 1031 1278 1073 est
1299 1032 1399 1073 adeo
1421 1033 1581 1081 durum,
1598 1032 1636 1073 in
1657 1046 1736 1086 quo
1751 1046 1842 1075 cura
1860 1035 1903 1076 δε

88 1089 280 1130 correffio
306 1103 385 1130 non
407 1101 667 1143 promoveant
691 1091 846 1142 aliquid.
905 1090 1075 1131 Tametsi
1104 1091 1253 1142 fateor,
1274 1092 1391 1132 solam
1418 1092 1695 1134 institutionem
1721 1094 1770 1134 ad
1804 1095 1902 1136 inse·-

88 1150 225 1190 rendas
248 1152 410 1190 virtutes
430 1163 510 1190 non
529 1153 677 1202 semper
691 1150 884 1199 sufficere,
901 1150 951 1191 eo
973 1151 1080 1203 quod
1100 1152 1166 1192 sub
1181 1150 1350 1205 purpura
1372 1163 1550 1205 tanquam
1573 1154 1671 1193 inter
1695 1165 1836 1207 vepres
1860 1155 1901 1197 ὅτ.

86 1209 214 1260 sylvas
241 1222 517 1262 nonnunquam
550 1212 738 1262 pullulent
776 1212 818 1251 in
845 1211 1118 1253 excelsioribus
1141 1214 1272 1253 animis
1294 1212 1468 1265 quaedam
1501 1214 1685 1253 vitiorum
1707 1214 1901 1265 monstra,

87 1281 174 1321 quae
194 1271 331 1322 corrigi
354 1270 389 1309 se
410 1269 549 1309 deinde
568 1282 648 1309 non
672 1269 809 1310 sinunt.
872 1270 924 1311 Et
943 1272 1070 1323 quaeso
1091 1282 1155 1322 te,
1181 1272 1274 1325 quid
1300 1273 1478 1325 proclive
1510 1274 1648 1326 magis,
1676 1274 1789 1325 quam
1815 1287 1902 1315 cor-

85 1331 213 1381 rumpi
236 1329 481 1381 juventutem
511 1328 868 1378 deliciis,libertate
896 1329 1230 1373 &adulationibus
1256 1333 1296 1372 in
1325 1332 1544 1385 Principum
1561 1334 1674 1381 aulis,
1700 1335 1738 1373 in
1759 1335 1900 1386 quibus

85 1391 316 1443 plerumque
330 1389 498 1430 subnasci
512 1389 633 1430 solent
654 1391 762 1430 multi
780 1388 942 1431 affe-‘stus
965 1392 1129 1444 pravi&
1149 1392 1301 1439 vitiosi;
1332 1392 1436 1432 haud
1465 1392 1571 1432 secus
1601 1402 1717 1445 atque
1739 1396 1776 1433 in
1803 1397 1902 1448 agris

84 1448 187 1491 male
205 1451 316 1490 cultis
339 1449 576 1490 succrescunt
590 1450 722 1502 spinae,
740 1449 778 1490 δε
796 1451 926 1491 herbae
945 1453 1072 1492 noxiae
1086 1463 1203 1505 atque
1218 1453 1384 1496 inutiles,
1444 1452 1544 1506 Quae
1559 1453 1724 1505 proinde
1738 1456 1852 1504 aulae,
1870 1455 1901 1495 fi

84 1510 188 1550 bene
214 1509 434 1550 formatae&
449 1508 625 1550 institutae
643 1522 723 1550 non
744 1510 840 1560 sint,
866 1523 955 1551 cura
976 1512 1089 1553 bonae
1104 1513 1343 1554 educationis
1363 1512 1567 1565 perparum
1587 1512 1788 1564 proficiet:
1812 1515 1901 1566 ipsae

84 1582 253 1621 namque
273 1569 407 1610 formis
431 1569 578 1610 fusoriis
605 1570 786 1611 videntur
808 1571 965 1622 ssmiles,
980 1572 1159 1626 adeoque
1177 1573 1229 1614 fic
1251 1572 1420 1614 formant
1438 1572 1675 1626 Principem,
1700 1583 1818 1626 prout
1832 1575 1902 1614 be-

86 1629 138 1670 ne
153 1632 218 1670 vel
242 1632 342 1670 male
360 1629 507 1670 affectae
527 1632 612 1682 ipsae
626 1630 787 1680 fuerint,
821 1630 859 1671 &
884 1634 1046 1673 virtutes
1071 1645 1116 1674 ac
1139 1635 1252 1682 vitia,
1275 1645 1360 1684 quae
1383 1632 1497 1672 semel
1522 1633 1560 1672 in
1586 1632 1672 1684 ipsis
1699 1642 1903 1686 coeperunt

86 1690 126 1730 in
143 1690 352 1737 valescere,
373 1702 442 1741 per
463 1689 652 1730 ministros
675 1691 722 1729 ad
744 1690 972 1730 success'ores
994 1694 1260 1731 transmittunt.
1318 1690 1400 1730 Vix
1413 1692 1551 1730 rationi
1567 1694 1631 1731 vel
1652 1692 1828 1734 discursui
1842 1695 1904 1734 lo·

87 1761 157 1789 cus
185 1749 239 1789 est
262 1752 299 1789 in
317 1750 512 1800 Principe,
538 1748 694 1799 quando
715 1758 779 1786 aut
795 1747 986 1788 adulando
1000 1752 1153 1790 nimiam
1179 1759 1383 1802 parentum
1400 1749 1439 1790 &
1471 1749 1656 1800 majorum
1682 1753 1721 1791 in
1747 1752 1901 1804 agendo

84 1809 304 1849 libertatem
323 1807 578 1859 depraedicant
600 1808 731 1853 aulici,
753 1815 817 1844 aut
841 1818 901 1844 res
922 1808 968 1846 ab
996 1809 1127 1848 iisdem
1149 1808 1330 1860 praeclare
1358 1808 1398 1846 &
1427 1820 1516 1848 cum
1545 1809 1658 1848 laude
1679 1809 1821 1863 gestas,
1853 1825 1902 1852 ac

85 1867 238 1909 familiae
258 1867 361 1918 quasi
386 1865 560 1916 proprias
577 1864 627 1903 illi
649 1874 875 1915 proponunt
891 1874 979 1904 ante
999 1868 1149 1909 oculos,
1212 1867 1441 1920 Quinimmo
1457 1878 1507 1906 ex
1528 1867 1600 1906 hac
1621 1866 1703 1908 fieri
1723 1880 1842 1921 amat,
1856 1881 1903 1912 ut

84 1928 128 1970 in
148 1927 297 1967 familiis
316 1925 507 1965 nonnullis
532 1924 627 1963 certi
653 1923 809 1975 quidam
831 1936 959 1964 mores
977 1930 1014 1966 δι
1031 1925 1192 1966 εἰῖεέὶυε
1216 1924 1238 1966 e
1259 1926 1482 1978 parentibus
1503 1927 1542 1966 in
1557 1925 1656 1968 filios
1671 1928 1904 1972 successione

85 1983 271 2027 continua
295 1993 574 2038 propagentur,
597 1995 677 2024 non
700 1993 777 2023 tam
798 1985 915 2025 innati
940 1984 1126 2039 sanguinis
1144 1987 1204 2036 vi,
1235 1986 1325 2027 cum
1345 1998 1419 2026 nec
1439 1986 1664 2028 diuturnitas
1694 1993 1904 2042 temporis,

84 2059 161 2088 nec
182 2047 513 2086 matrimoniorum
526 2045 754 2084 commixtio
776 2045 978 2086 immutare
999 2058 1069 2087 eos
1090 2047 1226 2095 soleat,
1242 2046 1357 2099 quam
1378 2048 1466 2098 quia
1483 2047 1521 2086 in
1535 2047 1623 2100 ipsis
1639 2049 1733 2089 aulis
1753 2051 1901 2104 vigent,

86 2107 157 2148 ubi
175 2106 332 2147 infantia
352 2117 420 2145 eos
434 2105 604 2154 imbibit,
626 2103 663 2144 &
691 2104 796 2156 quasi
821 2107 1017 2146 convertit
1048 2108 1087 2147 in
1106 2107 1310 2148 Naturam.
1371 2106 1466 2146 Hoc
1487 2107 1609 2147 modo
1629 2109 1733 2161 apud
1754 2110 1902 2151 Roma·

87 2178 162 2208 nos
177 2168 270 2207 olim
292 2165 440 2205 Claudii
456 2165 695 2204 habebantur
715 2164 884 2217 superbi,
914 2166 1085 2207 bellicosi
1099 2166 1320 2220 Scipiones,
1349 2167 1538 2207 ambitiosi
1557 2169 1702 2221 Appii3
1720 2171 1776 2210 uti
1795 2183 1902 2212 nune

85 2228 128 2269 in
147 2225 328 2279 Hispania
348 2225 544 2265 Gusmanii
563 2233 743 2277 putantur
763 2226 879 2273 boni,
902 2224 1111 2267 Mendozae
1133 2228 1310 2277 humani,
1333 2226 1584 2279 Manriquefii
1612 2227 1874 2270 formidabiles
1887 2261 1901 2279 ,

88 2286 271 2327 Toletani
290 2285 464 2326 severi&
478 2297 626 2337 graves.
689 2284 796 2325 Idem
825 2286 863 2325 in
886 2286 1093 2327 artificibus
1114 2287 1250 2327 videre
1271 2290 1380 2335 licet,
1396 2287 1463 2326 ubi
1489 2288 1603 2339 aliqui
1623 2290 1662 2328 in
1687 2287 1829 2329 familia
1844 2291 1897 2330 se-

87 2347 168 2388 mel
195 2347 385 2387 excellere
405 2346 618 2398 coeperint,
640 2342 751 2384 facile
773 2345 814 2386 id
847 2345 980 2398 postea
1000 2347 1272 2388 transfundunt
1299 2350 1338 2388 in
1357 2345 1560 2400 posterOS,
1585 2360 1683 2399 quos
1708 2350 1795 2390 artis
1826 2351 1901 2390 suae

87 2406 236 2448 habent
254 2403 509 2459 spestatores,
547 2405 761 2457 quibusque
782 2417 902 2458 opera
921 2406 984 2446 sua
1005 2408 1231 2448 &laborum
1247 2418 1499 2449 monumenta
1520 2406 1608 2459 post
1628 2408 1665 2448 se
1686 2408 1901 2462 derelinqu-

89 2475 175 2506 unt.
235 2465 400 2506 Accedit
425 2466 476 2506 ad
504 2466 603 2514 haec,
630 2465 735 2517 quod
756 2465 924 2506 adulatio
959 2469 1078 2507 errori
1097 2470 1217 2508 mixta
1239 2469 1306 2509 sub
1341 2469 1467 2520 specie
1495 2468 1646 2508 virtutis
1666 2469 1902 2522 quandoque

89 2524 341 2566 commendet
358 2527 396 2565 in
410 2537 552 2578 puero,
582 2537 665 2576 quae
687 2527 838 2566 virtutis
852 2539 996 2567 nomen
1019 2528 1316 2580 haudquaquam
1344 2537 1560 2576 merentur,
1580 2530 1636 2567 uti
1663 2529 1747 2568 sunt
1768 2532 1903 2581 nequi-

90 2583 403 2634 tia,ostentatio,
431 2586 644 2634 insolentia,
664 2585 737 2635 ira,
768 2585 958 2635 vindicta,
981 2587 1019 2627 ὃς
1042 2589 1111 2627 alia
1139 2587 1345 2629 istiusmodi
1365 2588 1513 2641 generis
1538 2588 1650 2638 vitia,
1678 2587 1770 2628 dum
1800 2589 1902 2630 falso

88 2645 162 2688 sibi
180 2645 353 2685 nonnulli
377 2646 766 2699 persuadent,magni
792 2646 975 2699 Principis
997 2659 1042 2687 ea
1067 2646 1143 2688 esse
1163 2648 1333 2696 indices3
1359 2659 1438 2699 quo
1465 2648 1578 2686 etiam
1606 2646 1670 2696 fit,
1704 2656 1748 2687 ut
1780 2662 1901 2701 porro

90 2706 137 2746 iis
151 2703 292 2745 insistat
320 2704 531 2754 ardentius,
561 2705 599 2745 &
617 2716 726 2746 veras
757 2708 921 2747 virtutes
947 2709 1133 2761 negligat,
1156 2708 1318 2760 perinde
1346 2720 1391 2746 ac
1410 2708 1538 2759 puella
1556 2708 1774 2757 interdum,
1797 2709 1825 2748 si
1851 2710 1901 2750 ab

91 2764 331 2806 animositate
352 2764 543 2813 laudetur,
573 2774 637 2804 aut
661 2766 795 2819 agendi
818 2766 1014 2816 libertate,
1035 2770 1151 2821 magis
1182 2768 1257 2808 sese
1276 2767 1323 2807 ad
1343 2766 1410 2807 ista
1424 2766 1509 2817 dat,
1524 2766 1640 2819 quam
1659 2767 1707 2807 ad
1721 2768 1903 2809 modesti-

92 2837 155 2865 am
177 2824 215 2865 &
235 2823 478 2866 honestatem
508 2827 715 2878 praecipuas
743 2824 854 2866 sexus
879 2826 981 2867 istius
998 2827 1124 2868 dotes.
1184 2827 1267 2868 Etsi
1294 2828 1391 2868 vero
1411 2827 1458 2867 ab
1490 2828 1598 2867 omni
1619 2829 1780 2868 omnino
1803 2830 1902 2868 vitio

87 2885 334 2938 juventutem
363 2886 480 2925 arceri
502 2885 660 2934 deceat,
692 2888 739 2926 ab
773 2888 817 2926 iis
832 2897 961 2927 tamen
993 2889 1058 2928 vel
1083 2888 1271 2935 maxime,
1303 2887 1374 2942 (b)
1405 2899 1482 2941 quae
1495 2887 1553 2926 vel
1572 2887 1817 2940 turpitudinem
1839 2888 1902 2928 hae

89 2945 191 2994 hent,
216 2942 274 2985 ὐεἰ
291 2943 399 2985 odium
414 2947 586 2996 parizmt,
607 2957 656 2984 eo
679 2946 786 2998 quod
805 2944 872 2986 ista
900 2947 1046 2988 facilius
1068 2948 1143 2988 sese
1169 2948 1208 2987 in
1227 2948 1376 2988 animos
1396 2956 1612 2999 penetrent.
1671 2947 1902 2988 Cavendum

91 3005 245 3055 itaque,
274 3016 326 3044 ne
347 3014 459 3055 turpe
479 3005 590 3056 quid,
611 3015 675 3045 aut
694 3007 873 3046 lascivum
895 3007 1076 3060 Princeps
1091 3008 1258 3047 inaudiat
1275 3036 1288 3057 ,
1308 3008 1557 3048 multominus
1586 3006 1902 3058 permittendum,

93 3073 139 3104 ut
157 3066 335 3117 loquatur
352 3065 451 3117 ipse:
474 3077 562 3105 nam
590 3061 656 3120 (c)
680 3062 788 3116 facil&
803 3069 922 3119 turpia
938 3066 1095 3122 loquendo
1107 3065 1253 3120 efficitur
1265 3098 1278 3117 ,
1296 3075 1338 3108 ut
1349 3068 1495 3108 hanzines
1518 3066 1571 3106 his
1583 3063 1899 3118 proximafaciant,

942 3127 974 3169 B
1009 3141 1032 3168 2
1794 3125 1899 3178 Qua*

168 3236 173 3239 ’
199 3240 258 3286 (a)
282 3239 385 3279 Plato
398 3238 490 3279 Dial.
508 3253 545 3289 4.
562 3240 606 3278 de
623 3240 694 3291 leg.
743 3241 805 3287 (b)
831 3240 981 3280 Aristot.
998 3240 1108 3281 Polit.
1137 3253 1176 3289 7.
1200 3253 1231 3278 e.
1260 3252 1317 3289 17.
1373 3244 1431 3289 (c)
1455 3240 1544 3278 lbid²
