2132 3730
276 260 365 304 '100
715 255 1064 297 DIDACI
1116 255 1712 303 SAAVEDRAE·

285 316 1567 333 mQ———ss-——Q—

277 343 410 394 insigni
428 340 611 380 miraculo
630 337 776 377 reflecti
795 340 832 378 in
847 339 946 391 ipsos
961 340 1145 391 jacientes
1166 342 1234 382 visi
1255 343 1361 391 sunt,
1391 355 1538 395 eosque
1563 358 1702 398 magno
1719 358 1881 386 numero
1908 346 2086 384 vulnera-

274 415 318 443 re
340 403 378 442 δε
403 400 577 439 sternere.
636 398 767 449 Atque
785 409 835 438 ex
858 411 906 438 eo
937 410 1114 452 tempore
1138 403 1318 451 paulatim
1343 404 1418 445 sese
1448 404 1592 444 rursum
1619 406 1762 458 erigere
1786 407 1902 458 coepit
1924 404 2087 444 Monar-

275 463 363 502 chia
384 457 444 499 illa
459 487 471 507 ,
503 456 540 495 &
556 453 751 497 assurrexit
767 457 794 510 ζ
808 471 1024 511 quanquam
1041 458 1127 512 post
1146 461 1298 513 longam
1320 476 1493 504 amorum
1516 466 1686 517 seriem)
1714 465 1762 505 ad
1790 478 1874 506 eam
1905 465 2084 516 amplitu-

276 521 403 561 dinem
417 548 431 567 ,
461 527 536 568 qua
559 516 767 558 etiamnum
785 518 904 559 hodie
919 519 1057 560 fruitur
1080 522 1117 560 in
1136 523 1338 572 proemium
1370 522 1601 564 Constantiae
1628 524 1701 564 suae
1725 527 1764 566 in
1790 526 1994 579 Religione
2013 523 2087 563 Ca-

273 575 428 621 thoiica.

448 636 487 689 §.
519 634 618 677 Cum
635 637 764 688 itaque
784 637 937 691 Religio
973 637 1019 678 sit
1044 640 1167 680 anima
1198 640 1609 694 Rerumpublicarum,
1641 645 1747 683 omni
1769 642 1894 683 studio
1921 642 1969 682 ad
1998 654 2085 685 eam

272 696 574 740 conservandam
605 698 830 738 incumbere
861 698 981 739 debet
1011 699 1202 753 Princeps.
1262 700 1469 742 Primaevus
1502 705 1671 756 spiritus,
1705 716 1819 756 quem
1850 705 1920 743 illis
1936 699 2087 742 instilla-

270 767 360 798 runt
376 758 592 806 Romulus,
622 755 780 807 Numa,
809 757 1032 810 Lycurgus,
1062 759 1195 808 &alii,
1225 762 1290 812 qui
1306 773 1369 800 eas
1397 761 1656 812 instituerunt,
1689 763 1726 803 &
1755 773 1974 811 erexerunt,
2005 763 2086 801 Re-

270 819 362 871 ligio
384 815 459 873 (α)
483 816 574 857 fuit:
605 817 688 856 haec
703 818 805 857 enim
831 821 971 871 magis,
1000 817 1114 870 quam
1134 818 1210 873 ipsa
1227 821 1422 861 neceffitas
1451 824 1609 875 copulat
1632 825 1790 864 animos.
1835 823 1987 874 Imperii
2003 822 2085 860 Ro-

270 879 373 918 mani
403 876 667 917 moderatores
685 876 862 918 Tiberius
889 877 928 918 &
955 877 1167 930 Adrianus,
1197 881 1416 934 proscriptis
1442 881 1705 936 Religionibus
1734 884 1942 936 peregrinis
1966 880 2083 921 dede-

268 946 358 977 runt
375 949 534 989 operam
567 934 705 985 unice,
735 947 778 976 ut
799 939 996 990 propriam
1021 938 1153 979 sartam
1169 940 1310 981 teetam
1340 941 1632 990 conservarent3
1662 943 1864 996 quomodo
1898 942 1934 981 &
1953 938 2085 981 fecere

266 996 533 1046 Theodosius,
566 996 605 1035 &
625 995 922 1047 Constantinus,
954 998 1101 1039 sancitis
1121 998 1255 1040 edictis
1275 1000 1313 1041 &
1329 1003 1450 1052 poenis
1477 1011 1612 1041 contra
1642 1015 1736 1053 eos,
1767 1004 1832 1055 qui
1866 1001 1886 1041 a
1910 1000 1988 1041 fide
2012 1000 2087 1039 Ca-

266 1058 411 1097 tholica
432 1056 655 1097 deficerent.
715 1057 845 1110 Reges
871 1057 904 1097 F
905 1057 1133 1099 erdinandus
1160 1060 1198 1100 &
1215 1060 1370 1100 Isabella
1393 1073 1589 1112 nunquam
1617 1062 1718 1101 aliud
1738 1063 1948 1115 Religionis
1976 1073 2087 1099 exer-

263 1118 402 1157 citium
421 1113 654 1164 tolerfirunt3
684 1129 762 1169 qua
786 1119 825 1157 in
842 1129 884 1158 re
912 1117 1109 1158 laudabilis
1126 1119 1201 1159 fuit
1221 1119 1430 1161 constantia
1449 1121 1616 1174 Philippi
1635 1120 1680 1162 II.
1706 1122 1863 1172 ejusque
1884 1118 2083 1159 Successo-

266 1189 374 1226 rum‚
405 1177 470 1228 qui
490 1189 687 1228 nunquam
705 1177 834 1217 induci
850 1178 889 1218 se
909 1179 996 1231 passi
1016 1179 1118 1228 sunt,
1150 1189 1193 1219 ut
1223 1180 1271 1219 ad
1301 1180 1593 1234 componendas
1629 1181 1834 1221 seditiones
1860 1181 1897 1219 in
1924 1181 2084 1231 provin-

267 1238 335 1276 ciis
355 1235 539 1289 Belgicis,
569 1237 812 1277 conscientiae
831 1238 1047 1278 libertatem
1069 1239 1353 1289 concederent,
1386 1241 1534 1281 tametsi
1560 1242 1633 1281 hac
1663 1242 1812 1281 ratione
1839 1239 2007 1279 dominia
2024 1240 2085 1278 illa

267 1297 413 1349 integra
435 1297 663 1337 conservare
684 1296 913 1349 potuissent,
944 1297 983 1337 δε
1004 1307 1064 1337 tot
1082 1311 1240 1351 parcere
1265 1300 1500 1351 sumptibus,
1530 1313 1628 1352 quos
1651 1302 1690 1341 in
1714 1301 1856 1340 bellum
1882 1298 2082 1349 impende-

266 1366 309 1397 re
329 1368 429 1408 opus
447 1355 531 1396 fuit.
591 1356 713 1396 Pluris
736 1357 876 1397 scilicet
892 1357 970 1397 Dei
990 1358 1181 1399 honorem
1205 1359 1243 1398 &
1264 1360 1421 1411 gloriam
1444 1359 1694 1409 aestimarunt,
1725 1359 1840 1411 quam
1852 1358 2078 1398 felicitatem

267 1416 371 1456 suam
392 1417 614 1468 propriam,
645 1417 764 1457 secuti
785 1419 1008 1469 exemplum
1036 1417 1139 1469 Jovii
1163 1417 1353 1468 Flaviani,
1384 1421 1447 1472 qui
1470 1418 1556 1459 cum
1581 1420 1628 1459 ab
1667 1420 1840 1459 exercitu
1867 1419 2082 1470 Imperator

267 1477 568 1525 acclamaretur,
596 1476 804 1528 Imperium
831 1487 1033 1528 acceptare
1056 1478 1202 1527 noluit,
1234 1478 1386 1528 dicens,
1411 1478 1664 1519 Christianum
1690 1479 1729 1519 se
1748 1477 1843 1526 esse,
1872 1490 1948 1517 nec
1969 1478 2082 1517 dece-

265 1547 329 1584 re,
360 1544 403 1574 ut
422 1535 635 1587 Imperator
654 1535 698 1575 sit
717 1548 851 1576 eorum
865 1566 878 1585 ‚
909 1538 973 1588 qui
996 1536 1194 1577 Christiani
1211 1550 1289 1578 non
1307 1537 1445 1579 essent:
1475 1551 1549 1591 qua
1566 1541 1604 1579 in
1624 1539 1808 1579 sententia
1826 1540 1877 1577 ita
1896 1536 2081 1588 perstitit,

264 1604 309 1635 ut
336 1594 463 1634 donec
483 1596 621 1634 milites
639 1607 773 1636 omnes
788 1598 1081 1647 promitterent,
1112 1597 1250 1637 Christi
1268 1596 1386 1638 fidem
1412 1598 1450 1638 se
1475 1601 1742 1650 amplexuros,
1764 1597 1960 1637 Coronam
1995 1608 2079 1636 non

264 1653 497 1694 admitteret.
560 1655 794 1706 Quanquam
813 1655 912 1694 hanc
940 1665 1017 1694 tam
1037 1655 1274 1697 constantem
1297 1659 1482 1708 pietatem
1504 1660 1618 1699 etiam
1636 1658 1657 1697 a
1673 1658 1744 1697 suis
1767 1657 1982 1708 Majoribus
2006 1657 2082 1694 hae-

263 1712 430 1753 reditare
447 1715 641 1764 potuerit,
673 1713 762 1753 cum
791 1713 895 1753 idem
926 1714 1018 1754 illud
1047 1714 1098 1755 de
1121 1715 1232 1768 Rege
1257 1717 1545 1767 Recesvintho,
1578 1716 1652 1771 (b)
1681 1716 1901 1757 Concilium
1924 1715 2082 1754 Toleta-

261 1785 356 1814 num
379 1772 484 1812 VIII.
514 1782 720 1818 memoret.
778 1772 836 1812 Ea
861 1774 899 1813 in
929 1785 971 1813 re
987 1774 1130 1827 insigne
1166 1776 1319 1828 pietatis
1343 1778 1565 1828 exemplum
1587 1776 1789 1817 Serenitati
1810 1774 1958 1814 Vestrae
1981 1774 2080 1815 Filio

261 1833 332 1873 suo
356 1833 520 1885 praebuit
548 1833 689 1873 Parens
717 1833 996 1883 gloriosiffimus
1022 1834 1220 1886 Philippus
1252 1835 1326 1880 IV.
1388 1835 1489 1876 Chm
1516 1838 1617 1877 enim
1655 1834 1743 1888 post
1773 1835 1943 1887 suscepta
1973 1837 2081 1887 regni

261 1892 518 1944 gubernacula
548 1893 586 1931 in
608 1892 767 1931 consilio
789 1902 963 1943 ageretur
983 1893 1032 1931 de
1049 1893 1317 1933 continuandis
1343 1907 1431 1934 cum
1447 1895 1602 1936 Batavis
1622 1896 1807 1944 induciis,
1839 1894 1918 1946 quo
1943 1894 2078 1935 Consi-

261 1953 354 1993 liarii
373 1950 527 2002 quidam
545 1951 800 1991 vehementer
821 1951 1140 2002 propendebant,
1171 1950 1194 1991 ὲ
1216 1953 1365 1992 ratione
1388 1952 1504 1992 status
1521 1953 1596 1993 esse
1623 1956 1814 2001 arbitrati,
1842 1967 1893 1994 ne
1914 1964 1979 1993 aut
1999 1955 2080 1993 bel-

261 2014 342 2052 lum
364 2011 566 2063 susciperet
580 2041 592 2060 ,
623 2018 687 2049 aut
711 2010 749 2049 in
770 2011 962 2062 principio
981 2011 1160 2061 susceptae
1181 2012 1467 2064 gubernationis
1485 2014 1688 2064 quicquam
1709 2014 1950 2061 immutaret,
1980 2025 2078 2053 mox

262 2072 341 2112 sese
372 2072 442 2110 illis
472 2071 680 2122 opposuit,
712 2069 899 2109 dicendo:
933 2071 1031 2110 Mile
1054 2067 1093 2121 se
1129 2072 1217 2109 hanc
1248 2074 1372 2110 nomini
1394 2069 1457 2121 fito
1483 2080 1596 2111 notam
1624 2074 1783 2118 inm-ere,
1815 2079 1854 2109 ut
1879 2073 1937 2110 vel
1959 2074 2079 2112 horam

261 2145 365 2172 unam
383 2130 510 2170 Pacem
518 2127 686 2181 st’rvaret
702 2141 775 2168 cum
790 2131 855 2178 iis,
885 2132 946 2183 qm'
964 2130 1041 2170 Deo
1064 2128 1115 2173 ὃ)
1132 2127 1352 2181 Corona’fhce
1369 2130 1502 2170 rebelles
1524 2127 1621 2184 cffi’nt
1633 2144 1647 2178 ‚·
1676 2138 1791 2181 atque
1814 2129 1983 2170 inducias
2010 2144 2077 2171 ru.

260 2193 319 2244 pit
338 2191 453 2230 illico.

415 2253 454 2301 §,
485 2247 650 2300 Propter
673 2247 967 2289 ardentissimum
984 2248 1088 2288 hunc
1105 2250 1231 2290 zelum
1258 2279 1270 2297 ,
1291 2249 1328 2289 δε
1346 2247 1594 2288 constantiam
1622 2250 1661 2288 in
1679 2249 1884 2302 Religione
1906 2249 2076 2289 Catholi-

262 2323 309 2351 ca
340 2304 593 2362 promeruere
623 2309 753 2361 Reges
780 2308 971 2362 Hispaniae
994 2309 1148 2348 titulum
1177 2308 1466 2348 Catholicorurn
1485 2338 1498 2357 ,
1530 2309 1593 2360 qui
1609 2310 1775 2361 primum
1795 2310 1998 2348 Recaredo
2011 2310 2074 2348 da-

260 2378 323 2410 tus
347 2368 449 2415 fuit3
479 2368 536 2406 uti
559 2366 952 2409 christianissimorum
979 2367 1135 2422 (longe
1158 2370 1272 2409 etiam
1293 2366 1381 2408 ante
1404 2367 1518 2420 quam
1547 2369 1719 2422 Regibus
1739 2367 1906 2408 Franciae
1928 2368 1952 2422 >
1989 2369 2073 2423 (c)

260 2431 301 2469 in
316 2428 494 2468 Concilio
514 2425 709 2468 Toletano
725 2429 860 2468 Tertio
874 2457 887 2476 ,
905 2428 943 2468 &
959 2427 1251 2477 Barcinonensi,
1271 2441 1386 2481 quem
1405 2430 1556 2468 titulum
1575 2429 1849 2469 conservarunt
1868 2429 1995 2481 Reges
2016 2429 2072 2469 Si-

260 2489 416 2529 sebutus
439 2518 450 2536 ‚
481 2487 519 2527 &
545 2486 749 2540 Ervigius,
779 2490 871 2528 licet
894 2487 1036 2540 posteri
1066 2501 1202 2529 eorum
1227 2488 1391 2528 eundem
1425 2488 1656 2529 deseruerint
1682 2519 1696 2539 ,
1725 2488 1853 2528 donec
1879 2487 2072 2529 Catholici

258 2550 414 2588 titulum
434 2546 665 2599 assumpserit
683 2548 813 2589 denuo
831 2549 921 2589 Rex
935 2548 1156 2601 Alphonsus
1175 2549 1322 2589 Primus
1336 2580 1348 2598 ,
1376 2558 1419 2588 ut
1436 2549 1511 2589 sese
1529 2551 1576 2591 ab
1603 2548 1806 2590 Haereticis
1827 2548 1866 2589 δι
1885 2546 2071 2589 Schisma-

258 2610 345 2649 ticis
373 2608 600 2651 secerneret.

413 2667 448 2719 §.
479 2667 559 2708 Etsi
574 2666 671 2709 vero
696 2668 744 2708 ad
764 2669 916 2720 Regum
944 2668 1111 2708 officium
1143 2667 1313 2720 speftat,
1344 2670 1441 2708 tueri
1461 2671 1499 2708 in
1521 2670 1644 2722 regnis
1670 2667 1742 2709 suis
1761 2668 2070 2720 Religionem‚&

259 2739 398 2769 verum
424 2727 503 2767 Dei
523 2729 668 2769 cultum
689 2740 928 2781 promovere
948 2759 961 2778 ,
991 2739 1171 2780 tanquam
1198 2733 1263 2782 qui
1287 2728 1429 2769 Vicarii
1450 2731 1529 2781 ejus
1551 2729 1677 2769 sintin
1703 2729 2001 2782 temporalibus,
2024 2737 2069 2768 ut

257 2788 577 2840 gubernationem
603 2788 651 2829 ad
678 2790 862 2841 majorem
880 2788 996 2840 ipsius
1026 2787 1206 2843 gloriam,
1234 2789 1271 2829 &
1292 2788 1528 2830 subditorum
1549 2787 1852 2831 incolumitatem
1872 2787 2064 2840 dirigant,-

257 2847 352 2887 illud
369 2857 497 2888 tamen
515 2847 631 2887 sciant
656 2859 839 2902 oportet,
869 2861 951 2889 non
976 2847 1086 2901 poss‘e
1112 2848 1190 2889 sese
1223 2848 1272 2889 de
1290 2848 1395 2889 cultu
1416 2850 1454 2891 &
1473 2850 1744 2890 controversiis
1761 2848 1970 2900 Religionis
1999 2847 2065 2888 de-

259 2904 390 2946 cidere
412 2921 420 2946 :
450 2908 532 2948 haec
547 2909 649 2948 enim
670 2922 760 2949 cura
785 2909 832 2949 ad
854 2908 982 2961 Caput
1003 2907 1185 2949 Ecclefiae
1201 2907 1403 2961 Spirituale
1431 2910 1575 2951 ditetff‘te
1595 2913 1781 2964 pertinet,
1806 2910 1866 2947 cui
1884 2908 1951 2948 soli
1963 2909 2065 2948 hane

258 2964 492 3020 potestatem
511 2970 690 3009 concessit
713 2968 885 3010 Christus
907 2983 916 3009 ε
947 2969 1118 3023 Regibus
1138 2968 1216 3009 sola
1239 2972 1420 3011 executio
1439 3002 1452 3022 ,
1482 2970 1654 3012 custodia
1668 3001 1681 3022 ,
1706 2970 1742 3009 δι
1765 2967 1939 3009 defensio
1956 2980 2064 3008 com·
2118 3006 2120 3011 ,

1947 3038 2064 3068 nntti-

357 3108 414 3154 (a)
443 3108 608 3144 Omnium
614 3110 770 3160 primum
785 3136 793 3149 ,
818 3123 893 3147 rem
915 3109 968 3146 ad
991 3108 1256 3147 multitudinem
1280 3113 1484 3163 imperitam
1506 3108 1765 3161 efficact‘ffi'mam
1784 3136 1793 3149 ,
1822 3114 1974 3146 Deorum
1993 3123 2062 3147 me-

259 3168 338 3195 tum
362 3158 587 3206 injiciendum
609 3170 724 3196 ratus.
748 3161 829 3201 Liv,
882 3164 948 3210 (b)
966 3159 1016 3198 Ob
1031 3159 1090 3198 hoc
1110 3164 1213 3214 regni
1217 3160 1277 3209 fici
1296 3165 1427 3216 apicem
1443 3163 1469 3200 d
1483 3168 1553 3199 Deo
1563 3160 1714 3208 so'lidari
1721 3159 1991 3213 praeoptaret‚fi
1999 3168 2061 3198 Ca<

258 3208 386 3248 tholicae
393 3210 484 3261 fidei
491 3213 714 3264 pereuntium
729 3223 869 3251 turmas
887 3215 1098 3267 acquireret,
1124 3213 1310 3268 indignum
1324 3227 1491 3270 reputans
1510 3212 1781 3264 Catholicaefidci
1802 3216 1993 3265 Principc’m
1999 3213 2061 3259 sti·

257 3263 398 3351 crilggir
427 3266 611 3316 imperare.
639 3265 756 3302 Cone.
780 3266 899 3304 Tolet.
915 3268 1013 3303 VIII.
1043 3278 1074 3308 c.
1102 3278 1158 3310 11,
1210 3272 1268 3315 (c)
1294 3269 1411 3308 Cone.
1431 3269 1551 3306 Tolet.
1575 3269 1617 3304 Il·
1642 3267 1744 3315 Joan·
1761 3267 1848 3304 Biel-
1866 3266 1905 3304 in
1919 3266 2058 3304 Chron-

257 3317 317 3354 Ro
346 3328 394 3351 er.
413 3317 495 3353 Tol.
519 3318 542 3353 1.
561 3331 596 3354 2.
