2132 3730
275 253 365 303 248
715 238 1089 294 >DJDACI
1137 240 1676 288 SAAVEDRAE

276 329 444 383 denique
462 319 567 369 metu
587 324 774 376 ejusmodi
807 325 1068 379 catalogorum
1093 326 1373 367 incrementum
1401 337 1582 381 caperet,
1610 328 1649 368 δε
1679 331 1774 370 vitia
1806 329 2081 371 decrescerent.

274 388 369 430 Nec
393 389 506 428 uliam
532 383 800 425 confusionem
816 387 964 437 parient
986 385 1194 425 summariae
1210 387 1282 426 illae
1298 388 1504 429 relationes
1518 388 1726 440 praesertim
1753 388 1782 430 fi
1799 391 1879 431 aliae
1895 388 1987 429 fiant
2004 402 2084 429 ma·
2130 417 2132 422 -

275 462 328 489 nu
360 449 553 500 ipsiusmet
585 444 768 496 Principis
787 474 800 494 ‚
831 447 910 485 aliae
939 457 1010 497 per
1032 443 1254 496 Ministros,
1284 448 1349 498 qui
1376 448 1600 501 principalia
1628 448 1777 489 obeunt
1800 450 1987 490 munera?
2016 458 2084 489 aut
2128 462 2132 492 ε

274 506 392 548 Viros
417 506 510 545 alios
537 505 811 557 intelligentes,
843 506 980 557 quibus
1014 514 1100 545 tuto
1115 504 1219 544 credi
1240 505 1389 557 potest,
1421 507 1528 559 quod
1554 507 1700 548 sincere
1728 509 1767 548 &
1796 508 1972 549 accurate
2001 510 2082 548 illas
2128 498 2132 587 1

272 567 408 608 facturi
426 565 510 605 fint.
569 565 702 618 Quare
716 564 765 614 fi,
797 576 840 605 ut
867 566 1006 605 Cicero
1025 565 1141 614 dixit,
1172 563 1246 619 (a)
1276 565 1436 606 Senatom·
1472 565 1684 620 neccffizrium
1711 566 1759 622 cst
1784 567 1867 623 mffi
1889 568 2084 621 Rempubli-
2126 589 2132 622 i

270 639 364 675 cam,
393 623 482 679 quid
495 624 619 664 habeat
632 626 774 666 militum
785 656 798 675 ,
828 625 914 678 quid
932 625 1052 666 valeat
1068 627 1215 674 (erario,
1245 637 1329 678 quos
1351 623 1455 678 fficios
1474 623 1532 666 illa
1544 627 1688 677 habeat,
1717 623 1801 682 quos
1825 631 1968 679 amicos,
1997 642 2082 682 quos
2128 635 2132 673 1

258 684 525 741 stzpendiarios,
555 683 626 738 qud
646 687 790 740 quisque
802 686 855 739 fit
881 686 973 738 Iege,
1002 684 1183 726 conditimze
1194 716 1208 735 ‚
1226 682 1364 736 foedere
1379 715 1392 735 ‚
1420 684 1500 730 &a
1574 684 1773 736 Senatori,
1801 689 1954 740 inquam
1970 718 1984 736 ‚
2016 688 2084 738 qui
2128 689 2132 730 Ι

266 756 349 786 non
377 744 447 784 nisi
471 746 608 798 exigua
632 745 917 798 gubernationis
939 757 1027 797 pars
1042 744 1120 795 est,
1152 744 1298 796 quanto
1331 746 1448 797 magis
1475 744 1543 785 ista
1569 744 1773 786 neceffaria
1807 757 1919 787 erunt
1944 747 2084 787 Princi·
2120 755 2127 763 ¹·

268 806 332 858 pi,
357 804 465 856 cujus
481 803 536 845 est
557 804 604 844 ad
629 805 839 846 universale
856 807 1003 847 bonum
1029 805 1258 846 attendere?
1288 802 1327 844 δι
1359 804 1389 844 fi
1413 804 1611 858 Philippus
1640 804 1888 846 Macedoniae
1911 806 2000 846 Rex
2024 806 2084 846 bis
2118 833 2119 837 ,

268 863 445 916 quotidie
463 865 615 918 praelegi
631 865 698 905 fibi
716 864 838 905 voluit
852 895 865 915 ,
896 867 1075 906 articulos
1091 865 1243 906 foederis
1262 876 1352 904 cum
1375 864 1560 905 Romanis
1584 867 1690 915 initi3
1719 878 1787 906 cur
1816 864 2084 918 dedignabitur

266 923 451 976 Princeps
465 926 504 965 in
527 936 606 964 uno
631 926 759 976 aliquo
783 924 883 965 libro
897 927 1082 977 inlpicere
1098 935 1223 966 totum
1243 926 1393 976 imperii
1426 924 1480 964 sui
1507 925 1873 977 corpussedattum
1906 927 1946 966 in
1975 937 2082 966 corn-
2118 927 2121 934 ²

263 984 470 1037 pendium,
500 983 804 1035 contemplando
828 986 1006 1026 nimirum
1041 987 1078 1026 in
1113 983 1201 1035 illo,
1232 984 1343 1026 velut
1372 985 1413 1027 in
1443 984 1573 1027 tabula
1604 985 1770 1038 quadam
1804 986 2082 1042 geographica,
2118 1023 2120 1027 ,

265 1055 404 1085 ornnes
419 1055 464 1084 ac
487 1043 647 1098 fingulas
663 1053 794 1099 partes
813 1046 951 1098 quibus
970 1045 1065 1086 illud
1088 1045 1267 1087 constat?

599 1217 1403 1288 SYMBOLUM
1484 1218 1749 1288 LVIII.

338 2701 341 2704 ‘
385 2689 592 2744 Praecipuis
609 2689 790 2744 regnandi
809 2687 1064 2733 instrumentis
1083 2691 1239 2739 honor,
1268 2688 1336 2741 qui
1355 2688 1424 2730 nist
1439 2689 1487 2730 ab
1508 2687 1671 2731 honesto
1697 2687 1790 2730 ess'et
1810 2687 1849 2730 <Sc
1875 2688 2067 2738 laudabssi,
2098 2687 2100 2714 ³
2130 2705 2132 2721 1

402 2753 603 2792 inventum
633 2752 836 2804 politicum
868 2751 1080 2792 crederem.
1169 2749 1469 2792 Firmamentum
1494 2749 1745 2803 Imperiorum
1780 2748 1847 2789 est.
1935 2749 2099 2799 hemo

401 2812 600 2863 quisquam
630 2812 776 2863 absque
796 2823 847 2851 eo
879 2811 916 2851 se
933 2811 1075 2864 suaque
1097 2810 1163 2852 diu
1182 2809 1410 2852 conservare
1431 2811 1589 2864 poterit.
1650 2810 1691 2851 Si
1712 2811 1743 2850 is
1760 2807 1906 2852 deesset
1930 2808 2070 2848 Princi-
2097 2824 2098 2828 ¹
2122 2802 2126 2810 ’

259 2866 303 2921 pi
327 2895 342 2915 ‚
370 2869 556 2911 deficeret
575 2873 761 2912 virtutum
788 2871 959 2912 custodia
981 2901 994 2920 ,
1023 2871 1136 2912 famae
1162 2869 1360 2920 stimulus,
1389 2871 1429 2912 δι
1457 2871 1655 2912 vinculum
1670 2900 1685 2920 ‚
1712 2882 1792 2922 quo
1811 2879 1979 2908 amorem
2001 2879 2072 2907 ve-
2096 2870 2097 2914 j

261 2931 582 2982 nerationemque
596 2932 666 2972 sibi
695 2933 874 2972 conciliat
898 2943 910 2972 ι
941 2931 1015 2986 (b)
1048 2932 1134 2973 Wlle
1151 2932 1304 2984 pecuniis
1326 2931 1481 2972 excellere
1503 2962 1517 2981 ,
1545 2933 1762 2984 tyranmrum
1782 2926 1829 2980 est
1847 2958 1860 2976 ,
1888 2927 2070 2968 honoribus

260 2999 350 3037 vero
369 3021 384 3041 ,
409 2991 515 3043 magis
539 2994 682 3043 regium.
741 2990 835 3032 Nec
851 2993 976 3033 minus
995 2991 1152 3032 subditis
1166 2991 1293 3031 honor
1312 2993 1412 3032 utilis
1432 2989 1489 3032 est
1504 3021 1518 3040 ,
1542 2987 1658 3043 quam
1681 2989 1750 3042 ipsi
1777 2988 1962 3040 Principi‚
1978 2999 2068 3027 nam
2093 2991 2096 3041 l
2118 2994 2132 3023 cc

260 3049 343 3091 fine
366 3061 417 3091 eo
432 3051 544 3090 nullae
552 3050 764 3091 sufficerent
777 3053 882 3105 leges
899 3052 947 3092 ad
964 3051 1223 3093 coercendum
1231 3050 1444 3104 populum,
1458 3049 1545 3091 cum
1559 3051 1732 3103 plerique
1741 3049 1952 3101 comparati
1964 3046 2016 3086 fic
2025 3046 2071 3086 fi·
2092 3046 2095 3077 s

261 3121 351 3151 mus
365 3139 381 3161 ,
408 3119 453 3150 ut
466 3121 546 3152 non
568 3109 695 3151 miniis
717 3110 882 3154 infamiae
900 3121 1054 3162 metus,
1083 3124 1128 3151 ac
1142 3123 1266 3165 poenae
1289 3124 1362 3152 nos
1385 3113 1424 3152 in
1442 3111 1572 3152 officio
1593 3111 1796 3151 contineat.
1860 3106 1967 3148 Mox
1982 3118 2069 3146 rue-
2092 3129 2094 3152 3

2005 3175 2066 3206 ret
2091 3175 2093 3205 j
2127 3181 2132 3192 ·

361 3302 421 3351 (²)
446 3302 594 3344 Cleero·
647 3306 711 3356 (b)
735 3305 841 3347 Arist.
863 3307 888 3345 1.
907 3319 941 3355 5.
963 3307 1042 3346 Pol.
1058 3320 1136 3358 cap.
1164 3319 1223 3345 10.
