2132 3730
293 225 372 264 172
742 200 1090 248 DIDACI
1142 201 1674 247 SAAVEDRAE.

306 266 1051 281 M

286 296 326 334 <St
355 293 558 346 propositis
576 290 711 335 animi,
743 287 884 326 artibus
903 284 976 323 sese
999 286 1174 324 muniunt
1197 287 1257 324 alii
1273 294 1406 326 contra
1425 288 1539 335 alios,
1570 290 1786 340 vivuntque
1800 294 1933 328 omnes
1949 289 1997 326 in*
2013 286 2084 327 dif-

287 354 454 394 fidentjss
477 348 671 402 perpetuis
691 376 702 393 ‚
733 345 770 384 &
795 345 1065 395 suspicionibus
1084 374 1097 392 ,
1124 345 1162 383 in
1185 346 1322 394 quibus
1335 347 1398 397 qui
1421 344 1586 386 maxime
1608 348 1820 398 ingeniosus
1840 345 1916 396 est,
1934 347 1965 386 is
1980 345 2001 386 ὲ
2017 358 2086 387 ve-

288 414 406 452 ritatis
422 412 539 459 scopo
561 408 709 445 aberrat
729 404 901 458 longius:
931 416 1017 443 nam
1036 404 1173 456 ingenii
1196 404 1247 442 sui
1268 407 1440 445 acumine
1457 405 1626 445 intimius
1641 416 1844 457 penetrat,
1875 418 1961 459 quae
1980 414 2088 446 com-

287 473 450 512 muniter
470 466 664 506 versantur
683 465 721 504 in
736 467 864 504 animo
880 492 893 511 ,
929 463 967 502 &
982 464 1208 515 plerumque
1227 472 1404 515 tanquam
1424 467 1664 516 exploratum
1688 466 1872 506 habemus
1901 467 1944 506 in
1969 465 2048 504 aliis
2072 494 2088 514 ,

290 529 393 581 quod
413 530 451 567 in
464 527 576 566 nobis
594 536 673 564 non
690 523 764 573 est,
792 524 860 564 nifi
883 524 1156 574 imaginationis
1187 522 1380 574 deceptio.
1439 525 1495 563 lta
1517 526 1709 576 naviganti
1731 534 1883 565 currere
1905 523 2088 564 videntur

288 588 431 639 scopuli
452 616 465 635 ,
494 586 626 637 &ipse
646 586 795 624 interim
819 582 873 622 est
887 584 950 634 qui
975 592 1166 622 movetur.
1230 580 1386 621 Umbrae
1417 585 1572 622 rationis
1600 581 1728 623 Status
1758 580 1920 635 majores
1936 582 2011 624 ess’e
2028 581 2090 622 so-

288 651 366 687 lent
382 646 463 697 ipso
484 656 649 697 corpore
666 674 677 692 ,
709 643 746 683 &
767 644 843 682 hoc
861 643 1058 694 negligitur
1078 640 1287 689 interdum,
1320 641 1452 681 contr&
1468 643 1564 684 vero
1586 652 1786 694 captantur
1803 642 1875 683 illae
1892 657 1902 682 ε
1934 655 2012 695 quo
2030 642 2092 692 fit,

288 716 331 746 ut
356 703 485 746 delusa
508 706 667 746 inaniter
693 703 987 755 imaginatione,
1021 701 1161 752 majora
1189 701 1387 741 nascantur
1405 701 1542 742 damna
1569 713 1618 742 ex
1644 699 1814 755 suscepta
1834 702 2090 751 defensione,

288 766 403 816 quem
419 764 567 806 adferre
595 761 777 816 potuiss'et
792 762 831 802 id
847 792 860 811 ‚
891 761 997 813 quod
1023 762 1239 805 timebatur.
1300 760 1467 813 Quoties
1491 774 1539 802 ex
1559 763 1660 802 inani
1673 762 1885 814 suspicione
1902 759 2089 813 Princeps

288 825 420 877 aliquis
441 838 542 865 arma
558 824 668 864 sumit
692 821 869 862 adversus
886 833 997 869 eum,
1027 823 1088 861 cui
1107 832 1299 872 nunquam
1320 822 1357 860 in
1374 830 1542 861 mentem
1563 823 1672 862 venit
1686 821 1887 862 offendere
1910 849 1924 870 ,
1955 819 2090 860 &cor-

288 888 406 937 reptis
420 887 611 935 utrimque
637 884 746 922 armis
765 911 779 931 ,
807 883 938 933 ingens
965 879 1054 921 belli
1081 883 1267 921 excitatur
1289 880 1507 920 incendium
1521 911 1534 928 ,
1564 894 1648 933 quae
1667 882 1772 934 prius
1797 911 1810 931 ‚
1840 893 1922 921 non
1943 879 2011 920 nist
2033 882 2089 920 le·

288 947 347 984 vis
367 946 407 985 &
433 943 531 983 male
544 941 702 982 fundata
719 941 843 980 fuerat
870 940 1057 991 suspicio:
1088 943 1131 981 iis
1154 941 1255 980 idem
1276 941 1413 981 accidit
1431 969 1445 989 ,
1475 940 1581 991 quod
1605 943 1768 981 navibus
1797 939 1896 980 male
1918 938 2092 986 consti-u«

288 1004 359 1044 ctis
378 1037 390 1057 ,
415 1015 499 1055 quae
518 1002 597 1054 quo
619 1002 735 1054 magis
749 1012 853 1041 nunc
875 1003 912 1040 in
937 1000 1014 1040 hoc
1030 1030 1043 1051 ‚
1074 1013 1177 1041 nunc
1195 1003 1232 1040 in
1258 1001 1348 1041 illud
1371 1000 1712 1040 incumbunt-latus
1735 1029 1748 1049 ,
1776 999 1826 1040 eo
1847 998 1958 1039 citius
1977 995 2089 1051 pere-

289 1075 369 1104 unt.
430 1061 528 1103 Non
546 1062 725 1114 improbo
747 1061 990 1101 diffidentiam
1013 1090 1025 1110 ‚
1047 1061 1209 1113 quando
1231 1060 1252 1100 ὲ
1270 1061 1473 1113 prudentia
1492 1062 1611 1100 oritur
1625 1057 1651 1109 <
1660 1068 1703 1099 ut
1729 1059 1816 1099 alibi
1838 1059 2029 1113 diximus)
2043 1059 2088 1098 il-

287 1123 356 1163 lud
378 1121 497 1164 solnm
516 1121 758 1175 reprehendo
771 1152 785 1172 ,
814 1120 920 1174 quod
937 1120 1039 1161 bona
1058 1121 1153 1161 fides
1174 1121 1320 1173 semper
1329 1121 1424 1161 defit
1442 1120 1520 1161 fine
1539 1134 1613 1172 qua
1633 1131 1706 1160 nec
1722 1120 1884 1159 amicitia
1901 1147 1915 1168 ‚
1943 1118 2089 1158 necul·

288 1184 324 1224 la
346 1183 453 1225 firma
469 1184 628 1224 societas
645 1213 658 1232 ,
685 1194 759 1224 nec
774 1181 928 1235 pactum
948 1180 1118 1222 securum
1136 1181 1211 1221 effe
1231 1180 1372 1234 potest.
1429 1181 1495 1234 Jus
1517 1183 1686 1235 gentium
1711 1180 1789 1221 fine
1814 1179 1956 1219 robore
1978 1179 2049 1217 erit
2069 1205 2088 1226 ,

288 1244 328 1284 &
351 1245 480 1285 omnia
494 1244 691 1286 fraudibus
707 1274 720 1294 ,
750 1241 1120 1295 deceptionibusque
1150 1243 1333 1287 obnoxia.
1413 1240 1512 1284 Non
1538 1243 1666 1282 omnia
1691 1252 1741 1282 ex
1762 1239 1906 1281 finisti-o
1927 1241 2090 1290 aguntur*

288 1305 506 1358 proposito·
593 1303 792 1346 Maximus
814 1304 928 1345 etiam
954 1310 1134 1352 tyrannus
1159 1302 1465 1346 fines=honestos
1500 1298 1691 1346 interdum
1720 1301 1790 1343 sibi
1811 1299 1990 1358 praefixos
2018 1298 2087 1339 ha-

288 1364 373 1405 bet.

643 1538 1428 1612 SYMBOLUM
1508 1486 1726 1610 XLIV.

291 3024 549 3167 Dtlbius
574 3027 613 3070 &
636 3040 777 3085 anceps
804 3031 860 3075 est
880 3035 1061 3090 serpentis
1079 3042 1228 3083 motus,
1255 3044 1359 3076 nunc
1375 3033 1474 3086 huc,
1508 3045 1613 3077 nune
1633 3033 1722 3075 illue
1741 3027 1898 3074 sinuosis
1912 3026 2079 3072 flexibus
2126 3060 2127 3064 ,

451 3100 501 3130 ita
521 3092 558 3130 in
584 3091 769 3132 incertum
784 3094 821 3134 se
839 3098 1030 3148 gyrantis‚
1055 3104 1098 3135 ut
1111 3095 1230 3146 ipsum
1253 3097 1364 3136 etiam
1383 3095 1480 3136 illius
1498 3098 1646 3149 ignoret
1672 3104 1812 3147 corpus
1827 3122 1840 3142 ,
1869 3103 1944 3144 qua
1959 3095 2078 3142 caput

452 3149 590 3191 sursum
613 3152 787 3193 attollere
809 3153 958 3197 debeat..
1018 3156 1060 3197 In
1084 3155 1181 3195 hauc
1203 3166 1348 3207 partem
1370 3156 1528 3197 tendere
1552 3154 1726 3195 crederes
1749 3183 1762 3203 ‚
1794 3152 1831 3193 δι
1855 3151 2083 3200 subito-Umo-

293 3217 407 3252 Vetffl'
429 3211 471 3252 in
496 3210 713 3265 OPPOsltam
735 3241 750 3263 ³
794 3224 838 3254 ut
871 3228 944 3258 nec
971 3217 1046 3258 ulla
1069 3213 1240 3271 paffuum
1258 3214 1617 3276 supersintyestigia
1635 3225 1709 3257 nec
1724 3213 1808 3257 seiri
1832 3213 1973 3271 poffit,
2001 3218 2083 3278 quo

1919 3308 1926 3315 .
1986 3278 2080 3316 vitet,
