2132 3730
295 251 379 297 192
724 229 1070 274 DIDACI
1124 227 1658 273 SAAVEDRAE

291 323 332 363 δε
355 322 560 362 observent
583 319 622 356 in
651 313 963 355 Antecefforibus
987 314 1058 353 suis
1075 314 1230 365 aliisque
1248 314 1404 355 artificia
1425 312 1492 354 ista
1508 313 1546 354 &
1561 313 1715 355 fraudes
1731 344 1745 365 ‚
1777 315 1915 367 quibus
1932 314 2095 356 circum-

291 384 402 423 venti
418 380 572 421 fuerunt
592 376 638 414 ab
654 374 913 416 adulatoribus
929 403 943 424 ‚
972 373 1109 414 damna
1133 402 1146 422 ,
1176 385 1259 425 quae
1281 375 1522 414 incurrerunt
1541 403 1554 423 ‚
1585 374 1624 415 δι
1648 374 1889 417 confiderent
1914 372 2055 414 deinde
2080 403 2098 425 ,

293 454 386 483 num
403 437 543 478 eodem
563 434 685 474 modo
704 435 831 475 secum
848 445 1006 487 quoque
1020 445 1122 473 nunc
1147 443 1288 487 agatur.
1350 434 1478 475 Unica
1494 433 1571 474 sola
1591 435 1701 484 vice,
1714 433 1803 475 cum
1813 433 1992 475 Assuerus
2008 433 2098 475 Rex

290 500 446 543 noctem
468 494 649 536 insomnis
665 494 913 545 traduceret,
939 495 1168 546 juberetque
1196 495 1348 534 annales
1366 495 1524 534 suorum
1553 504 1776 549 temporum
1812 494 1882 536 fibi
1912 492 2097 547 praelegi,

291 570 385 601 mox
405 557 457 596 illi
484 564 745 608 aperuerunt,
777 555 884 607 quod
918 566 1035 595 nemo
1058 556 1216 594 aliorum
1244 552 1371 594 fuiffet
1400 554 1508 594 ausus
1531 582 1545 602 ‚
1573 555 1840 607 intellexitque
1872 555 2031 595 technas
2059 552 2100 595 Gt

291 615 511 669 tyrannides
529 616 640 656 amici
656 614 710 655 sui
735 616 874 656 Amani
895 646 908 665 ‚
936 613 1009 669 (a)
1030 625 1144 667 quem
1162 611 1276 653 unice
1296 611 1445 654 ferebat
1469 617 1507 654 in
1524 616 1646 655 oculis
1661 646 1673 664 ,
1704 615 1742 655 ἃ
1761 612 1924 667 praestita
1945 612 1967 654 ἐι
1991 612 2102 653 Mar-

289 678 455 720 dochaeo
472 675 663 716 fidelitatis
693 675 875 727 obsequia
894 684 910 727 3
941 677 1019 714 illas
1035 675 1191 726 quidem
1209 685 1280 726 per
1300 673 1558 714 adulationem
1576 673 1762 715 haetenus
1780 673 2101 715 occultatasshaec

288 737 387 779 vero
404 749 476 791 per
508 736 688 776 malitiam
704 735 825 788 preffa
846 734 994 775 silentio
1015 748 1024 773 ε
1054 745 1146 775 tunc
1171 745 1299 773 autem
1322 745 1364 773 re
1379 744 1579 786 comperta
1597 746 1717 776 unum
1737 732 1924 787 supplicio
1935 733 2034 786 juffit
2046 730 2102 773 af-

287 797 374 848 fici,
404 799 565 838 alterum
589 797 763 848 proemio.
825 796 1008 836 Attamen
1028 797 1067 836 in
1093 796 1166 835 hac
1189 795 1266 847 ipsa
1285 795 1400 834 etiam
1416 792 1584 835 lectione
1608 795 1809 836 attendant
1834 801 2021 847 oportet,
2050 802 2102 833 ne

286 858 369 900 fors
387 858 555 899 adulatio
575 857 718 896 larvam
737 855 869 895 induat
887 867 900 903 ς
929 856 1057 908 legant
1080 854 1232 908 ipsimet
1249 852 1446 894 historias:
1476 852 1559 893 fieri
1581 857 1683 896 enim
1701 853 1828 909 poss'et
1844 884 1858 905 ,
1887 862 1932 894 ut
1950 853 1979 893 fi
2000 853 2104 905 lege-

287 929 348 960 ret
371 920 491 967 alius,
522 916 632 956 silens
644 917 854 968 praeteriret
870 927 939 956 eos
960 915 1065 956 casus
1084 945 1097 965 ,
1129 915 1194 967 qui
1211 914 1361 954 erudire
1386 912 1577 954 deberent
1593 914 1808 969 Principem
1825 944 1839 964 ‚
1867 923 1933 954 aut
1956 912 2102 953 clausu·

286 980 341 1020 las
366 977 544 1032 quasdam
566 975 603 1015 &
622 975 740 1015 verba
757 976 988 1015 immutaret.
1045 974 1084 1015 O
1102 973 1297 1015 infelicem
1319 972 1532 1025 Majestatis
1562 974 1702 1016 sortem
1727 1005 1740 1024 ,
1765 986 1849 1026 quae
1873 985 1947 1015 nec
1971 973 2103 1014 secura

286 1038 363 1079 ess'e
391 1035 521 1091 potest
539 1034 590 1076 de
606 1037 770 1076 veritate
789 1035 975 1076 librorum
993 1065 1005 1085 ,
1036 1037 1102 1087 qui
1125 1044 1256 1076 tamen
1288 1035 1401 1074 amici
1428 1034 1631 1075 hominum
1660 1034 1830 1075 habendi
1860 1034 1946 1075 sunt
1962 1032 2104 1085 fideliss

285 1098 381 1144 fimi.
807 1098 808 1101 ’

439 1155 475 1208 §.
504 1153 586 1207 Jam
616 1153 708 1194 illud
724 1155 839 1195 etiarn
864 1163 972 1194 curet
989 1153 1183 1206 Princeps,
1202 1162 1246 1193 ut
1261 1151 1291 1193 si
1311 1153 1377 1205 qui
1397 1162 1534 1194 contra
1556 1162 1646 1193 eum
1666 1152 1784 1194 libelli
1801 1151 1961 1194 infames
1980 1150 2103 1192 edun-

285 1226 348 1258 tur
366 1217 404 1256 in
432 1218 559 1256 lucem
578 1244 591 1265 ,
622 1213 670 1254 ad
687 1215 768 1255 suas
788 1226 921 1254 manus
941 1215 1169 1267 perveniant
1189 1227 1199 1252 ε
1229 1213 1298 1253 etfi
1321 1215 1422 1253 enim
1442 1215 1528 1254 illos
1558 1212 1678 1254 dictet
1699 1215 1840 1254 malitia
1857 1243 1870 1264 ,
1899 1214 2105 1254 veritatem

289 1286 418 1318 tamen
444 1276 611 1316 scribunt
631 1304 645 1324 ,
677 1274 715 1315 &
735 1276 902 1327 reperiet
926 1275 963 1315 in
992 1275 1036 1314 iis
1052 1303 1064 1322 ‚
1094 1286 1179 1325 quae
1198 1274 1308 1313 aulici
1325 1273 1448 1313 solent
1467 1273 1617 1313 silentio
1642 1285 1819 1325 premere
1837 1303 1851 1323 ,
1882 1273 2105 1323 evadetque

286 1335 515 1390 prudentior
531 1333 593 1376 sua
610 1331 768 1387 propria
787 1332 954 1374 infamia.
1017 1333 1167 1373 Videns
1196 1333 1401 1385 aliquando
1417 1332 1597 1372 Tiberius
1612 1362 1624 1381 ‚
1655 1333 1769 1384 quam
1790 1335 1827 1373 in
1847 1345 1897 1373 eo
1914 1332 2029 1372 fuerit
2038 1331 2107 1371 de-

285 1406 425 1449 ceptus
452 1427 464 1445 ‚
495 1395 603 1447 quod
622 1394 747 1446 Sejani
763 1395 941 1433 malitiam
959 1405 1046 1433 cum
1071 1397 1257 1445 tempore·
1267 1402 1468 1444 penetrare
1483 1404 1563 1431 non
1585 1394 1778 1443 potuerit,
1807 1391 1879 1447 (b)
1896 1392 2107 1448 quaeabhae·

285 1455 425 1496 redibas
448 1455 614 1495 occultata
630 1484 642 1503 ,
672 1452 829 1506 publice
848 1454 990 1494 recitari
998 1452 1098 1508 juffit
1123 1464 1134 1491 :
1154 1453 1362 1504 patientiam
1382 1451 1554 1492 libertatis
1581 1452 1698 1492 alienae
1713 1452 1885 1507 ostentans
1908 1483 1922 1502 ,
1951 1451 2004 1497 &⁹
2029 1465 2108 1491 con·

285 1512 509 1567 tenptorfitae
527 1513 696 1566 irffamiffi
719 1525 799 1554 nam
804 1510 966 1564 scelerum
981 1512 1100 1566 &jani
1122 1510 1182 1551 diu
1201 1509 1324 1562 nescius
1337 1540 1350 1560 ,
1373 1524 1448 1551 mox
1472 1509 1696 1564 quoquomodo
1715 1512 1810 1552 diota
1833 1511 1978 1564 vulgari
2001 1510 2106 1551 male-

282 1574 347 1616 bat
360 1605 374 1625 ‚
404 1577 639 1627 veritatisque
663 1604 676 1622 ,
706 1575 760 1612 cm·
781 1571 935 1612 adulatio
962 1571 1063 1624 officit
1077 1580 1147 1623 per
1153 1571 1290 1623 probra
1304 1565 1425 1621 saltem
1443 1580 1581 1622 gnarus
1587 1567 1680 1620 fieri.

437 1632 473 1684 §.
508 1632 608 1672 Non
635 1632 785 1683 semper
805 1629 976 1670 actiones
996 1630 1077 1669 suas
1102 1631 1388 1681 contempletur
1406 1629 1588 1682 Princeps
1603 1630 1800 1683 inspeculo
1821 1641 1979 1678 eorum,
2004 1637 2108 1680 quos

284 1693 387 1732 circa
412 1691 450 1731 se
468 1691 608 1738 habet;
633 1692 726 1730 alios
749 1698 954 1730 extraneos
971 1687 1101 1741 potius
1126 1689 1297 1728 consulat
1319 1690 1424 1728 viros
1449 1689 1598 1730 zelosos
1618 1691 1656 1730 &
1673 1691 1842 1740 severos,
1857 1689 1896 1730 δε
1917 1687 2107 1737 attendat,

285 1763 377 1793 num
405 1763 481 1791 una
504 1750 720 1802 eademque
738 1749 914 1790 omnium
935 1748 980 1788 sit
1008 1749 1213 1801 aprobatio
1237 1762 1246 1788 :
1276 1760 1363 1788 nam
1389 1746 1646 1790 assentationis
1671 1750 1824 1801 specula
1846 1751 1899 1791 ob
1925 1747 2107 1789 varias&

285 1809 546 1853 inconstantes
564 1809 709 1850 formas
728 1820 924 1861 nunquam
942 1808 1088 1861 species
1106 1808 1276 1849 offerunt
1306 1808 1428 1849 oculis
1448 1837 1461 1858 ,
1492 1811 1622 1861 quales
1638 1810 1726 1863 ipsae
1752 1812 1838 1852 sunt
1871 1811 1911 1851 in
1932 1810 1970 1850 se
1989 1837 2003 1860 ,
2038 1806 2105 1849 led

287 1872 419 1923 quales
442 1869 519 1911 effe
532 1878 686 1922 optaret
704 1869 911 1920 Princeps:
942 1868 980 1908 &
996 1868 1065 1921 (c)
1081 1869 1197 1909 melius
1215 1867 1262 1922 est
1285 1871 1309 1908 ὰ
1323 1865 1474 1920 sapiente
1496 1873 1610 1922 corrpi
1629 1900 1642 1920 ,
1671 1871 1774 1926 quam
1782 1869 1971 1925 stultorum
1983 1867 2109 1909 adula-

284 1934 373 1971 tione
400 1929 516 1982 decipi.
577 1928 640 1968 Ad
659 1940 749 1969 eum
772 1927 888 1967 finem
906 1927 1154 1968 necessarium
1186 1927 1241 1966 cst
1257 1957 1270 1975 ,
1302 1937 1344 1965 ut
1359 1940 1463 1966 nunc
1482 1928 1556 1967 hos
1581 1958 1595 1977 ,
1625 1942 1729 1970 nunc
1749 1932 1834 1970 illos
1861 1932 2072 1981 interroget
2091 1957 2106 1977 ,

286 1989 326 2030 &
344 1987 581 2031 verecundia
596 1989 702 2028 omni
719 2017 733 2037 ‚
762 1999 807 2026 ac
833 1995 941 2027 metu
969 1987 1131 2034 liberet,
1160 1985 1349 2039 ponendo
1371 1987 1425 2025 eis
1453 1986 1505 2025 ob
1523 1989 1661 2027 oculos
1689 1988 1965 2042 obligationem
1984 2016 1999 2037 ‚
2027 1999 2105 2040 qua

286 2051 490 2089 veritatem
516 2049 648 2101 eloqui
668 2055 882 2087 teneantur.
942 2045 1069 2085 Etiam
1090 2045 1243 2085 Saniuel
1262 2044 1382 2085 libere
1399 2045 1552 2085 edicere
1571 2047 1679 2086 ausus
1694 2060 1774 2088 non
1790 2048 1861 2087 fuit
1879 2059 2010 2088 coram
2024 2046 2105 2103 (d)

286 2106 379 2149 Heli
399 2106 596 2148 sacerdote
613 2137 627 2156 ‚
657 2118 742 2158 quae
756 2106 866 2145 Deus
875 2105 944 2160 ipsi
970 2115 1230 2157 praeceperat,
1244 2105 1371 2144 donec
1398 2105 1478 2156 ipse
1500 2104 1628 2144 fuisset
1648 2106 1719 2162 (e)
1742 2107 1956 2148 sciscitatus.

440 2166 477 2218 §.
507 2166 736 2208 Consideret
756 2167 800 2205 se
818 2164 937 2217 porro
969 2164 1149 2216 Princeps
1183 2165 1297 2204 etiam
1316 2164 1354 2203 in
1379 2164 1486 2215 vulgi
1511 2164 1669 2216 speculo
1689 2196 1702 2216 ‚
1741 2167 1780 2206 in
1797 2175 1876 2218 quo
1899 2177 1973 2207 nec
1994 2167 2105 2207 mini-

287 2237 349 2269 ma
370 2225 466 2268 inest
488 2228 634 2267 macula
657 2256 670 2275 ‚
703 2237 787 2278 qum
806 2237 887 2265 non
908 2222 1112 2265 confestim
1140 2233 1353 2276 appareat3
1383 2224 1502 2264 nescit
1536 2226 1637 2265 enim
1669 2226 1891 2266 dissimulare
1930 2227 2104 2267 multitu-

288 2287 354 2327 do.
416 2284 644 2328 Ludovicus
669 2286 839 2339 Quartus
856 2283 886 2324 F
889 2286 1023 2325 ranciae
1047 2285 1132 2324 Rex
1154 2286 1341 2323 ementito
1362 2283 1495 2323 habitu
1515 2286 1659 2339 vulgari
1678 2286 1890 2338 plebeculae
1906 2285 1982 2326 sese
1993 2298 2103 2327 com-

285 2345 489 2395 miscebat,
518 2356 561 2386 ut
579 2347 726 2386 audiret
739 2374 752 2395 ,
771 2357 857 2396 quae
874 2344 923 2384 de
941 2344 1012 2385 suis
1035 2344 1248 2383 actionibus
1271 2342 1309 2383 &
1323 2344 1560 2395 gubernandi
1575 2345 1722 2385 ratione
1739 2347 1791 2386 illi
1807 2345 1991 2386 dicerent.
2052 2345 2097 2387 In

288 2406 459 2458 compita
488 2406 642 2457 publica
670 2403 945 2457 prodeundum
971 2402 1026 2444 est
1049 2433 1061 2452 ‚
1091 2413 1133 2442 ut
1158 2404 1360 2443 veritatem
1386 2404 1572 2449 invenias.
1647 2405 1748 2446 Rem
1780 2407 1933 2446 unicam
1957 2405 2104 2458 palatio

287 2467 356 2506 suo
381 2463 506 2506 deesse
531 2465 764 2518 querebatur
794 2463 1021 2504 Ludovicus
1046 2461 1109 2503 XI.
1140 2460 1308 2503 Franciae
1332 2463 1420 2504 Rex
1437 2492 1451 2514 ,
1480 2466 1683 2506 veritatem
1700 2466 1894 2506 nimirum.
1969 2463 2102 2505 Nimis

289 2524 463 2566 modesta
480 2536 524 2566 ea
543 2523 598 2567 est
619 2555 632 2575 ‚
661 2536 735 2565 nec
755 2533 844 2576 apta
869 2523 916 2564 ad
935 2535 1061 2564 mores
1089 2525 1259 2564 aulicos:
1290 2523 1382 2574 quin
1400 2523 1466 2564 has
1489 2525 1706 2577 ipsasaulas
1730 2524 1870 2578 refugit
1891 2553 1905 2574 ,
1933 2536 1984 2566 ne
2005 2537 2105 2566 con·

291 2583 474 2627 fundatur
490 2587 528 2626 in
553 2585 749 2639 praesentia
776 2585 890 2637 regia.
968 2583 1025 2624 Ea
1042 2582 1092 2624 de
1117 2583 1225 2623 causa
1250 2582 1339 2623 Rex
1365 2582 1452 2623 Saul
1471 2583 1730 2636 Pythoniffam
1757 2585 1998 2626 consulturus
2016 2597 2103 2626 mu-

289 2647 387 2687 tavit
409 2645 581 2686 habitum
598 2676 610 2695 ,
639 2655 683 2686 ut
700 2643 808 2685 tanto
824 2644 894 2684 fibi
909 2643 1159 2696 responderet
1174 2642 1327 2683 libentis
1347 2673 1360 2693 ,
1393 2652 1509 2696 atque
1532 2644 1631 2686 adeo
1660 2646 1722 2686 ille
1748 2644 1827 2699 ipse
1848 2642 2100 2698 quaestionem

290 2707 329 2747 ei
352 2706 553 2759 proposuit
573 2735 585 2755 ,
615 2717 690 2746 nec
715 2706 866 2745 alterius
883 2703 973 2746 fidei
985 2715 1068 2745 rem
1085 2702 1190 2744 istam
1216 2705 1459 2744 committere
1487 2702 1576 2759 (f.)
1589 2706 1727 2746 voluit.
1788 2705 1895 2745 Idem
1911 2703 2098 2757 Jeroboa·

291 2777 377 2807 mus
405 2777 562 2817 quoque
583 2765 806 2807 observavit
823 2794 836 2814 ,
867 2764 1022 2817 quando
1042 2776 1205 2805 uxorem
1232 2763 1345 2804 suam.
1363 2764 1542 2818 ablegans
1577 2764 1624 2805 ad
1649 2764 1883 2818 Prophetam
1904 2764 2065 2805 Achiam
2085 2792 2102 2813 ‚

287 2834 337 2864 ut
356 2826 583 2878 intelligeret
615 2824 664 2865 de
695 2825 915 2866 infirmitate
949 2824 1015 2866 filii
1034 2855 1048 2875 ,
1085 2824 1210 2865 eidem
1241 2826 1424 2876 praecepit
1441 2823 1669 2866 vestimenta
1700 2834 1937 2865 commutare
1961 2828 1974 2872 ’,
2002 2822 2102 2865 nefi

291 2883 419 2927 forsan
441 2896 527 2926 eam
544 2885 764 2939 agnosceret
782 2915 797 2937 ,
827 2894 893 2925 aut
910 2897 991 2927 non
1010 2884 1279 2938 responderet,
1295 2892 1361 2924 aut
1376 2886 1577 2926 veritatem
1592 2898 1674 2927 non
1693 2885 1764 2940 (g)
1790 2884 1946 2925 diceret.
1991 2882 2096 2924 Cum

2051 2954 2100 2985 ea

388 3081 447 3126 (a)
462 3080 604 3118 Est.e.6.
618 3082 769 3126 (b)Tac.
787 3083 810 3119 l.
821 3088 856 3121 6.
875 3086 970 3121 Ann.
988 3084 1053 3133 (c)
1064 3083 1159 3120 Eccl.
1172 3094 1209 3129 7.
1229 3087 1264 3119 6.
1282 3083 1343 3131 (d)
1359 3088 1404 3120 Et
1417 3085 1560 3121 samuel
1573 3082 1723 3122 timebat
1743 3081 1901 3120 indicare
1928 3080 2098 3132 visionem

295 3131 389 3170 Heli.
419 3145 449 3171 1.
468 3134 560 3183 Reg.
579 3144 611 3180 3.
635 3144 648 3169 1
660 3144 692 3178 5.
747 3137 807 3182 (e)
822 3139 867 3172 Et
874 3136 1118 3189 interrogavit
1134 3147 1213 3172 eum
1227 3145 1240 3169 .-
1268 3137 1367 3185 Qis
1379 3134 1425 3187 est
1433 3134 1547 3184 sbrmo
1563 3164 1573 3178 ‚
1594 3146 1693 3190 quem
1717 3135 1847 3172 locutus
1861 3132 1908 3187 est
1927 3136 2100 3172 Dominus

294 3184 347 3220 ad
366 3195 404 3221 te
419 3188 438 3223 ?
461 3185 551 3223 Ibid.
568 3197 606 3223 v.
626 3197 683 3236 ¹7·
743 3184 800 3232 (f)
823 3190 1000 3226 Mutavit
1013 3200 1092 3241 ergo
1111 3183 1274 3225 habitum
1285 3188 1391 3236 sicum
1407 3214 1416 3230 ,
1449 3186 1663 3241 vestitusque
1685 3184 1732 3240 est
1754 3186 1838 3225 aliis
1858 3185 2100 3240 vestimentis.

294 3234 342 3276 ό·
355 3235 447 3275 abiit
462 3237 539 3290 ipse.
572 3251 601 3281 ι.
615 3239 696 3287 Reg
729 3244 790 3281 28.
821 3246 854 3281 8.
907 3245 983 3290 (g)
1007 3241 1185 3292 Dixitque
1198 3235 1387 3289 Jeroboam
1401 3239 1625 3287 auxorifiaeae:
1645 3246 1763 3296 Surge,
1778 3239 1824 3285 ἀι
1842 3235 2098 3280 commutabo»

294 3283 429 3331 bitum.
448 3303 492 3328 m
514 3289 896 3345 cognosc'arn,qaodsts
925 3306 1016 3333 uxor
1039 3290 1240 3345 jeroboam.
1260 3307 1293 3343 3.
1306 3296 1401 3344 Reg.
1433 3306 1491 3342 14.
1516 3306 1554 3332 2.
1606 3323 1609 3325 .
