2132 3730
513 230 1497 276 SYMBOLAPOLITICA.
1808 251 1889 290 133

243 315 404 356 Dividat
428 313 513 354 sane
529 315 745 354 instabilitas
768 325 987 367 temporum
1008 326 1124 368 atque
1139 316 1305 365 invidia,
1337 317 1428 357 &in
1444 318 1607 358 diversas
1622 317 1799 359 distrahat
1809 333 1894 371 par-

91 388 150 418 tes
173 378 362 429 speculum
381 373 570 424 statuum,
600 376 638 413 in
663 375 832 425 qualibet
850 385 977 416 tamen
993 377 1138 416 illarum
1157 406 1168 423 ‚
1200 379 1536 430 quantulacunque
1563 380 1677 418 etiam
1701 379 1773 428 fit,
1803 378 1894 419 Ma-

85 437 196 490 jestas
226 437 373 487 semper
400 436 545 487 integra
567 434 802 486 perseveret.
863 435 1047 489 Quisquis
1072 436 1118 475 ad
1141 434 1344 486 Sceptrum
1360 447 1470 477 natus
1488 437 1556 488 est,
1578 441 1715 479 mutari
1737 451 1819 480 non
1832 439 1899 480 de-

88 499 154 537 bet
168 494 216 535 ad
241 506 513 547 quemcunque
530 503 715 534 eventurn
741 495 779 534 &
803 495 942 541 casum.
999 494 1091 535 Nec
1119 496 1237 534 ullum
1266 505 1341 534 tam
1357 508 1514 547 gravem
1532 509 1597 538 aut
1621 499 1803 539 acerbum
1829 499 1900 539 du·

90 565 150 596 cat
171 586 184 605 ,
214 564 258 594 ut
274 553 374 595 adeo
405 554 427 594 a
455 555 494 594 se
522 554 604 607 ipso
625 553 826 604 desciscat,
857 566 922 596 aut
941 555 1161 608 personam,
1192 565 1306 605 quam
1329 555 1509 605 sustinet,
1541 558 1753 599 diffimulet.
1813 558 1892 612 (a)

83 616 171 656 Rex
196 614 329 654 Petrus
346 646 357 664 ,
389 615 504 654 etiam
524 613 726 667 postquam
753 617 791 655 in
810 628 944 656 manus
963 616 1079 668 Regis
1108 614 1269 654 Henrici
1293 614 1416 655 fratris
1446 616 1499 655 sui
1526 616 1564 656 δε
1591 620 1761 670 capitalis
1777 618 1898 659 hostis

83 672 269 715 incidisset
287 677 412 715 celare
430 676 555 715 noluit
575 706 586 723 ‚
617 676 700 726 quis
719 675 811 716 effet
828 688 840 723 3
872 677 962 728 quin
978 674 1110 727 potius
1132 704 1145 723 ,
1176 673 1265 714 cum
1281 674 1541 725 dubitaretur,
1561 689 1655 717 num
1672 679 1772 730 ipsus
1786 677 1894 728 esset,

81 733 156 774 alta
172 746 276 774 voce
304 735 407 775 ultro
440 736 698 782 exclamavit,
728 736 806 789 Ego
814 733 919 787 stan,
950 747 1007 787 ego
1023 731 1112 786 firm.
1172 734 1308 787 Quid?
1338 735 1445 787 quod
1462 736 1546 775 haec
1573 737 1651 788 ipsa
1685 737 1897 779 constantia

79 793 254 834 servandi
274 797 311 835 in
331 796 447 835 rebus
471 794 639 835 adversis
671 794 855 835 decorum
880 795 918 834 &
936 793 1179 846 Majestatem
1198 796 1361 847 regiam,
1392 796 1550 836 unicum
1569 797 1606 836 δι
1629 797 1805 837 ultimum
1835 811 1897 838 ea-

81 866 167 894 rum
185 855 377 895 interdum
396 855 608 895 remedium
632 855 677 895 sit
692 885 704 903 ,
733 857 789 895 uti
819 855 921 894 Poro
945 851 1015 911 (b)
1044 854 1227 894 Indorum
1249 855 1349 907 Regi
1374 855 1534 905 accidit,
1565 859 1630 909 qui
1676 866 1814 909 captus
1834 859 1900 897 ali-

80 913 237 966 quando
261 916 308 954 ab
335 915 558 955 Alexandro
580 915 731 967 Magno
746 946 757 963 ,
790 914 828 954 δε
850 923 1025 967 rogatuS‚
1044 914 1248 966 quomodo
1267 913 1418 955 trastari
1433 917 1696 968 vellet‚Regi&
1713 947 1726 965 ,
1757 918 1897 968 inquit.

78 975 304 1026 Subjicienti
323 987 421 1014 vero
437 975 679 1023 Alexandr03
715 974 907 1026 Nunquid
921 975 1035 1014 etiam
1057 975 1158 1015 aliud
1172 976 1192 1013 ⁴?
1207 975 1423 1027 Respondit
1441 977 1579 1017 iterum
1594 976 1736 1023 Porus;
1769 977 1900 1017 Omnia

79 1035 137 1074 hoc
160 1033 544 1087 whmnconpleffltur
560 1068 570 1085 ‚
590 1036 707 1088 Regi&
768 1034 891 1087 Quod
914 1035 1115 1075 heroicum
1136 1036 1355 1087 responsum
1378 1035 1430 1075 fic
1449 1036 1579 1076 affecit
1594 1035 1804 1076 Alexandri
1823 1039 1899 1076 ani-

78 1106 184 1134 mum
206 1124 219 1143 ,
249 1105 292 1134 ut
317 1108 406 1135 eum
423 1107 505 1135 non
528 1095 648 1135 modo
663 1097 701 1134 in
719 1105 879 1146 regnum
902 1095 1010 1135 suum
1035 1093 1262 1143 restituerit,·
1293 1095 1358 1135 sed
1376 1097 1505 1148 plures
1530 1099 1645 1136 etiam
1665 1094 1717 1136 illi
1737 1098 1897 1148 provin·

79 1155 155 1193 cias
173 1153 376 1195 addiderit.
425 1156 711 1195 Acerbitatibus
728 1154 766 1194 &
788 1156 962 1194 aerumnis
985 1155 1126 1196 cedere
1143 1185 1155 1204 ,
1188 1154 1243 1195 est
1256 1154 1304 1194 ad
1321 1167 1452 1195 earum
1468 1155 1572 1208 quafi
1592 1166 1721 1208 partes
1738 1156 1815 1196 sese
1833 1156 1899 1197 ad-

74 1212 246 1266 jungere.
309 1213 516 1254 Fortitudo
541 1216 579 1255 in
594 1214 702 1255 visto
730 1216 845 1254 etiam
863 1213 1018 1255 Vffiori
1028 1217 1183 1268 placet,
1215 1224 1280 1255 aut
1297 1217 1385 1268 quia
1406 1217 1644 1268 triumphum
1661 1216 1741 1268 eJ’us
1765 1218 1901 1256 clario-

79 1284 160 1313 rem
176 1275 290 1313 efficit
306 1304 319 1322 ,
351 1283 417 1313 aut
435 1285 597 1325 propter
614 1276 731 1326 ipsam
756 1275 909 1313 virtutis
937 1275 1030 1314 vim.
1094 1277 1256 1316 Animus
1281 1277 1477 1316 violentiae
1508 1288 1590 1316 non
1611 1286 1739 1328 paret,
1767 1288 1899 1328 neque

77 1335 282 1385 quicquam
299 1334 336 1372 in
357 1345 445 1372 eum
462 1332 592 1384 potest
617 1332 799 1373 Fortuna.
862 1333 1013 1373 Graves
1031 1336 1151 1375 minas
1174 1334 1336 1374 Carolus
1362 1336 1532 1388 Quintus
1544 1336 1757 1387 Imperator
1777 1338 1899 1376 inten-

75 1394 182 1432 tabat
197 1392 333 1445 Joanni
356 1391 552 1433 Friderico
570 1392 746 1432 Saxoniae
758 1392 862 1432 Duci
882 1423 895 1442 ,
926 1405 1042 1444 quem
1059 1395 1258 1446 captivum
1276 1395 1455 1442 tenebat,
1487 1404 1530 1434 ut
1547 1395 1594 1435 ad
1619 1395 1840 1435 dedendum
1854 1396 1897 1436 fi-

76 1454 116 1493 bi
136 1452 336 1492 Ducatum
357 1450 712 1504 Wirtenbergicum
745 1464 834 1492 eum
860 1451 1115 1505 compelleret
1137 1466 1150 1501 3
1180 1454 1259 1505 ipse
1283 1465 1380 1494 vero
1397 1455 1517 1494 libere
1541 1455 1763 1508 respondit:
1795 1456 1902 1496 Pote«

74 1515 126 1553 rit
150 1510 356 1566 quidemfila
380 1512 556 1568 llffajtstas
585 1510 740 1564 chlhrea
762 1510 924 1566 statuere
940 1512 982 1553 de
997 1527 1071 1564 me,
1103 1512 1268 1568 quicquid
1282 1514 1420 1554 libuerit
1439 1529 1452 1563 ,·
1482 1522 1648 1555 attamen
1661 1517 1813 1556 timorem
1824 1518 1900 1557 huic

75 1575 222 1612 incutiat
233 1574 370 1625 pet‘lori
385 1585 558 1625 nunquam
575 1572 704 1626 ffciet.
764 1572 807 1612 Id
825 1572 933 1624 quod
946 1575 985 1612 in
1009 1573 1238 1613 occcasione
1256 1575 1325 1613 alia
1354 1573 1470 1627 longe
1489 1575 1688 1615 difficiliori
1709 1576 1829 1628 reipsa
1848 1576 1900 1615 sa-

75 1633 124 1671 tis
151 1631 317 1672 ostendit
342 1646 351 1671 :
384 1634 547 1685 contigit
566 1634 667 1672 enim
683 1663 696 1682 ,
727 1642 771 1672 ut
787 1632 879 1672 dum
900 1635 1203 1673 latrunculorum
1217 1634 1493 1672 lusuiintentus
1513 1634 1627 1684 ess'et‚
1657 1638 1793 1688 capitis
1819 1635 1900 1675 sen-

76 1693 236 1732 tentiam
255 1694 294 1732 in
310 1691 347 1731 se
372 1693 488 1732 latam
513 1692 772 1743 intelligeret3
803 1703 884 1742 quo
902 1693 1040 1731 nuntio
1063 1693 1287 1742 neutiquam
1303 1689 1366 1731 ille
1392 1693 1584 1743 turbatus,
1615 1695 1777 1746 perinde
1795 1695 1900 1747 quasi

75 1752 171 1791 nihil
187 1751 234 1791 ad
254 1752 292 1791 se
309 1754 542 1803 pertineret,
564 1749 768 1790 Ernestum
793 1750 950 1790 Ducem
973 1750 1292 1791 Brunsvicensem
1321 1781 1334 1800 ,
1364 1753 1521 1804 quicum
1548 1752 1706 1794 ludebat
1730 1785 1742 1805 ,
1780 1756 1901 1795 libera

76 1823 181 1851 voce
197 1812 424 1851 cohortatus
438 1810 517 1860 est,
548 1820 592 1850 ut
612 1823 693 1850 non
713 1809 889 1850 obstante
905 1811 972 1850 illo
993 1811 1125 1850 ludere
1141 1820 1333 1863 pergeret.
1394 1811 1517 1864 Quod
1533 1813 1734 1855 heroicum
1744 1817 1901 1867 respon-

75 1871 156 1911 sum
179 1871 361 1911 infamem
380 1871 599 1910 rebellionis
620 1879 753 1908 notam
776 1869 932 1907 detersit
944 1870 1192 1920 aliquantum,
1214 1870 1252 1909 δε
1266 1871 1409 1910 clarum
1426 1883 1516 1911 eum
1541 1872 1719 1913 reddidit.
1779 1874 1899 1915 Aetio

73 1932 187 1969 unica
210 1929 463 1984 generosioris
483 1929 623 1975 animi,
653 1928 769 1965 etiam
794 1938 883 1965 cum
902 1929 960 1965 vis
984 1928 1063 1978 ipsa
1084 1928 1132 1967 ad
1148 1938 1315 1968 mortem
1338 1931 1458 1981 rapit,
1492 1931 1612 1972 vitam
1636 1931 1818 1974 illustrem
1839 1946 1899 1975 re·

73 1991 210 2041 linquit
237 1989 274 2028 &
304 1988 500 2026 celebrem
525 1997 534 2024 :
564 1986 894 2037 quemadmodum
911 1987 984 2025 hac
1002 1986 1130 2027 nostra
1146 1997 1258 2028 aetate
1281 1988 1453 2039 evenisse
1471 1993 1715 2033 meminimus
1733 1993 1900 2036 Roderi-

75 2061 126 2089 co
148 2047 382 2088 Calderonio
406 2046 564 2099 Septem
584 2045 841 2086 Ecclefiarum
856 2045 1080 2087 Marchioni
1096 2079 1107 2096 ,
1138 2048 1245 2098 cujus
1268 2047 1474 2090 Fortitudo
1495 2052 1589 2092 vere
1609 2051 1838 2104 Christiana,
1860 2055 1899 2096 δε

73 2110 232 2149 heroica
255 2106 466 2147 constantia
485 2107 559 2145 toti
580 2106 728 2145 mundo
744 2105 983 2146 admirationi
997 2106 1089 2156 fuit,
1110 2107 1209 2147 adeo
1226 2118 1270 2147 ut
1287 2111 1569 2151 aemulationem
1588 2111 1625 2151 &
1639 2113 1772 2154 odium
1790 2126 1899 2155 com-

73 2180 191 2209 mune
208 2177 322 2207 tantae
351 2166 466 2219 ipsius
483 2166 651 2206 fortunae
676 2168 715 2205 in
735 2165 888 2206 laudem
908 2166 946 2206 &
967 2168 1339 2209 commiserationem
1361 2179 1542 2210 verteret.
1606 2171 1762 2225 Ignavia
1789 2174 1827 2214 δι
1854 2176 1899 2215 ti.

73 2229 225 2269 miditas
242 2228 357 2268 animi
378 2225 400 2266 e
422 2225 605 2266 violentis
628 2225 776 2266 casibus
800 2229 993 2267 neminem
1012 2229 1178 2280 eripiunt
1193 2259 1206 2278 ,
1235 2240 1309 2268 nec
1326 2230 1531 2281 quicquam
1554 2233 1730 2284 periculo
1765 2234 1896 2274 turba-

76 2291 133 2329 tio
151 2288 330 2329 detrahit.
390 2285 612 2327 Constantia
634 2285 727 2325 illud
750 2296 816 2326 aut
833 2288 975 2337 vincit,
1006 2298 1071 2327 aut
1093 2286 1199 2328 certe
1216 2287 1405 2329 samolum
1419 2291 1546 2332 efficit.
1607 2291 1642 2331 E
1660 2294 1772 2332 vultu
1791 2293 1894 2335 Prin-

76 2350 173 2401 cipis
190 2348 352 2401 periculi
369 2348 597 2401 gravitatem
614 2348 751 2399 vulgus
774 2348 918 2402 colligit
936 2378 948 2396 ,
979 2348 1083 2388 haud
1101 2349 1209 2389 secus
1225 2359 1342 2402 atque
1368 2362 1418 2391 ex
1434 2350 1603 2392 naucleri
1617 2354 1740 2392 oculis
1767 2354 1793 2393 ii
1806 2357 1895 2407 ,qui

74 2410 114 2449 in
135 2408 271 2449 eadem
292 2409 383 2448 navi
404 2408 488 2448 sunt
501 2438 515 2458 ,
544 2415 639 2447 num
656 2406 860 2460 tempestas
877 2407 1027 2461 grandis
1045 2409 1102 2450 fit.
1162 2411 1295 2462 Atque
1313 2410 1366 2450 ob
1395 2422 1480 2451 eam
1499 2423 1581 2452 rem
1602 2412 1717 2453 valde
1731 2415 1896 2466 expedit

77 2469 262 2520 aequalem
276 2469 424 2520 semper
444 2468 481 2509 &
503 2468 670 2508 serenam
689 2468 874 2508 exhibere
890 2467 1061 2509 frontem
1079 2499 1092 2520 ,
1121 2469 1186 2510 seu
1205 2471 1404 2523 tranquilla
1416 2471 1489 2512 fint
1511 2481 1710 2524 tempora,
1741 2473 1808 2513 seu
1818 2484 1897 2515 tur·

76 2527 167 2568 bida
183 2557 196 2578 ,
223 2536 269 2568 ut
282 2540 410 2580 neque
429 2537 538 2569 metu
567 2528 748 2582 Princeps
769 2527 951 2570 concidat
973 2559 986 2578 ‚
1017 2541 1146 2584 neque
1164 2531 1338 2583 superbia
1363 2531 1565 2581 efferatur,
1593 2544 1723 2584 neque
1750 2535 1811 2574 alii
1846 2534 1897 2576 de

77 2587 275 2628 communi
293 2599 421 2628 rerum
440 2587 539 2629 statu
548 2586 732 2638 judicium
761 2587 863 2630 ferre
885 2589 1054 2630 valeant.
1113 2590 1262 2631 Eadem
1291 2591 1341 2631 de
1362 2591 1472 2631 causa
1494 2591 1672 2632 Tiberius
1699 2591 1897 2635 tristiffima

77 2659 240 2702 quaeque
265 2646 431 2688 maxime
448 2649 643 2689 occultare
657 2647 684 2701 ζ
693 2646 744 2704 c)
775 2649 984 2690 laborabat.
1044 2649 1287 2691 Perturbatio
1317 2651 1355 2692 &
1371 2650 1550 2691 confusio
1569 2663 1696 2692 rerum
1717 2655 1896 2696 omnium

76 2710 197 2748 oritur
220 2737 233 2756 ,
264 2708 416 2758 quoties
439 2707 462 2748 ὲ
480 2707 579 2748 facie
610 2707 793 2762 Principis
815 2719 996 2762 tanquam
1028 2710 1090 2750 illa
1119 2712 1203 2751 coeli
1222 2741 1234 2760 ,
1263 2712 1480 2764 perspicere
1499 2713 1590 2752 licet
1610 2712 1862 2765 tempestates
1881 2745 1894 2764 ‚

75 2780 161 2820 quae
190 2766 417 2819 impendent
432 2768 684 2820 Reipublicae.
742 2768 902 2810 Mutare
923 2772 1097 2810 colorem
1132 2770 1179 2810 ad
1203 2773 1378 2822 quamvis
1404 2770 1584 2812 Fortunae
1613 2784 1741 2813 auram
1756 2774 1895 2825 judicii

75 2828 212 2868 levitas
234 2826 290 2868 est
307 2858 319 2875 ‚
350 2827 388 2867 δε
407 2828 557 2880 ignavia
575 2829 699 2869 animi.
757 2829 980 2871 Constantia
997 2830 1035 2870 &
1057 2831 1290 2882 aequabilitas
1314 2830 1445 2871 vultus
1464 2831 1650 2873 Subditos
1684 2835 1821 2887 erigit,
1856 2834 1895 2875 &

75 2886 205 2928 hostes
226 2888 265 2926 in
290 2886 581 2927 admirationem
599 2889 708 2940 rapit.
769 2888 918 2931 Omnes
935 2893 975 2931 in
998 2890 1177 2942 Principe
1201 2891 1288 2930 suos
1313 2891 1486 2945 defigunt
1499 2894 1647 2941 oculos,
1665 2892 1704 2933 &
1718 2894 1747 2934 s1
1764 2905 1892 2934 metu-

79 2956 117 2986 at
133 2977 144 2996 ,
173 2946 243 2999 ipsi
274 2958 432 2999 quoque
447 2956 621 2988 metuere
646 2949 849 3000 incipiunt:
878 2953 930 2991 ita
959 2950 986 3002 (
994 2949 1022 2990 d
1027 2952 1055 3004 )
1078 2951 1226 2992 Othonis
1250 2952 1386 2992 vultum
1409 2951 1659 3004 intuebantur,
1691 2962 1892 3005 quotquot

81 3017 169 3047 cum
184 3018 234 3047 eo
253 3007 533 3048 accumbebant
554 3009 593 3048 in
623 3009 809 3049 convivio
823 3040 837 3060 ,
865 3019 971 3066 utque
998 3012 1114 3051 evenit
1137 3012 1308 3052 inclinatis
1326 3008 1587 3065 adfitspicionmz
1603 3013 1790 3062 mentibus,
1815 3026 1890 3053 cum

1020 3069 1088 3112 Ll
1762 3111 1766 3117 ,
1791 3073 1886 3113 time-

187 3189 245 3235 (a)
269 3192 361 3228 Mar.
371 3190 449 3228 hist.
476 3190 576 3242 Hisp.
600 3192 624 3228 l.
643 3203 703 3239 17.
724 3205 756 3229 c.
785 3205 842 3240 13.
902 3195 969 3244 (b)
981 3196 1161 3236 Plutarch.
1176 3196 1214 3234 in
1233 3199 1362 3247 apoph.
1378 3200 1522 3248 Regum
1538 3200 1574 3235 &
1596 3199 1684 3247 Imp.
1734 3199 1792 3244 (c)
1808 3203 1883 3237 Haec

80 3237 229 3300 audita,
253 3254 452 3296 quanquam
459 3241 650 3296 abstrusam
661 3272 671 3285 ,
700 3243 747 3287 ῤ’
759 3243 952 3297 tristiffi'ma
965 3261 1098 3301 quaque
1112 3252 1272 3288 maxime
1289 3249 1586 3289 occultantantem
1616 3247 1793 3289 Tiberium
1799 3261 1881 3304 per-

82 3291 205 3330 culere.
235 3293 349 3332 Tacit.
359 3295 468 3335 lib.2.
487 3298 621 3345 Annal,
682 3298 744 3343 (d)
754 3299 853 3336 Idem
867 3299 928 3337 Lx.
945 3300 1078 3339 Histor.
