<?xml version="1.0" encoding="UTF-8"?>
<!DOCTYPE html PUBLIC "-//W3C//DTD XHTML 1.0 Transitional//EN"
    "http://www.w3.org/TR/xhtml1/DTD/xhtml1-transitional.dtd">
<html xmlns="http://www.w3.org/1999/xhtml" xml:lang="en" lang="en">
 <head>
  <title>
</title>
<meta http-equiv="Content-Type" content="text/html;charset=utf-8" />
  <meta name='ocr-system' content='tesseract 3.04.00' />
  <meta name='ocr-capabilities' content='ocr_page ocr_carea ocr_par ocr_line ocrx_word'/>
</head>
<body>
  <div class='ocr_page' id='page_1' title='image "./didacisaavedraef00saav_0412.png"; bbox 0 0 2132 3730; ppageno 0'>
   <div class='ocr_carea' id='block_1_1' title="bbox 200 269 1561 335">
    <p class='ocr_par' dir='ltr' id='par_1_1' title="bbox 200 269 1561 335">
     <span class='ocr_line' id='line_1_1' title="bbox 200 269 1561 335; baseline -0.005 -15"><span class='ocrx_word' id='word_1_1' title='bbox 200 286 286 335; x_wconf 73' lang='lat'><strong>392</strong></span> <span class='ocrx_word' id='word_1_2' title='bbox 620 271 969 315; x_wconf 86' lang='lat' dir='ltr'><em>DIDACI</em></span> <span class='ocrx_word' id='word_1_3' title='bbox 1022 269 1561 314; x_wconf 83' lang='lat' dir='ltr'><em>SAAVEDRAE</em></span> 
     </span>
    </p>
   </div>
   <div class='ocr_carea' id='block_1_2' title="bbox 188 336 2074 2254">
    <p class='ocr_par' dir='ltr' id='par_1_2' title="bbox 195 336 2070 710">
     <span class='ocr_line' id='line_1_2' title="bbox 206 336 2000 350; baseline -0.003 0"><span class='ocrx_word' id='word_1_4' title='bbox 206 336 972 350; x_wconf 57' lang='lat' dir='ltr'><em>W</em></span> <span class='ocrx_word' id='word_1_5' title='bbox 1490 336 2000 347; x_wconf 60' lang='grc'><em>--....-,.......-......</em></span> 
     </span>
     <span class='ocr_line' id='line_1_3' title="bbox 195 355 2070 414; baseline -0.004 -10"><span class='ocrx_word' id='word_1_6' title='bbox 195 367 233 404; x_wconf 86' lang='lat' dir='ltr'><strong>le</strong></span> <span class='ocrx_word' id='word_1_7' title='bbox 260 361 411 414; x_wconf 86' lang='lat' dir='ltr'><strong>pedites</strong></span> <span class='ocrx_word' id='word_1_8' title='bbox 433 359 498 397; x_wconf 90' lang='lat' dir='ltr'><strong>sub</strong></span> <span class='ocrx_word' id='word_1_9' title='bbox 524 357 634 409; x_wconf 83' lang='lat' dir='ltr'><strong>signis</strong></span> <span class='ocrx_word' id='word_1_10' title='bbox 663 365 927 403; x_wconf 82' lang='lat' dir='ltr'><strong>numerarent,</strong></span> <span class='ocrx_word' id='word_1_11' title='bbox 958 355 994 394; x_wconf 87' lang='lat'>&amp;</span> <span class='ocrx_word' id='word_1_12' title='bbox 1020 355 1066 394; x_wconf 91' lang='lat' dir='ltr'><strong>ab</strong></span> <span class='ocrx_word' id='word_1_13' title='bbox 1091 355 1148 394; x_wconf 89' lang='lat' dir='ltr'><strong>his</strong></span> <span class='ocrx_word' id='word_1_14' title='bbox 1163 364 1289 396; x_wconf 89' lang='lat' dir='ltr'><strong>tamen</strong></span> <span class='ocrx_word' id='word_1_15' title='bbox 1316 357 1446 407; x_wconf 85' lang='lat' dir='ltr'><strong>praelio</strong></span> <span class='ocrx_word' id='word_1_16' title='bbox 1473 355 1600 396; x_wconf 63' lang='lat' dir='ltr'><strong>vietus</strong></span> <span class='ocrx_word' id='word_1_17' title='bbox 1635 357 1831 397; x_wconf 88' lang='lat' dir='ltr'><strong>occubuit.</strong></span> <span class='ocrx_word' id='word_1_18' title='bbox 1892 356 2010 398; x_wconf 86' lang='lat' dir='ltr'><strong>Simul</strong></span> <span class='ocrx_word' id='word_1_19' title='bbox 2068 406 2070 409; x_wconf 18' lang='grc' dir='ltr'><strong><em>ι</em></strong></span> 
     </span>
     <span class='ocr_line' id='line_1_4' title="bbox 195 414 2010 473; baseline -0.004 -10"><span class='ocrx_word' id='word_1_20' title='bbox 195 435 239 463; x_wconf 87' lang='lat' dir='ltr'><strong>ac</strong></span> <span class='ocrx_word' id='word_1_21' title='bbox 267 421 379 473; x_wconf 84' lang='lat' dir='ltr'><strong>Judas</strong></span> <span class='ocrx_word' id='word_1_22' title='bbox 395 416 647 457; x_wconf 87' lang='lat' dir='ltr'><strong>Machabaeus</strong></span> <span class='ocrx_word' id='word_1_23' title='bbox 674 426 763 454; x_wconf 86' lang='lat' dir='ltr'><strong>cum</strong></span> <span class='ocrx_word' id='word_1_24' title='bbox 786 415 971 455; x_wconf 88' lang='lat' dir='ltr'><strong>Romanis</strong></span> <span class='ocrx_word' id='word_1_25' title='bbox 991 414 1117 465; x_wconf 87' lang='lat' dir='ltr'><strong>junxit</strong></span> <span class='ocrx_word' id='word_1_26' title='bbox 1144 416 1346 455; x_wconf 81' lang='lat' dir='ltr'>amicitiam</span> <span class='ocrx_word' id='word_1_27' title='bbox 1372 414 1460 470; x_wconf 75' lang='lat' dir='ltr'><strong>(eo</strong></span> <span class='ocrx_word' id='word_1_28' title='bbox 1489 417 1602 456; x_wconf 88' lang='lat' dir='ltr'><strong>etiam</strong></span> <span class='ocrx_word' id='word_1_29' title='bbox 1627 414 1725 465; x_wconf 85' lang='lat' dir='ltr'><strong>fine,</strong></span> <span class='ocrx_word' id='word_1_30' title='bbox 1756 428 1798 457; x_wconf 93' lang='lat' dir='ltr'><strong>ut</strong></span> <span class='ocrx_word' id='word_1_31' title='bbox 1823 415 1898 456; x_wconf 87' lang='lat' dir='ltr'><strong>sese</strong></span> <span class='ocrx_word' id='word_1_32' title='bbox 1919 429 2010 456; x_wconf 86' lang='lat' dir='ltr'><strong>con-</strong></span> 
     </span>
     <span class='ocr_line' id='line_1_5' title="bbox 198 472 2012 528; baseline -0.003 -6"><span class='ocrx_word' id='word_1_33' title='bbox 198 493 255 522; x_wconf 91' lang='lat' dir='ltr'><strong>tra</strong></span> <span class='ocrx_word' id='word_1_34' title='bbox 278 480 502 520; x_wconf 82' lang='lat' dir='ltr'><strong>Graecorum</strong></span> <span class='ocrx_word' id='word_1_35' title='bbox 524 477 738 528; x_wconf 88' lang='lat' dir='ltr'><strong>potentiam</strong></span> <span class='ocrx_word' id='word_1_36' title='bbox 764 477 861 515; x_wconf 90' lang='lat' dir='ltr'><strong>tueri</strong></span> <span class='ocrx_word' id='word_1_37' title='bbox 880 472 1005 526; x_wconf 78' lang='lat' dir='ltr'><strong>poss&#39;et</strong></span> <span class='ocrx_word' id='word_1_38' title='bbox 1023 474 1049 528; x_wconf 82' lang='grc'>&gt;</span> <span class='ocrx_word' id='word_1_39' title='bbox 1079 473 1236 514; x_wconf 88' lang='lat' dir='ltr'><strong>orbatur</strong></span> <span class='ocrx_word' id='word_1_40' title='bbox 1254 474 1427 515; x_wconf 87' lang='lat' dir='ltr'><strong>-duorum</strong></span> <span class='ocrx_word' id='word_1_41' title='bbox 1449 476 1686 528; x_wconf 82' lang='lat' dir='ltr'><strong>Angelorum</strong></span> <span class='ocrx_word' id='word_1_42' title='bbox 1721 476 1922 527; x_wconf 71' lang='lat' dir='ltr'><strong>praesidio,</strong></span> <span class='ocrx_word' id='word_1_43' title='bbox 1947 476 2012 527; x_wconf 88' lang='lat' dir='ltr'><strong>qui</strong></span> 
     </span>
     <span class='ocr_line' id='line_1_6' title="bbox 198 532 2011 592; baseline -0.002 -14"><span class='ocrx_word' id='word_1_44' title='bbox 198 541 277 592; x_wconf 80' lang='lat' dir='ltr'><strong>ejus</strong></span> <span class='ocrx_word' id='word_1_45' title='bbox 298 538 404 577; x_wconf 88' lang='lat' dir='ltr'><strong>lateri</strong></span> <span class='ocrx_word' id='word_1_46' title='bbox 429 534 664 583; x_wconf 83' lang='lat' dir='ltr'><strong>affistebant,</strong></span> <span class='ocrx_word' id='word_1_47' title='bbox 693 534 732 574; x_wconf 91' lang='lat'>&amp;</span> <span class='ocrx_word' id='word_1_48' title='bbox 758 544 891 574; x_wconf 91' lang='lat' dir='ltr'><strong>contra</strong></span> <span class='ocrx_word' id='word_1_49' title='bbox 917 534 1081 574; x_wconf 89' lang='lat' dir='ltr'><strong>hostium</strong></span> <span class='ocrx_word' id='word_1_50' title='bbox 1114 532 1212 572; x_wconf 71' lang='lat' dir='ltr'><strong>ic&#39;tus</strong></span> <span class='ocrx_word' id='word_1_51' title='bbox 1239 534 1478 582; x_wconf 83' lang='lat' dir='ltr'><strong>tutabantur,</strong></span> <span class='ocrx_word' id='word_1_52' title='bbox 1511 537 1664 576; x_wconf 87' lang='lat' dir='ltr'><strong>interiit.</strong></span> <span class='ocrx_word' id='word_1_53' title='bbox 1726 534 1898 576; x_wconf 85' lang='lat' dir='ltr'><strong>Eandem</strong></span> <span class='ocrx_word' id='word_1_54' title='bbox 1931 548 2011 587; x_wconf 81' lang='lat' dir='ltr'><strong>poe—</strong></span> 
     </span>
     <span class='ocr_line' id='line_1_7' title="bbox 200 591 2013 648; baseline -0.002 -9"><span class='ocrx_word' id='word_1_55' title='bbox 200 611 308 646; x_wconf 87' lang='lat' dir='ltr'><strong>nam,</strong></span> <span class='ocrx_word' id='word_1_56' title='bbox 340 594 554 647; x_wconf 87' lang='lat' dir='ltr'><strong>eademque</strong></span> <span class='ocrx_word' id='word_1_57' title='bbox 572 606 621 634; x_wconf 87' lang='lat' dir='ltr'><strong>ex</strong></span> <span class='ocrx_word' id='word_1_58' title='bbox 646 594 756 633; x_wconf 89' lang='lat' dir='ltr'><strong>causa</strong></span> <span class='ocrx_word' id='word_1_59' title='bbox 777 596 891 634; x_wconf 89' lang='lat' dir='ltr'><strong>etiam</strong></span> <span class='ocrx_word' id='word_1_60' title='bbox 922 591 1064 634; x_wconf 66' lang='lat' dir='ltr'><strong>dedere</strong></span> <span class='ocrx_word' id='word_1_61' title='bbox 1095 593 1176 643; x_wconf 84' lang='lat' dir='ltr'><strong>ejus</strong></span> <span class='ocrx_word' id='word_1_62' title='bbox 1209 591 1344 632; x_wconf 87' lang='lat' dir='ltr'><strong>fratres</strong></span> <span class='ocrx_word' id='word_1_63' title='bbox 1372 592 1554 645; x_wconf 72' lang='lat' dir='ltr'><strong>jonathas</strong></span> <span class='ocrx_word' id='word_1_64' title='bbox 1573 595 1611 634; x_wconf 88' lang='lat'>&amp;</span> <span class='ocrx_word' id='word_1_65' title='bbox 1638 594 1798 645; x_wconf 85' lang='lat' dir='ltr'><strong>Simon,</strong></span> <span class='ocrx_word' id='word_1_66' title='bbox 1828 597 1894 648; x_wconf 92' lang='lat' dir='ltr'><strong>qui</strong></span> <span class='ocrx_word' id='word_1_67' title='bbox 1913 597 1948 636; x_wconf 91' lang='lat' dir='ltr'><strong>ei</strong></span> <span class='ocrx_word' id='word_1_68' title='bbox 1974 597 2013 635; x_wconf 90' lang='lat' dir='ltr'><strong>in</strong></span> 
     </span>
     <span class='ocr_line' id='line_1_8' title="bbox 201 654 701 710; baseline -0.012 -12"><span class='ocrx_word' id='word_1_69' title='bbox 201 658 418 710; x_wconf 85' lang='lat' dir='ltr'><strong>Principatu</strong></span> <span class='ocrx_word' id='word_1_70' title='bbox 440 654 701 695; x_wconf 73' lang='lat' dir='ltr'><strong>successerant.</strong></span> 
     </span>
    </p>

    <p class='ocr_par' dir='ltr' id='par_1_3' title="bbox 188 709 2074 2254">
     <span class='ocr_line' id='line_1_9' title="bbox 374 709 2014 767; baseline -0.001 -12"><span class='ocrx_word' id='word_1_71' title='bbox 374 715 410 767; x_wconf 82' lang='lat'><strong>§.</strong></span> <span class='ocrx_word' id='word_1_72' title='bbox 441 714 534 755; x_wconf 92' lang='lat' dir='ltr'><strong>Nec</strong></span> <span class='ocrx_word' id='word_1_73' title='bbox 567 713 698 753; x_wconf 88' lang='lat' dir='ltr'><strong>sufficit</strong></span> <span class='ocrx_word' id='word_1_74' title='bbox 714 712 863 763; x_wconf 84' lang='lat' dir='ltr'><strong>semper</strong></span> <span class='ocrx_word' id='word_1_75' title='bbox 885 711 1080 751; x_wconf 84' lang='lat' dir='ltr'><strong>excusatio</strong></span> <span class='ocrx_word' id='word_1_76' title='bbox 1106 709 1338 750; x_wconf 86' lang='lat' dir='ltr'><strong>defensionis</strong></span> <span class='ocrx_word' id='word_1_77' title='bbox 1354 713 1553 752; x_wconf 77' lang='lat' dir='ltr'><strong>naturalis.-</strong></span> <span class='ocrx_word' id='word_1_78' title='bbox 1583 715 1762 763; x_wconf 84' lang='lat' dir='ltr'><strong>perenim</strong></span> <span class='ocrx_word' id='word_1_79' title='bbox 1781 711 1866 753; x_wconf 75' lang='lat' dir='ltr'><strong>raro</strong></span> <span class='ocrx_word' id='word_1_80' title='bbox 1880 723 2014 754; x_wconf 83' lang='lat' dir='ltr'><strong>omnes</strong></span> 
     </span>
     <span class='ocr_line' id='line_1_10' title="bbox 199 771 2014 822; baseline -0.003 -6"><span class='ocrx_word' id='word_1_81' title='bbox 199 785 435 817; x_wconf 87' lang='lat' dir='ltr'><strong>concurrunt</strong></span> <span class='ocrx_word' id='word_1_82' title='bbox 459 773 701 814; x_wconf 91' lang='lat' dir='ltr'><strong>conditiones</strong></span> <span class='ocrx_word' id='word_1_83' title='bbox 720 772 758 812; x_wconf 88' lang='lat'>&amp;</span> <span class='ocrx_word' id='word_1_84' title='bbox 785 771 1072 812; x_wconf 62' lang='lat' dir='ltr'><strong>circumstantiae</strong></span> <span class='ocrx_word' id='word_1_85' title='bbox 1087 802 1100 820; x_wconf 84' lang='grc'>,</span> <span class='ocrx_word' id='word_1_86' title='bbox 1134 783 1218 822; x_wconf 88' lang='lat' dir='ltr'><strong>quae</strong></span> <span class='ocrx_word' id='word_1_87' title='bbox 1240 771 1426 821; x_wconf 84' lang='lat' dir='ltr'><strong>ejusmodi</strong></span> <span class='ocrx_word' id='word_1_88' title='bbox 1459 771 1603 811; x_wconf 83' lang='lat' dir='ltr'><strong>foedera</strong></span> <span class='ocrx_word' id='word_1_89' title='bbox 1628 783 1715 811; x_wconf 86' lang='lat' dir='ltr'><strong>cum</strong></span> <span class='ocrx_word' id='word_1_90' title='bbox 1732 771 1936 814; x_wconf 85' lang='lat' dir='ltr'><strong>Hoereticis</strong></span> <span class='ocrx_word' id='word_1_91' title='bbox 1960 773 2014 812; x_wconf 85' lang='lat' dir='ltr'><strong>fa.-</strong></span> 
     </span>
     <span class='ocr_line' id='line_1_11' title="bbox 196 830 2014 884; baseline -0.002 -8"><span class='ocrx_word' id='word_1_92' title='bbox 196 838 298 877; x_wconf 88' lang='lat' dir='ltr'><strong>ciant</strong></span> <span class='ocrx_word' id='word_1_93' title='bbox 327 837 449 883; x_wconf 84' lang='lat' dir='ltr'><strong>licita,</strong></span> <span class='ocrx_word' id='word_1_94' title='bbox 481 834 518 874; x_wconf 87' lang='lat'>&amp;</span> <span class='ocrx_word' id='word_1_95' title='bbox 537 834 687 884; x_wconf 87' lang='lat' dir='ltr'><strong>majoris</strong></span> <span class='ocrx_word' id='word_1_96' title='bbox 706 832 778 872; x_wconf 81' lang='lat' dir='ltr'><strong>lint</strong></span> <span class='ocrx_word' id='word_1_97' title='bbox 797 831 1004 883; x_wconf 87' lang='lat' dir='ltr'><strong>ponderis,</strong></span> <span class='ocrx_word' id='word_1_98' title='bbox 1034 842 1146 882; x_wconf 88' lang='lat' dir='ltr'><strong>quam</strong></span> <span class='ocrx_word' id='word_1_99' title='bbox 1165 830 1375 870; x_wconf 86' lang='lat' dir='ltr'><strong>universale</strong></span> <span class='ocrx_word' id='word_1_100' title='bbox 1401 831 1494 871; x_wconf 84' lang='lat' dir='ltr'><strong>illud</strong></span> <span class='ocrx_word' id='word_1_101' title='bbox 1527 830 1766 879; x_wconf 86' lang='lat' dir='ltr'><strong>scandalum,</strong></span> <span class='ocrx_word' id='word_1_102' title='bbox 1796 831 1834 872; x_wconf 88' lang='lat'>&amp;</span> <span class='ocrx_word' id='word_1_103' title='bbox 1866 834 2014 883; x_wconf 88' lang='lat' dir='ltr'><strong>pericu-</strong></span> 
     </span>
     <span class='ocr_line' id='line_1_12' title="bbox 194 890 2011 947; baseline -0.003 -10"><span class='ocrx_word' id='word_1_104' title='bbox 194 898 273 937; x_wconf 89' lang='lat' dir='ltr'><strong>lum</strong></span> <span class='ocrx_word' id='word_1_105' title='bbox 299 895 544 947; x_wconf 84' lang='lat' dir='ltr'>opinionibus</span> <span class='ocrx_word' id='word_1_106' title='bbox 561 891 660 932; x_wconf 83' lang='lat' dir='ltr'><strong>falsis</strong></span> <span class='ocrx_word' id='word_1_107' title='bbox 678 903 808 932; x_wconf 86' lang='lat' dir='ltr'><strong>veram</strong></span> <span class='ocrx_word' id='word_1_108' title='bbox 833 891 1027 931; x_wconf 84' lang='lat' dir='ltr'><strong>inficiendi</strong></span> <span class='ocrx_word' id='word_1_109' title='bbox 1048 891 1318 943; x_wconf 82' lang='lat' dir='ltr'><strong>Religionem3</strong></span> <span class='ocrx_word' id='word_1_110' title='bbox 1349 890 1534 941; x_wconf 74' lang='lat' dir='ltr'><strong>liquidem</strong></span> <span class='ocrx_word' id='word_1_111' title='bbox 1544 901 1680 931; x_wconf 89' lang='lat' dir='ltr'><strong>eorum</strong></span> <span class='ocrx_word' id='word_1_112' title='bbox 1703 893 1926 931; x_wconf 87' lang='lat' dir='ltr'><strong>communio</strong></span> <span class='ocrx_word' id='word_1_113' title='bbox 1943 903 2011 932; x_wconf 89' lang='lat' dir='ltr'><strong>ve-</strong></span> 
     </span>
     <span class='ocr_line' id='line_1_13' title="bbox 195 951 2003 1005; baseline -0.003 -8"><span class='ocrx_word' id='word_1_114' title='bbox 195 958 285 997; x_wconf 90' lang='lat' dir='ltr'><strong>neni</strong></span> <span class='ocrx_word' id='word_1_115' title='bbox 303 955 414 995; x_wconf 85' lang='lat' dir='ltr'><strong>instar</strong></span> <span class='ocrx_word' id='word_1_116' title='bbox 432 954 511 1003; x_wconf 85' lang='lat' dir='ltr'><strong>est,</strong></span> <span class='ocrx_word' id='word_1_117' title='bbox 542 954 647 1005; x_wconf 85' lang='lat' dir='ltr'>qnod</span> <span class='ocrx_word' id='word_1_118' title='bbox 673 952 785 992; x_wconf 82' lang='lat' dir='ltr'><strong>facile</strong></span> <span class='ocrx_word' id='word_1_119' title='bbox 803 953 895 990; x_wconf 90' lang='lat' dir='ltr'><strong>alios</strong></span> <span class='ocrx_word' id='word_1_120' title='bbox 918 952 1096 1003; x_wconf 79' lang='lat' dir='ltr'><strong>corripit3</strong></span> <span class='ocrx_word' id='word_1_121' title='bbox 1126 962 1286 999; x_wconf 85' lang='lat' dir='ltr'><strong>cancer,</strong></span> <span class='ocrx_word' id='word_1_122' title='bbox 1318 951 1381 1000; x_wconf 90' lang='lat' dir='ltr'><strong>qui</strong></span> <span class='ocrx_word' id='word_1_123' title='bbox 1412 953 1585 990; x_wconf 85' lang='lat' dir='ltr'><strong>celeriter</strong></span> <span class='ocrx_word' id='word_1_124' title='bbox 1608 951 1743 1002; x_wconf 82' lang='lat' dir='ltr'><strong>serpit,</strong></span> <span class='ocrx_word' id='word_1_125' title='bbox 1773 952 1840 990; x_wconf 85' lang='lat' dir='ltr'><strong>ubi</strong></span> <span class='ocrx_word' id='word_1_126' title='bbox 1866 952 2003 991; x_wconf 76' lang='lat' dir='ltr'><strong>novita</strong></span> 
     </span>
     <span class='ocr_line' id='line_1_14' title="bbox 195 1008 2016 1064; baseline -0.002 -9"><span class='ocrx_word' id='word_1_127' title='bbox 195 1025 236 1055; x_wconf 92' lang='lat' dir='ltr'><strong>te</strong></span> <span class='ocrx_word' id='word_1_128' title='bbox 262 1016 299 1055; x_wconf 88' lang='lat'>&amp;</span> <span class='ocrx_word' id='word_1_129' title='bbox 316 1016 467 1055; x_wconf 89' lang='lat' dir='ltr'><strong>licentia</strong></span> <span class='ocrx_word' id='word_1_130' title='bbox 491 1015 591 1064; x_wconf 79' lang='lat' dir='ltr'><strong>capti</strong></span> <span class='ocrx_word' id='word_1_131' title='bbox 614 1012 757 1052; x_wconf 83' lang='lat' dir='ltr'><strong>fuerint</strong></span> <span class='ocrx_word' id='word_1_132' title='bbox 787 1011 864 1064; x_wconf 66' lang='lat' dir='ltr'><strong>(a)</strong></span> <span class='ocrx_word' id='word_1_133' title='bbox 896 1013 1022 1050; x_wconf 81' lang='lat' dir='ltr'><strong>animi.</strong></span> <span class='ocrx_word' id='word_1_134' title='bbox 1085 1009 1232 1050; x_wconf 92' lang='lat' dir='ltr'><strong>Poterit</strong></span> <span class='ocrx_word' id='word_1_135' title='bbox 1259 1010 1415 1062; x_wconf 91' lang='lat' dir='ltr'><strong>quidem</strong></span> <span class='ocrx_word' id='word_1_136' title='bbox 1438 1010 1599 1050; x_wconf 88' lang='lat' dir='ltr'><strong>Politica</strong></span> <span class='ocrx_word' id='word_1_137' title='bbox 1621 1008 1758 1050; x_wconf 85' lang='lat' dir='ltr'><strong>divinis</strong></span> <span class='ocrx_word' id='word_1_138' title='bbox 1787 1010 1904 1052; x_wconf 87' lang='lat' dir='ltr'><strong>divisa</strong></span> <span class='ocrx_word' id='word_1_139' title='bbox 1921 1022 2016 1063; x_wconf 81' lang='lat' dir='ltr'><strong>prae-</strong></span> 
     </span>
     <span class='ocr_line' id='line_1_15' title="bbox 196 1069 2014 1123; baseline -0.003 -8"><span class='ocrx_word' id='word_1_140' title='bbox 196 1075 322 1122; x_wconf 82' lang='lat' dir='ltr'><strong>fidiis,</strong></span> <span class='ocrx_word' id='word_1_141' title='bbox 354 1074 391 1114; x_wconf 87' lang='lat'>&amp;</span> <span class='ocrx_word' id='word_1_142' title='bbox 409 1075 447 1114; x_wconf 91' lang='lat' dir='ltr'><strong>in</strong></span> <span class='ocrx_word' id='word_1_143' title='bbox 464 1075 605 1113; x_wconf 88' lang='lat' dir='ltr'><strong>artibus</strong></span> <span class='ocrx_word' id='word_1_144' title='bbox 623 1073 796 1112; x_wconf 86' lang='lat' dir='ltr'><strong>humanis</strong></span> <span class='ocrx_word' id='word_1_145' title='bbox 815 1071 918 1123; x_wconf 90' lang='lat' dir='ltr'><strong>spem</strong></span> <span class='ocrx_word' id='word_1_146' title='bbox 937 1071 1039 1110; x_wconf 88' lang='lat' dir='ltr'><strong>suam</strong></span> <span class='ocrx_word' id='word_1_147' title='bbox 1057 1071 1273 1119; x_wconf 80' lang='lat' dir='ltr'><strong>collocans,</strong></span> <span class='ocrx_word' id='word_1_148' title='bbox 1304 1070 1460 1121; x_wconf 87' lang='lat' dir='ltr'><strong>seipsam</strong></span> <span class='ocrx_word' id='word_1_149' title='bbox 1481 1070 1634 1120; x_wconf 87' lang='lat' dir='ltr'><strong>fallere,</strong></span> <span class='ocrx_word' id='word_1_150' title='bbox 1657 1069 1788 1110; x_wconf 90' lang='lat' dir='ltr'><strong>Deum</strong></span> <span class='ocrx_word' id='word_1_151' title='bbox 1806 1082 1886 1110; x_wconf 91' lang='lat' dir='ltr'><strong>non</strong></span> <span class='ocrx_word' id='word_1_152' title='bbox 1901 1070 2014 1118; x_wconf 90' lang='lat' dir='ltr'><strong>item,</strong></span> 
     </span>
     <span class='ocr_line' id='line_1_16' title="bbox 197 1128 2016 1186; baseline -0.002 -12"><span class='ocrx_word' id='word_1_153' title='bbox 197 1136 236 1175; x_wconf 91' lang='lat' dir='ltr'><strong>in</strong></span> <span class='ocrx_word' id='word_1_154' title='bbox 254 1134 361 1186; x_wconf 88' lang='lat' dir='ltr'><strong>cujus</strong></span> <span class='ocrx_word' id='word_1_155' title='bbox 381 1134 556 1173; x_wconf 86' lang='lat' dir='ltr'><strong>tribunali</strong></span> <span class='ocrx_word' id='word_1_156' title='bbox 576 1133 742 1172; x_wconf 86' lang='lat' dir='ltr'><strong>rationes</strong></span> <span class='ocrx_word' id='word_1_157' title='bbox 779 1143 885 1172; x_wconf 90' lang='lat' dir='ltr'><strong>mere</strong></span> <span class='ocrx_word' id='word_1_158' title='bbox 912 1139 1141 1182; x_wconf 78' lang='lat' dir='ltr'><strong>apparentes</strong></span> <span class='ocrx_word' id='word_1_159' title='bbox 1164 1131 1296 1169; x_wconf 89' lang='lat' dir='ltr'><strong>locum</strong></span> <span class='ocrx_word' id='word_1_160' title='bbox 1324 1141 1403 1169; x_wconf 87' lang='lat' dir='ltr'><strong>non</strong></span> <span class='ocrx_word' id='word_1_161' title='bbox 1429 1131 1587 1175; x_wconf 68' lang='lat' dir='ltr'><strong>habent,</strong></span> <span class='ocrx_word' id='word_1_162' title='bbox 1647 1128 1764 1169; x_wconf 87' lang='lat' dir='ltr'><strong>Baasa</strong></span> <span class='ocrx_word' id='word_1_163' title='bbox 1797 1131 1886 1170; x_wconf 84' lang='lat' dir='ltr'><strong>Rex</strong></span> <span class='ocrx_word' id='word_1_164' title='bbox 1908 1129 2016 1170; x_wconf 74' lang='lat' dir='ltr'><strong>lsrael</strong></span> 
     </span>
     <span class='ocr_line' id='line_1_17' title="bbox 197 1188 2019 1251; baseline -0.002 -18"><span class='ocrx_word' id='word_1_165' title='bbox 197 1195 334 1233; x_wconf 87' lang='lat' dir='ltr'><strong>urbem</strong></span> <span class='ocrx_word' id='word_1_166' title='bbox 359 1194 481 1233; x_wconf 86' lang='lat' dir='ltr'><strong>Rama</strong></span> <span class='ocrx_word' id='word_1_167' title='bbox 499 1192 524 1251; x_wconf 84' lang='grc'>&lt;</span> <span class='ocrx_word' id='word_1_168' title='bbox 542 1191 800 1243; x_wconf 90' lang='lat' dir='ltr'><strong>Benjamiticae</strong></span> <span class='ocrx_word' id='word_1_169' title='bbox 828 1191 949 1230; x_wconf 86' lang='lat' dir='ltr'><strong>tribus</strong></span> <span class='ocrx_word' id='word_1_170' title='bbox 963 1191 1134 1229; x_wconf 76' lang='lat' dir='ltr'><strong>ultimam</strong></span> <span class='ocrx_word' id='word_1_171' title='bbox 1155 1191 1194 1228; x_wconf 88' lang='lat' dir='ltr'><strong>in</strong></span> <span class='ocrx_word' id='word_1_172' title='bbox 1212 1189 1351 1242; x_wconf 88' lang='lat' dir='ltr'><strong>Regno</strong></span> <span class='ocrx_word' id='word_1_173' title='bbox 1373 1188 1477 1245; x_wconf 82' lang='lat' dir='ltr'><strong>Asa)</strong></span> <span class='ocrx_word' id='word_1_174' title='bbox 1509 1190 1796 1230; x_wconf 78' lang='lat' dir='ltr'><strong>communiebat</strong></span> <span class='ocrx_word' id='word_1_175' title='bbox 1811 1220 1822 1239; x_wconf 86' lang='lat'>‚</span> <span class='ocrx_word' id='word_1_176' title='bbox 1848 1189 2019 1240; x_wconf 88' lang='lat' dir='ltr'><strong>ejusdem</strong></span> 
     </span>
     <span class='ocr_line' id='line_1_18' title="bbox 199 1248 2018 1303; baseline -0.004 -10"><span class='ocrx_word' id='word_1_177' title='bbox 199 1252 323 1293; x_wconf 89' lang='lat' dir='ltr'><strong>aditus</strong></span> <span class='ocrx_word' id='word_1_178' title='bbox 340 1253 391 1293; x_wconf 77' lang='lat' dir='ltr'><strong>sic</strong></span> <span class='ocrx_word' id='word_1_179' title='bbox 410 1253 635 1301; x_wconf 86' lang='lat' dir='ltr'><strong>claudebat,</strong></span> <span class='ocrx_word' id='word_1_180' title='bbox 666 1262 709 1291; x_wconf 90' lang='lat' dir='ltr'><strong>ut</strong></span> <span class='ocrx_word' id='word_1_181' title='bbox 736 1263 854 1291; x_wconf 85' lang='lat' dir='ltr'><strong>nemo</strong></span> <span class='ocrx_word' id='word_1_182' title='bbox 870 1250 1049 1301; x_wconf 85' lang='lat' dir='ltr'><strong>Regnum</strong></span> <span class='ocrx_word' id='word_1_183' title='bbox 1070 1248 1164 1289; x_wconf 91' lang='lat' dir='ltr'><strong>illud</strong></span> <span class='ocrx_word' id='word_1_184' title='bbox 1182 1248 1269 1289; x_wconf 78' lang='lat' dir='ltr'><strong>tuto</strong></span> <span class='ocrx_word' id='word_1_185' title='bbox 1287 1248 1412 1301; x_wconf 89' lang='lat' dir='ltr'><strong>posset</strong></span> <span class='ocrx_word' id='word_1_186' title='bbox 1428 1249 1593 1302; x_wconf 81' lang='lat' dir='ltr'><strong>ingredi,</strong></span> <span class='ocrx_word' id='word_1_187' title='bbox 1624 1248 1792 1289; x_wconf 77' lang='lat' dir='ltr'><strong>aurinde</strong></span> <span class='ocrx_word' id='word_1_188' title='bbox 1820 1248 1891 1303; x_wconf 75' lang='lat' dir='ltr'><strong>(b)</strong></span> <span class='ocrx_word' id='word_1_189' title='bbox 1911 1261 2018 1301; x_wconf 85' lang='lat' dir='ltr'><strong>egre.</strong></span> 
     </span>
     <span class='ocr_line' id='line_1_19' title="bbox 198 1307 2020 1366; baseline -0.004 -13"><span class='ocrx_word' id='word_1_190' title='bbox 198 1313 264 1357; x_wconf 80' lang='lat' dir='ltr'><strong>di:</strong></span> <span class='ocrx_word' id='word_1_191' title='bbox 295 1314 384 1353; x_wconf 91' lang='lat' dir='ltr'><strong>belli</strong></span> <span class='ocrx_word' id='word_1_192' title='bbox 413 1314 518 1366; x_wconf 87' lang='lat' dir='ltr'><strong>seges</strong></span> <span class='ocrx_word' id='word_1_193' title='bbox 539 1324 584 1352; x_wconf 87' lang='lat' dir='ltr'><strong>ea</strong></span> <span class='ocrx_word' id='word_1_194' title='bbox 606 1311 680 1352; x_wconf 89' lang='lat' dir='ltr'><strong>fuit</strong></span> <span class='ocrx_word' id='word_1_195' title='bbox 701 1313 801 1351; x_wconf 86' lang='lat' dir='ltr'><strong>inter</strong></span> <span class='ocrx_word' id='word_1_196' title='bbox 826 1310 961 1350; x_wconf 77' lang='lat' dir='ltr'><strong>ambos</strong></span> <span class='ocrx_word' id='word_1_197' title='bbox 993 1311 1077 1349; x_wconf 83' lang='lat' dir='ltr'><strong>illos</strong></span> <span class='ocrx_word' id='word_1_198' title='bbox 1102 1309 1232 1362; x_wconf 84' lang='lat' dir='ltr'><strong>Reges</strong></span> <span class='ocrx_word' id='word_1_199' title='bbox 1249 1339 1261 1358; x_wconf 87' lang='lat'>,</span> <span class='ocrx_word' id='word_1_200' title='bbox 1291 1318 1547 1362; x_wconf 85' lang='lat' dir='ltr'><strong>metuensque</strong></span> <span class='ocrx_word' id='word_1_201' title='bbox 1575 1310 1648 1348; x_wconf 88' lang='lat' dir='ltr'><strong>Asa</strong></span> <span class='ocrx_word' id='word_1_202' title='bbox 1672 1307 1798 1349; x_wconf 83' lang='lat' dir='ltr'><strong>foedus</strong></span> <span class='ocrx_word' id='word_1_203' title='bbox 1825 1307 2020 1348; x_wconf 83' lang='lat' dir='ltr'><strong>Benadadi</strong></span> 
     </span>
     <span class='ocr_line' id='line_1_20' title="bbox 196 1367 2019 1426; baseline -0.003 -13"><span class='ocrx_word' id='word_1_204' title='bbox 196 1374 316 1426; x_wconf 88' lang='lat' dir='ltr'><strong>Regis</strong></span> <span class='ocrx_word' id='word_1_205' title='bbox 343 1372 482 1423; x_wconf 82' lang='lat' dir='ltr'><strong>Syriae,</strong></span> <span class='ocrx_word' id='word_1_206' title='bbox 512 1371 621 1424; x_wconf 87' lang='lat' dir='ltr'><strong>quod</strong></span> <span class='ocrx_word' id='word_1_207' title='bbox 651 1383 740 1411; x_wconf 90' lang='lat' dir='ltr'><strong>cum</strong></span> <span class='ocrx_word' id='word_1_208' title='bbox 764 1371 879 1411; x_wconf 84' lang='lat' dir='ltr'><strong>Baasa</strong></span> <span class='ocrx_word' id='word_1_209' title='bbox 909 1370 1081 1417; x_wconf 83' lang='lat' dir='ltr'><strong>fecerat;</strong></span> <span class='ocrx_word' id='word_1_210' title='bbox 1109 1369 1188 1408; x_wconf 89' lang='lat' dir='ltr'><strong>hoc</strong></span> <span class='ocrx_word' id='word_1_211' title='bbox 1212 1370 1292 1421; x_wconf 87' lang='lat' dir='ltr'><strong>egit</strong></span> <span class='ocrx_word' id='word_1_212' title='bbox 1317 1370 1505 1420; x_wconf 84' lang='lat' dir='ltr'><strong>primum,</strong></span> <span class='ocrx_word' id='word_1_213' title='bbox 1534 1377 1578 1408; x_wconf 89' lang='lat' dir='ltr'><strong>ut</strong></span> <span class='ocrx_word' id='word_1_214' title='bbox 1602 1367 1695 1407; x_wconf 89' lang='lat' dir='ltr'><strong>illud</strong></span> <span class='ocrx_word' id='word_1_215' title='bbox 1724 1368 2019 1416; x_wconf 88' lang='lat' dir='ltr'><strong>discinderetur,</strong></span> 
     </span>
     <span class='ocr_line' id='line_1_21' title="bbox 198 1425 2016 1482; baseline -0.004 -10"><span class='ocrx_word' id='word_1_216' title='bbox 198 1433 238 1472; x_wconf 87' lang='lat'>&amp;</span> <span class='ocrx_word' id='word_1_217' title='bbox 256 1432 356 1472; x_wconf 88' lang='lat' dir='ltr'><strong>aliud</strong></span> <span class='ocrx_word' id='word_1_218' title='bbox 376 1432 517 1473; x_wconf 89' lang='lat' dir='ltr'><strong>deinde</strong></span> <span class='ocrx_word' id='word_1_219' title='bbox 531 1443 682 1472; x_wconf 89' lang='lat' dir='ltr'><strong>novum</strong></span> <span class='ocrx_word' id='word_1_220' title='bbox 701 1442 789 1470; x_wconf 90' lang='lat' dir='ltr'><strong>cum</strong></span> <span class='ocrx_word' id='word_1_221' title='bbox 807 1428 949 1469; x_wconf 90' lang='lat' dir='ltr'><strong>eodem</strong></span> <span class='ocrx_word' id='word_1_222' title='bbox 973 1426 1182 1468; x_wconf 88' lang='lat' dir='ltr'><strong>Benadado</strong></span> <span class='ocrx_word' id='word_1_223' title='bbox 1206 1428 1286 1479; x_wconf 90' lang='lat' dir='ltr'><strong>ipse</strong></span> <span class='ocrx_word' id='word_1_224' title='bbox 1306 1429 1407 1466; x_wconf 82' lang='lat' dir='ltr'><strong>iniit.-</strong></span> <span class='ocrx_word' id='word_1_225' title='bbox 1437 1428 1508 1480; x_wconf 70' lang='grc' dir='ltr'><strong>(ε)</strong></span> <span class='ocrx_word' id='word_1_226' title='bbox 1537 1427 1629 1482; x_wconf 78' lang='lat' dir='ltr'><strong>quod</strong></span> <span class='ocrx_word' id='word_1_227' title='bbox 1651 1441 1725 1466; x_wconf 81' lang='lat' dir='ltr'><strong>cum</strong></span> <span class='ocrx_word' id='word_1_228' title='bbox 1749 1425 1890 1480; x_wconf 63' lang='lat' dir='ltr'><strong>auclfflt</strong></span> <span class='ocrx_word' id='word_1_229' title='bbox 1916 1428 2016 1468; x_wconf 73' lang='lat' dir='ltr'><strong>Baa-</strong></span> 
     </span>
     <span class='ocr_line' id='line_1_22' title="bbox 188 1484 2019 1544; baseline -0.003 -12"><span class='ocrx_word' id='word_1_230' title='bbox 188 1489 255 1544; x_wconf 76' lang='lat' dir='ltr'><strong>st23</strong></span> <span class='ocrx_word' id='word_1_231' title='bbox 283 1491 375 1544; x_wconf 68' lang='lat' dir='ltr'><strong>dcfiit</strong></span> <span class='ocrx_word' id='word_1_232' title='bbox 398 1489 569 1543; x_wconf 69' lang='lat' dir='ltr'><strong>(edificare</strong></span> <span class='ocrx_word' id='word_1_233' title='bbox 593 1491 735 1538; x_wconf 76' lang='lat' dir='ltr'><strong>Rama,</strong></span> <span class='ocrx_word' id='word_1_234' title='bbox 765 1486 1007 1537; x_wconf 64' lang='lat' dir='ltr'><strong>&amp;intermisit</strong></span> <span class='ocrx_word' id='word_1_235' title='bbox 1023 1484 1239 1538; x_wconf 70' lang='lat' dir='ltr'><strong>opusfimm:</strong></span> <span class='ocrx_word' id='word_1_236' title='bbox 1271 1487 1418 1525; x_wconf 79' lang='lat' dir='ltr'><strong>tametsi</strong></span> <span class='ocrx_word' id='word_1_237' title='bbox 1443 1487 1539 1525; x_wconf 77' lang='lat' dir='ltr'><strong>vero</strong></span> <span class='ocrx_word' id='word_1_238' title='bbox 1567 1496 1718 1537; x_wconf 83' lang='lat' dir='ltr'><strong>urgeret</strong></span> <span class='ocrx_word' id='word_1_239' title='bbox 1744 1488 1954 1534; x_wconf 72' lang='lat' dir='ltr'><strong>necessitas,</strong></span> <span class='ocrx_word' id='word_1_240' title='bbox 1981 1486 2019 1526; x_wconf 88' lang='lat'>&amp;</span> 
     </span>
     <span class='ocr_line' id='line_1_23' title="bbox 198 1544 2019 1595; baseline -0.003 -4"><span class='ocrx_word' id='word_1_241' title='bbox 198 1550 325 1592; x_wconf 85' lang='lat' dir='ltr'><strong>foedus</strong></span> <span class='ocrx_word' id='word_1_242' title='bbox 352 1551 446 1591; x_wconf 90' lang='lat' dir='ltr'><strong>illud</strong></span> <span class='ocrx_word' id='word_1_243' title='bbox 470 1550 581 1590; x_wconf 87' lang='lat' dir='ltr'><strong>fieret</strong></span> <span class='ocrx_word' id='word_1_244' title='bbox 599 1562 680 1588; x_wconf 91' lang='lat' dir='ltr'><strong>non</strong></span> <span class='ocrx_word' id='word_1_245' title='bbox 696 1547 764 1588; x_wconf 84' lang='lat' dir='ltr'><strong>nisl</strong></span> <span class='ocrx_word' id='word_1_246' title='bbox 783 1546 908 1586; x_wconf 89' lang='lat' dir='ltr'><strong>studio</strong></span> <span class='ocrx_word' id='word_1_247' title='bbox 936 1544 1168 1584; x_wconf 78' lang='lat' dir='ltr'><strong>defensionis</strong></span> <span class='ocrx_word' id='word_1_248' title='bbox 1191 1545 1389 1592; x_wconf 88' lang='lat' dir='ltr'><strong>naturalis,</strong></span> <span class='ocrx_word' id='word_1_249' title='bbox 1405 1544 1525 1595; x_wconf 21' lang='lat' dir='ltr'><strong>*cujus</strong></span> <span class='ocrx_word' id='word_1_250' title='bbox 1554 1556 1648 1583; x_wconf 83' lang='lat' dir='ltr'><strong>mox</strong></span> <span class='ocrx_word' id='word_1_251' title='bbox 1672 1547 1841 1595; x_wconf 88' lang='lat' dir='ltr'><strong>optimus</strong></span> <span class='ocrx_word' id='word_1_252' title='bbox 1864 1544 1937 1585; x_wconf 88' lang='lat' dir='ltr'><strong>fuit</strong></span> <span class='ocrx_word' id='word_1_253' title='bbox 1963 1544 2019 1585; x_wconf 85' lang='lat' dir='ltr'><strong>ef-</strong></span> 
     </span>
     <span class='ocr_line' id='line_1_24' title="bbox 198 1603 2016 1661; baseline -0.003 -11"><span class='ocrx_word' id='word_1_254' title='bbox 198 1609 347 1658; x_wconf 68' lang='lat' dir='ltr'><strong>festus,</strong></span> <span class='ocrx_word' id='word_1_255' title='bbox 379 1609 569 1661; x_wconf 86' lang='lat' dir='ltr'><strong>displicuit</strong></span> <span class='ocrx_word' id='word_1_256' title='bbox 593 1617 719 1646; x_wconf 84' lang='lat' dir='ltr'><strong>tamen</strong></span> <span class='ocrx_word' id='word_1_257' title='bbox 746 1605 867 1652; x_wconf 85' lang='lat' dir='ltr'><strong>Deo,</strong></span> <span class='ocrx_word' id='word_1_258' title='bbox 899 1603 1006 1655; x_wconf 86' lang='lat' dir='ltr'><strong>quod</strong></span> <span class='ocrx_word' id='word_1_259' title='bbox 1030 1606 1069 1643; x_wconf 90' lang='lat' dir='ltr'><strong>in</strong></span> <span class='ocrx_word' id='word_1_260' title='bbox 1090 1605 1151 1642; x_wconf 89' lang='lat' dir='ltr'><strong>illa</strong></span> <span class='ocrx_word' id='word_1_261' title='bbox 1178 1603 1330 1654; x_wconf 81' lang='lat' dir='ltr'><strong>potius,</strong></span> <span class='ocrx_word' id='word_1_262' title='bbox 1364 1614 1477 1655; x_wconf 87' lang='lat' dir='ltr'><strong>quam</strong></span> <span class='ocrx_word' id='word_1_263' title='bbox 1500 1604 1538 1643; x_wconf 89' lang='lat' dir='ltr'><strong>in</strong></span> <span class='ocrx_word' id='word_1_264' title='bbox 1569 1605 1711 1643; x_wconf 83' lang='lat' dir='ltr'><strong>auxilio</strong></span> <span class='ocrx_word' id='word_1_265' title='bbox 1741 1604 1874 1644; x_wconf 87' lang='lat' dir='ltr'><strong>divino</strong></span> <span class='ocrx_word' id='word_1_266' title='bbox 1912 1606 2016 1645; x_wconf 86' lang='lat' dir='ltr'><strong>suam</strong></span> 
     </span>
     <span class='ocr_line' id='line_1_25' title="bbox 203 1662 2017 1716; baseline -0.003 -7"><span class='ocrx_word' id='word_1_267' title='bbox 203 1667 425 1709; x_wconf 87' lang='lat' dir='ltr'><strong>collocasset</strong></span> <span class='ocrx_word' id='word_1_268' title='bbox 450 1667 651 1715; x_wconf 86' lang='lat' dir='ltr'><strong>fiduciam,</strong></span> <span class='ocrx_word' id='word_1_269' title='bbox 683 1665 861 1716; x_wconf 82' lang='lat' dir='ltr'><strong>misitque</strong></span> <span class='ocrx_word' id='word_1_270' title='bbox 878 1663 1084 1703; x_wconf 88' lang='lat' dir='ltr'><strong>Hananum</strong></span> <span class='ocrx_word' id='word_1_271' title='bbox 1101 1662 1360 1714; x_wconf 80' lang='lat' dir='ltr'><strong>prophetam,</strong></span> <span class='ocrx_word' id='word_1_272' title='bbox 1390 1664 1455 1714; x_wconf 91' lang='lat' dir='ltr'><strong>qui</strong></span> <span class='ocrx_word' id='word_1_273' title='bbox 1473 1662 1626 1703; x_wconf 89' lang='lat' dir='ltr'><strong>stultum</strong></span> <span class='ocrx_word' id='word_1_274' title='bbox 1654 1663 1733 1715; x_wconf 86' lang='lat' dir='ltr'><strong>ejus</strong></span> <span class='ocrx_word' id='word_1_275' title='bbox 1748 1665 1946 1704; x_wconf 83' lang='lat' dir='ltr'><strong>confilium</strong></span> <span class='ocrx_word' id='word_1_276' title='bbox 1960 1677 2017 1704; x_wconf 88' lang='lat' dir='ltr'><strong>re-</strong></span> 
     </span>
     <span class='ocr_line' id='line_1_26' title="bbox 200 1719 2020 1782; baseline -0.003 -13"><span class='ocrx_word' id='word_1_277' title='bbox 200 1728 481 1782; x_wconf 86' lang='lat' dir='ltr'><strong>prehenderet,</strong></span> <span class='ocrx_word' id='word_1_278' title='bbox 512 1727 551 1766; x_wconf 88' lang='lat'>&amp;</span> <span class='ocrx_word' id='word_1_279' title='bbox 567 1727 698 1779; x_wconf 87' lang='lat' dir='ltr'><strong>gravia</strong></span> <span class='ocrx_word' id='word_1_280' title='bbox 719 1726 753 1765; x_wconf 90' lang='lat' dir='ltr'><strong>ei</strong></span> <span class='ocrx_word' id='word_1_281' title='bbox 776 1724 914 1764; x_wconf 87' lang='lat' dir='ltr'><strong>damna</strong></span> <span class='ocrx_word' id='word_1_282' title='bbox 933 1735 976 1763; x_wconf 87' lang='lat' dir='ltr'><strong>ac</strong></span> <span class='ocrx_word' id='word_1_283' title='bbox 1005 1722 1105 1762; x_wconf 88' lang='lat' dir='ltr'><strong>bella</strong></span> <span class='ocrx_word' id='word_1_284' title='bbox 1127 1719 1201 1778; x_wconf 73' lang='lat' dir='ltr'><strong>(d)</strong></span> <span class='ocrx_word' id='word_1_285' title='bbox 1220 1723 1456 1762; x_wconf 81' lang='lat' dir='ltr'><strong>minitaretur</strong></span> <span class='ocrx_word' id='word_1_286' title='bbox 1471 1753 1483 1772; x_wconf 87' lang='lat'><strong>,</strong></span> <span class='ocrx_word' id='word_1_287' title='bbox 1513 1734 1599 1775; x_wconf 77' lang='lat' dir='ltr'><strong>quoe</strong></span> <span class='ocrx_word' id='word_1_288' title='bbox 1621 1724 1739 1775; x_wconf 86' lang='lat' dir='ltr'><strong>reipsa</strong></span> <span class='ocrx_word' id='word_1_289' title='bbox 1763 1723 1902 1764; x_wconf 84' lang='lat' dir='ltr'><strong>deinde</strong></span> <span class='ocrx_word' id='word_1_290' title='bbox 1927 1736 2020 1764; x_wconf 87' lang='lat' dir='ltr'><strong>eve·</strong></span> 
     </span>
     <span class='ocr_line' id='line_1_27' title="bbox 199 1782 2019 1838; baseline -0.003 -9"><span class='ocrx_word' id='word_1_291' title='bbox 199 1786 304 1830; x_wconf 68' lang='lat' dir='ltr'><strong>nere.</strong></span> <span class='ocrx_word' id='word_1_292' title='bbox 365 1787 427 1827; x_wconf 86' lang='lat' dir='ltr'><strong>Ex</strong></span> <span class='ocrx_word' id='word_1_293' title='bbox 444 1787 522 1827; x_wconf 91' lang='lat' dir='ltr'><strong>hoc</strong></span> <span class='ocrx_word' id='word_1_294' title='bbox 540 1787 622 1838; x_wconf 90' lang='lat' dir='ltr'><strong>ipso</strong></span> <span class='ocrx_word' id='word_1_295' title='bbox 639 1784 754 1825; x_wconf 85' lang='lat' dir='ltr'><strong>facile</strong></span> <span class='ocrx_word' id='word_1_296' title='bbox 780 1783 961 1834; x_wconf 87' lang='lat' dir='ltr'><strong>colligere</strong></span> <span class='ocrx_word' id='word_1_297' title='bbox 979 1783 1111 1822; x_wconf 81' lang='lat' dir='ltr'><strong>licebit</strong></span> <span class='ocrx_word' id='word_1_298' title='bbox 1123 1813 1135 1832; x_wconf 79' lang='lat'>‚</span> <span class='ocrx_word' id='word_1_299' title='bbox 1152 1792 1332 1832; x_wconf 89' lang='lat' dir='ltr'><strong>quantam</strong></span> <span class='ocrx_word' id='word_1_300' title='bbox 1348 1782 1426 1822; x_wconf 90' lang='lat' dir='ltr'><strong>Dei</strong></span> <span class='ocrx_word' id='word_1_301' title='bbox 1442 1782 1624 1823; x_wconf 81' lang='lat' dir='ltr'><strong>offensam</strong></span> <span class='ocrx_word' id='word_1_302' title='bbox 1644 1785 1843 1824; x_wconf 88' lang='lat' dir='ltr'><strong>incurrerit</strong></span> <span class='ocrx_word' id='word_1_303' title='bbox 1860 1796 2019 1836; x_wconf 84' lang='lat' dir='ltr'><strong>regnum</strong></span> 
     </span>
     <span class='ocr_line' id='line_1_28' title="bbox 198 1842 2018 1900; baseline -0.003 -11"><span class='ocrx_word' id='word_1_304' title='bbox 198 1847 366 1889; x_wconf 86' lang='lat' dir='ltr'><strong>Franciae</strong></span> <span class='ocrx_word' id='word_1_305' title='bbox 390 1855 552 1900; x_wconf 86' lang='lat' dir='ltr'><strong>propter</strong></span> <span class='ocrx_word' id='word_1_306' title='bbox 579 1844 724 1886; x_wconf 86' lang='lat' dir='ltr'><strong>soedera</strong></span> <span class='ocrx_word' id='word_1_307' title='bbox 758 1856 847 1884; x_wconf 88' lang='lat' dir='ltr'><strong>cum</strong></span> <span class='ocrx_word' id='word_1_308' title='bbox 872 1843 1074 1883; x_wconf 87' lang='lat' dir='ltr'><strong>Haereticis</strong></span> <span class='ocrx_word' id='word_1_309' title='bbox 1098 1854 1203 1882; x_wconf 92' lang='lat' dir='ltr'><strong>nunc</strong></span> <span class='ocrx_word' id='word_1_310' title='bbox 1230 1843 1322 1882; x_wconf 89' lang='lat' dir='ltr'><strong>inita</strong></span> <span class='ocrx_word' id='word_1_311' title='bbox 1342 1873 1355 1892; x_wconf 91' lang='lat'>‚</span> <span class='ocrx_word' id='word_1_312' title='bbox 1386 1842 1434 1882; x_wconf 89' lang='lat' dir='ltr'><strong>ad</strong></span> <span class='ocrx_word' id='word_1_313' title='bbox 1463 1843 1753 1896; x_wconf 85' lang='lat' dir='ltr'><strong>opprimendam</strong></span> <span class='ocrx_word' id='word_1_314' title='bbox 1783 1842 2018 1884; x_wconf 87' lang='lat' dir='ltr'><strong>Austriacam</strong></span> 
     </span>
     <span class='ocr_line' id='line_1_29' title="bbox 199 1899 2019 1960; baseline -0.002 -13"><span class='ocrx_word' id='word_1_315' title='bbox 199 1907 391 1950; x_wconf 84' lang='lat' dir='ltr'><strong>Domum.</strong></span> <span class='ocrx_word' id='word_1_316' title='bbox 455 1906 546 1960; x_wconf 89' lang='lat' dir='ltr'><strong>Qua</strong></span> <span class='ocrx_word' id='word_1_317' title='bbox 565 1907 603 1944; x_wconf 92' lang='lat' dir='ltr'><strong>in</strong></span> <span class='ocrx_word' id='word_1_318' title='bbox 623 1916 664 1944; x_wconf 89' lang='lat' dir='ltr'><strong>re</strong></span> <span class='ocrx_word' id='word_1_319' title='bbox 695 1902 909 1944; x_wconf 87' lang='lat' dir='ltr'><strong>obtendere</strong></span> <span class='ocrx_word' id='word_1_320' title='bbox 940 1915 1017 1942; x_wconf 88' lang='lat' dir='ltr'><strong>non</strong></span> <span class='ocrx_word' id='word_1_321' title='bbox 1043 1899 1173 1954; x_wconf 87' lang='lat' dir='ltr'><strong>potest</strong></span> <span class='ocrx_word' id='word_1_322' title='bbox 1200 1902 1352 1942; x_wconf 88' lang='lat' dir='ltr'><strong>titulum</strong></span> <span class='ocrx_word' id='word_1_323' title='bbox 1380 1902 1612 1943; x_wconf 86' lang='lat' dir='ltr'><strong>defensionis</strong></span> <span class='ocrx_word' id='word_1_324' title='bbox 1636 1905 1813 1943; x_wconf 85' lang='lat' dir='ltr'><strong>naturalis</strong></span> <span class='ocrx_word' id='word_1_325' title='bbox 1838 1907 1875 1943; x_wconf 88' lang='lat' dir='ltr'><strong>in</strong></span> <span class='ocrx_word' id='word_1_326' title='bbox 1893 1914 2019 1944; x_wconf 50' lang='lat' dir='ltr'><strong>extre*</strong></span> 
     </span>
     <span class='ocr_line' id='line_1_30' title="bbox 199 1961 2074 2016; baseline -0.003 -8"><span class='ocrx_word' id='word_1_327' title='bbox 199 1980 263 2009; x_wconf 89' lang='lat' dir='ltr'><strong>ma</strong></span> <span class='ocrx_word' id='word_1_328' title='bbox 289 1965 524 2015; x_wconf 71' lang='lat' dir='ltr'><strong>necessitate,</strong></span> <span class='ocrx_word' id='word_1_329' title='bbox 557 1966 644 2016; x_wconf 86' lang='lat' dir='ltr'><strong>quia</strong></span> <span class='ocrx_word' id='word_1_330' title='bbox 666 1966 767 2004; x_wconf 90' lang='lat' dir='ltr'><strong>nulla</strong></span> <span class='ocrx_word' id='word_1_331' title='bbox 788 1965 892 2015; x_wconf 90' lang='lat' dir='ltr'><strong>prius</strong></span> <span class='ocrx_word' id='word_1_332' title='bbox 908 1961 1112 2002; x_wconf 82' lang='lat' dir='ltr'><strong>laeeffitum</strong></span> <span class='ocrx_word' id='word_1_333' title='bbox 1133 1961 1284 2012; x_wconf 82' lang='lat' dir='ltr'><strong>injuria,</strong></span> <span class='ocrx_word' id='word_1_334' title='bbox 1315 1962 1353 2002; x_wconf 88' lang='lat'>&amp;</span> <span class='ocrx_word' id='word_1_335' title='bbox 1371 1963 1517 2015; x_wconf 88' lang='lat' dir='ltr'><strong>absque</strong></span> <span class='ocrx_word' id='word_1_336' title='bbox 1534 1962 1608 2003; x_wconf 86' lang='lat' dir='ltr'><strong>ulla</strong></span> <span class='ocrx_word' id='word_1_337' title='bbox 1628 1963 1758 2010; x_wconf 79' lang='lat' dir='ltr'><strong>causa,</strong></span> <span class='ocrx_word' id='word_1_338' title='bbox 1789 1975 1878 2003; x_wconf 88' lang='lat' dir='ltr'><strong>cum</strong></span> <span class='ocrx_word' id='word_1_339' title='bbox 1893 1965 2015 2003; x_wconf 73' lang='lat' dir='ltr'><strong>omni·</strong></span> <span class='ocrx_word' id='word_1_340' title='bbox 2070 2009 2074 2013; x_wconf 8' lang='lat' dir='ltr'><strong>p</strong></span> 
     </span>
     <span class='ocr_line' id='line_1_31' title="bbox 199 2021 2020 2072; baseline -0.003 -5"><span class='ocrx_word' id='word_1_341' title='bbox 199 2029 273 2067; x_wconf 89' lang='lat' dir='ltr'><strong>bus</strong></span> <span class='ocrx_word' id='word_1_342' title='bbox 294 2028 390 2066; x_wconf 88' lang='lat' dir='ltr'><strong>illius</strong></span> <span class='ocrx_word' id='word_1_343' title='bbox 408 2024 581 2065; x_wconf 88' lang='lat' dir='ltr'><strong>hostibus</strong></span> <span class='ocrx_word' id='word_1_344' title='bbox 598 2023 723 2063; x_wconf 86' lang='lat' dir='ltr'><strong>foedus</strong></span> <span class='ocrx_word' id='word_1_345' title='bbox 753 2024 873 2063; x_wconf 85' lang='lat' dir='ltr'><strong>sanxit</strong></span> <span class='ocrx_word' id='word_1_346' title='bbox 891 2052 903 2072; x_wconf 92' lang='lat'>,</span> <span class='ocrx_word' id='word_1_347' title='bbox 933 2022 970 2061; x_wconf 87' lang='lat'>&amp;</span> <span class='ocrx_word' id='word_1_348' title='bbox 985 2022 1130 2061; x_wconf 89' lang='lat' dir='ltr'><strong>bellum</strong></span> <span class='ocrx_word' id='word_1_349' title='bbox 1154 2022 1189 2060; x_wconf 90' lang='lat' dir='ltr'><strong>ei</strong></span> <span class='ocrx_word' id='word_1_350' title='bbox 1213 2022 1362 2069; x_wconf 81' lang='lat' dir='ltr'><strong>intulit3</strong></span> <span class='ocrx_word' id='word_1_351' title='bbox 1393 2021 1487 2062; x_wconf 89' lang='lat' dir='ltr'><strong>foris</strong></span> <span class='ocrx_word' id='word_1_352' title='bbox 1515 2032 1622 2062; x_wconf 86' lang='lat' dir='ltr'><strong>extra</strong></span> <span class='ocrx_word' id='word_1_353' title='bbox 1646 2023 1775 2062; x_wconf 84' lang='lat' dir='ltr'><strong>Status</strong></span> <span class='ocrx_word' id='word_1_354' title='bbox 1809 2023 1896 2062; x_wconf 89' lang='lat' dir='ltr'><strong>suos</strong></span> <span class='ocrx_word' id='word_1_355' title='bbox 1926 2022 2020 2062; x_wconf 90' lang='lat' dir='ltr'><strong>illud</strong></span> 
     </span>
     <span class='ocr_line' id='line_1_32' title="bbox 200 2078 2019 2135; baseline -0.004 -9"><span class='ocrx_word' id='word_1_356' title='bbox 200 2086 398 2135; x_wconf 87' lang='lat' dir='ltr'><strong>fovendo,</strong></span> <span class='ocrx_word' id='word_1_357' title='bbox 430 2096 578 2135; x_wconf 89' lang='lat' dir='ltr'><strong>eosque</strong></span> <span class='ocrx_word' id='word_1_358' title='bbox 603 2083 797 2123; x_wconf 85' lang='lat' dir='ltr'><strong>dilatando</strong></span> <span class='ocrx_word' id='word_1_359' title='bbox 814 2083 1059 2134; x_wconf 87' lang='lat' dir='ltr'><strong>usurpatione</strong></span> <span class='ocrx_word' id='word_1_360' title='bbox 1092 2078 1224 2132; x_wconf 86' lang='lat' dir='ltr'><strong>injusta</strong></span> <span class='ocrx_word' id='word_1_361' title='bbox 1249 2079 1539 2122; x_wconf 88' lang='lat' dir='ltr'><strong>Provinciarum</strong></span> <span class='ocrx_word' id='word_1_362' title='bbox 1561 2093 1803 2131; x_wconf 85' lang='lat' dir='ltr'><strong>exterarum,</strong></span> <span class='ocrx_word' id='word_1_363' title='bbox 1831 2083 1870 2121; x_wconf 87' lang='lat'>&amp;</span> <span class='ocrx_word' id='word_1_364' title='bbox 1897 2082 2019 2122; x_wconf 84' lang='lat' dir='ltr'><strong>confi.</strong></span> 
     </span>
     <span class='ocr_line' id='line_1_33' title="bbox 201 2139 2019 2194; baseline -0.003 -7"><span class='ocrx_word' id='word_1_365' title='bbox 201 2148 255 2187; x_wconf 91' lang='lat' dir='ltr'><strong>lio</strong></span> <span class='ocrx_word' id='word_1_366' title='bbox 275 2157 319 2185; x_wconf 89' lang='lat' dir='ltr'><strong>ac</strong></span> <span class='ocrx_word' id='word_1_367' title='bbox 347 2145 493 2184; x_wconf 85' lang='lat' dir='ltr'><strong>viribus</strong></span> <span class='ocrx_word' id='word_1_368' title='bbox 509 2142 712 2182; x_wconf 87' lang='lat' dir='ltr'><strong>Haereticis</strong></span> <span class='ocrx_word' id='word_1_369' title='bbox 731 2142 924 2182; x_wconf 79' lang='lat' dir='ltr'><strong>foederatis</strong></span> <span class='ocrx_word' id='word_1_370' title='bbox 940 2140 1156 2190; x_wconf 81' lang='lat' dir='ltr'><strong>assistendo,</strong></span> <span class='ocrx_word' id='word_1_371' title='bbox 1186 2148 1229 2179; x_wconf 89' lang='lat' dir='ltr'><strong>ut</strong></span> <span class='ocrx_word' id='word_1_372' title='bbox 1256 2139 1305 2179; x_wconf 91' lang='lat' dir='ltr'><strong>de</strong></span> <span class='ocrx_word' id='word_1_373' title='bbox 1324 2142 1506 2193; x_wconf 84' lang='lat' dir='ltr'><strong>oppreffis</strong></span> <span class='ocrx_word' id='word_1_374' title='bbox 1527 2141 1737 2181; x_wconf 87' lang='lat' dir='ltr'><strong>Catholicis</strong></span> <span class='ocrx_word' id='word_1_375' title='bbox 1759 2143 1995 2194; x_wconf 85' lang='lat' dir='ltr'><strong>triumphent</strong></span> <span class='ocrx_word' id='word_1_376' title='bbox 2002 2152 2019 2194; x_wconf 80' lang='lat'>3</span> 
     </span>
     <span class='ocr_line' id='line_1_34' title="bbox 202 2199 2016 2254; baseline -0.003 -8"><span class='ocrx_word' id='word_1_377' title='bbox 202 2208 353 2246; x_wconf 89' lang='lat' dir='ltr'><strong>interim</strong></span> <span class='ocrx_word' id='word_1_378' title='bbox 378 2203 425 2243; x_wconf 89' lang='lat' dir='ltr'><strong>ad</strong></span> <span class='ocrx_word' id='word_1_379' title='bbox 443 2201 623 2243; x_wconf 58' lang='lat' dir='ltr'><strong>traebatus</strong></span> <span class='ocrx_word' id='word_1_380' title='bbox 647 2202 754 2254; x_wconf 85' lang='lat' dir='ltr'><strong>pacis</strong></span> <span class='ocrx_word' id='word_1_381' title='bbox 775 2200 979 2240; x_wconf 89' lang='lat' dir='ltr'><strong>Coloniam</strong></span> <span class='ocrx_word' id='word_1_382' title='bbox 1009 2199 1031 2240; x_wconf 81' lang='lat' dir='ltr'><strong>e</strong></span> <span class='ocrx_word' id='word_1_383' title='bbox 1051 2200 1174 2240; x_wconf 81' lang='lat' dir='ltr'><strong>Gallia</strong></span> <span class='ocrx_word' id='word_1_384' title='bbox 1190 2201 1324 2240; x_wconf 87' lang='lat' dir='ltr'><strong>venire</strong></span> <span class='ocrx_word' id='word_1_385' title='bbox 1349 2213 1466 2241; x_wconf 90' lang='lat' dir='ltr'><strong>nemo</strong></span> <span class='ocrx_word' id='word_1_386' title='bbox 1487 2201 1633 2250; x_wconf 86' lang='lat' dir='ltr'><strong>voluit,</strong></span> <span class='ocrx_word' id='word_1_387' title='bbox 1664 2202 2016 2252; x_wconf 85' lang='lat' dir='ltr'><strong>quantumvisPon-</strong></span> 
     </span>
    </p>
   </div>
   <div class='ocr_carea' id='block_1_3' title="bbox 975 337 1229 344">
    <p class='ocr_par' dir='ltr' id='par_1_4' title="bbox 975 337 1229 344">
     <span class='ocr_line' id='line_1_35' title="bbox 975 337 1229 344; baseline 0 3386"><span class='ocrx_word' id='word_1_388' title='bbox 975 337 1229 344; x_wconf 95' lang='lat' dir='ltr'><strong> </strong></span> 
     </span>
    </p>
   </div>
   <div class='ocr_carea' id='block_1_4' title="bbox 1235 338 1486 344">
    <p class='ocr_par' dir='ltr' id='par_1_5' title="bbox 1235 338 1486 344">
     <span class='ocr_line' id='line_1_36' title="bbox 1235 338 1486 344; baseline 0 0"><span class='ocrx_word' id='word_1_389' title='bbox 1235 338 1486 344; x_wconf 95' lang='lat' dir='ltr'><strong> </strong></span> 
     </span>
    </p>
   </div>
   <div class='ocr_carea' id='block_1_5' title="bbox 201 2250 2132 2315">
    <p class='ocr_par' dir='ltr' id='par_1_6' title="bbox 201 2250 2132 2315">
     <span class='ocr_line' id='line_1_37' title="bbox 201 2250 2132 2315; baseline -0.003 -9"><span class='ocrx_word' id='word_1_390' title='bbox 201 2265 300 2306; x_wconf 81' lang='lat' dir='ltr'><strong>tifex</strong></span> <span class='ocrx_word' id='word_1_391' title='bbox 320 2264 544 2312; x_wconf 76' lang='lat' dir='ltr'><strong>Maximus,</strong></span> <span class='ocrx_word' id='word_1_392' title='bbox 574 2262 812 2314; x_wconf 86' lang='lat' dir='ltr'><strong>Imperator,</strong></span> <span class='ocrx_word' id='word_1_393' title='bbox 843 2260 880 2301; x_wconf 76' lang='grc' dir='ltr'><strong>δε</strong></span> <span class='ocrx_word' id='word_1_394' title='bbox 898 2261 986 2300; x_wconf 85' lang='lat' dir='ltr'><strong>Rex</strong></span> <span class='ocrx_word' id='word_1_395' title='bbox 1006 2259 1274 2312; x_wconf 87' lang='lat' dir='ltr'><strong>Hispaniarum</strong></span> <span class='ocrx_word' id='word_1_396' title='bbox 1293 2259 1379 2301; x_wconf 90' lang='lat' dir='ltr'><strong>suos</strong></span> <span class='ocrx_word' id='word_1_397' title='bbox 1400 2263 1489 2301; x_wconf 87' lang='lat' dir='ltr'><strong>illue</strong></span> <span class='ocrx_word' id='word_1_398' title='bbox 1503 2273 1592 2301; x_wconf 89' lang='lat' dir='ltr'><strong>cum</strong></span> <span class='ocrx_word' id='word_1_399' title='bbox 1610 2262 1724 2315; x_wconf 89' lang='lat' dir='ltr'><strong>plena</strong></span> <span class='ocrx_word' id='word_1_400' title='bbox 1734 2260 1925 2315; x_wconf 87' lang='lat' dir='ltr'><strong>potestate</strong></span> <span class='ocrx_word' id='word_1_401' title='bbox 1945 2261 2017 2301; x_wconf 83' lang='lat' dir='ltr'><strong>Le·</strong></span> <span class='ocrx_word' id='word_1_402' title='bbox 2131 2250 2132 2254; x_wconf 28' lang='lat'>¹</span> 
     </span>
    </p>
   </div>
   <div class='ocr_carea' id='block_1_6' title="bbox 199 2321 2019 2835">
    <p class='ocr_par' dir='ltr' id='par_1_7' title="bbox 199 2321 576 2380">
     <span class='ocr_line' id='line_1_38' title="bbox 199 2321 576 2380; baseline -0.013 -14"><span class='ocrx_word' id='word_1_403' title='bbox 199 2336 311 2380; x_wconf 85' lang='lat' dir='ltr'><strong>gatos</strong></span> <span class='ocrx_word' id='word_1_404' title='bbox 335 2321 576 2377; x_wconf 67' lang='lat' dir='ltr'><strong>ablegaffent.</strong></span> 
     </span>
    </p>

    <p class='ocr_par' dir='ltr' id='par_1_8' title="bbox 203 2376 2019 2736">
     <span class='ocr_line' id='line_1_39' title="bbox 379 2376 2019 2435; baseline -0.003 -12"><span class='ocrx_word' id='word_1_405' title='bbox 379 2382 417 2435; x_wconf 81' lang='lat'><strong>§,</strong></span> <span class='ocrx_word' id='word_1_406' title='bbox 447 2382 539 2423; x_wconf 90' lang='lat' dir='ltr'><strong>Nee</strong></span> <span class='ocrx_word' id='word_1_407' title='bbox 567 2380 640 2421; x_wconf 87' lang='lat' dir='ltr'><strong>sola</strong></span> <span class='ocrx_word' id='word_1_408' title='bbox 665 2378 809 2420; x_wconf 81' lang='lat' dir='ltr'><strong>foedera</strong></span> <span class='ocrx_word' id='word_1_409' title='bbox 842 2391 930 2420; x_wconf 91' lang='lat' dir='ltr'><strong>cum</strong></span> <span class='ocrx_word' id='word_1_410' title='bbox 959 2376 1183 2427; x_wconf 87' lang='lat' dir='ltr'><strong>Haereticis‚</strong></span> <span class='ocrx_word' id='word_1_411' title='bbox 1213 2376 1278 2418; x_wconf 90' lang='lat' dir='ltr'><strong>sed</strong></span> <span class='ocrx_word' id='word_1_412' title='bbox 1302 2379 1419 2418; x_wconf 81' lang='lat' dir='ltr'><strong>etiam</strong></span> <span class='ocrx_word' id='word_1_413' title='bbox 1454 2377 1635 2417; x_wconf 87' lang='lat' dir='ltr'><strong>militares</strong></span> <span class='ocrx_word' id='word_1_414' title='bbox 1667 2379 1849 2431; x_wconf 82' lang='lat' dir='ltr'><strong>suppetiae</strong></span> <span class='ocrx_word' id='word_1_415' title='bbox 1881 2380 2019 2418; x_wconf 83' lang='lat' dir='ltr'><strong>illicitae</strong></span> 
     </span>
     <span class='ocr_line' id='line_1_40' title="bbox 203 2437 2018 2493; baseline -0.002 -10"><span class='ocrx_word' id='word_1_416' title='bbox 203 2443 302 2484; x_wconf 86' lang='lat' dir='ltr'><strong>sunt.</strong></span> <span class='ocrx_word' id='word_1_417' title='bbox 362 2442 597 2493; x_wconf 84' lang='lat' dir='ltr'><strong>Exemplum</strong></span> <span class='ocrx_word' id='word_1_418' title='bbox 618 2440 757 2480; x_wconf 89' lang='lat' dir='ltr'><strong>illustre</strong></span> <span class='ocrx_word' id='word_1_419' title='bbox 774 2440 887 2479; x_wconf 82' lang='lat' dir='ltr'><strong>nobis</strong></span> <span class='ocrx_word' id='word_1_420' title='bbox 910 2439 1086 2490; x_wconf 85' lang='lat' dir='ltr'><strong>praebent</strong></span> <span class='ocrx_word' id='word_1_421' title='bbox 1111 2438 1220 2477; x_wconf 84' lang='lat' dir='ltr'><strong>sacrae</strong></span> <span class='ocrx_word' id='word_1_422' title='bbox 1249 2439 1397 2489; x_wconf 83' lang='lat' dir='ltr'><strong>paginae</strong></span> <span class='ocrx_word' id='word_1_423' title='bbox 1426 2438 1464 2477; x_wconf 88' lang='lat' dir='ltr'><strong>in</strong></span> <span class='ocrx_word' id='word_1_424' title='bbox 1495 2437 1645 2477; x_wconf 84' lang='lat' dir='ltr'><strong>Amafia</strong></span> <span class='ocrx_word' id='word_1_425' title='bbox 1668 2439 1799 2491; x_wconf 85' lang='lat' dir='ltr'><strong>Rege,</strong></span> <span class='ocrx_word' id='word_1_426' title='bbox 1831 2439 1895 2489; x_wconf 87' lang='lat' dir='ltr'><strong>qui</strong></span> <span class='ocrx_word' id='word_1_427' title='bbox 1930 2440 2018 2479; x_wconf 75' lang='lat' dir='ltr'><strong>cum</strong></span> 
     </span>
     <span class='ocr_line' id='line_1_41' title="bbox 205 2495 2018 2554; baseline -0.003 -11"><span class='ocrx_word' id='word_1_428' title='bbox 205 2512 314 2543; x_wconf 90' lang='lat' dir='ltr'><strong>certo</strong></span> <span class='ocrx_word' id='word_1_429' title='bbox 334 2503 459 2554; x_wconf 87' lang='lat' dir='ltr'><strong>pretio</strong></span> <span class='ocrx_word' id='word_1_430' title='bbox 475 2502 686 2542; x_wconf 82' lang='lat' dir='ltr'><strong>exercitum</strong></span> <span class='ocrx_word' id='word_1_431' title='bbox 708 2501 871 2551; x_wconf 87' lang='lat' dir='ltr'><strong>aliquem</strong></span> <span class='ocrx_word' id='word_1_432' title='bbox 892 2497 912 2537; x_wconf 72' lang='lat' dir='ltr'><strong>a</strong></span> <span class='ocrx_word' id='word_1_433' title='bbox 940 2497 1023 2536; x_wconf 87' lang='lat' dir='ltr'><strong>filiis</strong></span> <span class='ocrx_word' id='word_1_434' title='bbox 1053 2495 1160 2537; x_wconf 69' lang='lat' dir='ltr'><strong>Israel</strong></span> <span class='ocrx_word' id='word_1_435' title='bbox 1186 2497 1449 2545; x_wconf 79' lang='lat' dir='ltr'><strong>conduxiss&#39;et,</strong></span> <span class='ocrx_word' id='word_1_436' title='bbox 1474 2495 1572 2548; x_wconf 82' lang='lat' dir='ltr'><strong>juffit</strong></span> <span class='ocrx_word' id='word_1_437' title='bbox 1599 2497 1730 2547; x_wconf 84' lang='lat' dir='ltr'><strong>Deus,</strong></span> <span class='ocrx_word' id='word_1_438' title='bbox 1761 2508 1805 2536; x_wconf 91' lang='lat' dir='ltr'><strong>ut</strong></span> <span class='ocrx_word' id='word_1_439' title='bbox 1834 2509 1923 2537; x_wconf 83' lang='lat' dir='ltr'><strong>eum</strong></span> <span class='ocrx_word' id='word_1_440' title='bbox 1951 2498 2018 2537; x_wconf 86' lang='lat' dir='ltr'><strong>abs</strong></span> 
     </span>
     <span class='ocr_line' id='line_1_42' title="bbox 205 2555 2013 2612; baseline -0.004 -9"><span class='ocrx_word' id='word_1_441' title='bbox 205 2564 243 2603; x_wconf 88' lang='lat' dir='ltr'><strong>se</strong></span> <span class='ocrx_word' id='word_1_442' title='bbox 264 2562 495 2611; x_wconf 80' lang='lat' dir='ltr'><strong>dimitteret,</strong></span> <span class='ocrx_word' id='word_1_443' title='bbox 525 2562 638 2612; x_wconf 87' lang='lat' dir='ltr'><strong>eique</strong></span> <span class='ocrx_word' id='word_1_444' title='bbox 656 2559 929 2612; x_wconf 87' lang='lat' dir='ltr'><strong>exprobravit,</strong></span> <span class='ocrx_word' id='word_1_445' title='bbox 960 2555 1066 2608; x_wconf 89' lang='lat' dir='ltr'><strong>quod</strong></span> <span class='ocrx_word' id='word_1_446' title='bbox 1085 2569 1165 2596; x_wconf 89' lang='lat' dir='ltr'><strong>non</strong></span> <span class='ocrx_word' id='word_1_447' title='bbox 1188 2558 1228 2597; x_wconf 88' lang='lat' dir='ltr'><strong>in</strong></span> <span class='ocrx_word' id='word_1_448' title='bbox 1247 2557 1341 2597; x_wconf 92' lang='lat' dir='ltr'><strong>Deo</strong></span> <span class='ocrx_word' id='word_1_449' title='bbox 1361 2558 1491 2610; x_wconf 86' lang='lat' dir='ltr'><strong>potius</strong></span> <span class='ocrx_word' id='word_1_450' title='bbox 1510 2557 1612 2608; x_wconf 85' lang='lat' dir='ltr'><strong>spem</strong></span> <span class='ocrx_word' id='word_1_451' title='bbox 1638 2557 1737 2598; x_wconf 91' lang='lat' dir='ltr'><strong>suam</strong></span> <span class='ocrx_word' id='word_1_452' title='bbox 1762 2570 1804 2597; x_wconf 86' lang='lat' dir='ltr'><strong>ac</strong></span> <span class='ocrx_word' id='word_1_453' title='bbox 1832 2556 2013 2597; x_wconf 86' lang='lat' dir='ltr'><strong>fiduciam</strong></span> 
     </span>
     <span class='ocr_line' id='line_1_43' title="bbox 203 2617 2016 2676; baseline -0.004 -14"><span class='ocrx_word' id='word_1_454' title='bbox 203 2621 275 2676; x_wconf 76' lang='lat' dir='ltr'><strong>(e)</strong></span> <span class='ocrx_word' id='word_1_455' title='bbox 304 2619 504 2674; x_wconf 85' lang='lat' dir='ltr'><strong>posuiffet,·</strong></span> <span class='ocrx_word' id='word_1_456' title='bbox 533 2619 570 2659; x_wconf 73' lang='grc' dir='ltr'><strong>δε</strong></span> <span class='ocrx_word' id='word_1_457' title='bbox 591 2620 678 2670; x_wconf 87' lang='lat' dir='ltr'><strong>quia</strong></span> <span class='ocrx_word' id='word_1_458' title='bbox 706 2618 809 2658; x_wconf 90' lang='lat' dir='ltr'><strong>illico</strong></span> <span class='ocrx_word' id='word_1_459' title='bbox 834 2618 979 2669; x_wconf 88' lang='lat' dir='ltr'><strong>paruit,</strong></span> <span class='ocrx_word' id='word_1_460' title='bbox 1008 2617 1109 2657; x_wconf 90' lang='lat' dir='ltr'><strong>nulla</strong></span> <span class='ocrx_word' id='word_1_461' title='bbox 1129 2617 1258 2657; x_wconf 85' lang='lat' dir='ltr'><strong>habita</strong></span> <span class='ocrx_word' id='word_1_462' title='bbox 1287 2619 1435 2658; x_wconf 89' lang='lat' dir='ltr'><strong>ratione</strong></span> <span class='ocrx_word' id='word_1_463' title='bbox 1464 2618 1622 2669; x_wconf 81' lang='lat' dir='ltr'><strong>periculi</strong></span> <span class='ocrx_word' id='word_1_464' title='bbox 1646 2628 1712 2658; x_wconf 82' lang='lat' dir='ltr'><strong>aut</strong></span> <span class='ocrx_word' id='word_1_465' title='bbox 1740 2617 2016 2670; x_wconf 85' lang='lat' dir='ltr'><strong>impensarum,</strong></span> 
     </span>
     <span class='ocr_line' id='line_1_44' title="bbox 207 2675 1959 2736; baseline -0.005 -14"><span class='ocrx_word' id='word_1_466' title='bbox 207 2681 389 2736; x_wconf 81' lang='lat' dir='ltr'><strong>insignem</strong></span> <span class='ocrx_word' id='word_1_467' title='bbox 409 2682 443 2721; x_wconf 88' lang='lat' dir='ltr'><strong>ei</strong></span> <span class='ocrx_word' id='word_1_468' title='bbox 463 2678 664 2721; x_wconf 49' lang='lat' dir='ltr'><strong>vmbriam</strong></span> <span class='ocrx_word' id='word_1_469' title='bbox 687 2688 820 2717; x_wconf 87' lang='lat' dir='ltr'><strong>contra</strong></span> <span class='ocrx_word' id='word_1_470' title='bbox 839 2676 967 2718; x_wconf 80' lang='lat' dir='ltr'><strong>hostes</strong></span> <span class='ocrx_word' id='word_1_471' title='bbox 986 2676 1071 2716; x_wconf 89' lang='lat' dir='ltr'><strong>suos</strong></span> <span class='ocrx_word' id='word_1_472' title='bbox 1097 2677 1250 2730; x_wconf 83' lang='lat' dir='ltr'><strong>largitus</strong></span> <span class='ocrx_word' id='word_1_473' title='bbox 1272 2675 1337 2717; x_wconf 90' lang='lat' dir='ltr'><strong>est.</strong></span> <span class='ocrx_word' id='word_1_474' title='bbox 1956 2679 1959 2687; x_wconf 74' lang='lat'><strong>⁴</strong></span> 
     </span>
    </p>

    <p class='ocr_par' dir='ltr' id='par_1_9' title="bbox 359 2734 2017 2792">
     <span class='ocr_line' id='line_1_45' title="bbox 359 2734 2017 2792; baseline -0.004 -11"><span class='ocrx_word' id='word_1_475' title='bbox 359 2741 393 2792; x_wconf 81' lang='lat'><strong>§.</strong></span> <span class='ocrx_word' id='word_1_476' title='bbox 426 2741 490 2781; x_wconf 88' lang='lat' dir='ltr'><strong>Illa</strong></span> <span class='ocrx_word' id='word_1_477' title='bbox 514 2738 658 2780; x_wconf 88' lang='lat' dir='ltr'><strong>foedera</strong></span> <span class='ocrx_word' id='word_1_478' title='bbox 683 2749 770 2778; x_wconf 90' lang='lat' dir='ltr'><strong>cum</strong></span> <span class='ocrx_word' id='word_1_479' title='bbox 797 2737 998 2778; x_wconf 81' lang='lat' dir='ltr'><strong>Haereticis</strong></span> <span class='ocrx_word' id='word_1_480' title='bbox 1021 2737 1123 2777; x_wconf 88' lang='lat' dir='ltr'><strong>licita</strong></span> <span class='ocrx_word' id='word_1_481' title='bbox 1149 2738 1255 2787; x_wconf 81' lang='lat' dir='ltr'><strong>sunt,</strong></span> <span class='ocrx_word' id='word_1_482' title='bbox 1285 2748 1370 2789; x_wconf 85' lang='lat' dir='ltr'><strong>quae</strong></span> <span class='ocrx_word' id='word_1_483' title='bbox 1392 2745 1456 2776; x_wconf 85' lang='lat' dir='ltr'><strong>aut</strong></span> <span class='ocrx_word' id='word_1_484' title='bbox 1477 2734 1566 2777; x_wconf 89' lang='lat' dir='ltr'><strong>belli</strong></span> <span class='ocrx_word' id='word_1_485' title='bbox 1592 2736 1786 2790; x_wconf 90' lang='lat' dir='ltr'><strong>sopiendi,</strong></span> <span class='ocrx_word' id='word_1_486' title='bbox 1817 2745 1882 2775; x_wconf 85' lang='lat' dir='ltr'><strong>aut</strong></span> <span class='ocrx_word' id='word_1_487' title='bbox 1911 2746 2017 2775; x_wconf 88' lang='lat' dir='ltr'><strong>com·</strong></span> 
     </span>
    </p>

    <p class='ocr_par' dir='ltr' id='par_1_10' title="bbox 1556 2807 2016 2835">
     <span class='ocr_line' id='line_1_46' title="bbox 1556 2807 2016 2835; baseline -0.004 1"><span class='ocrx_word' id='word_1_488' title='bbox 1556 2810 1561 2813; x_wconf 47' lang='lat'>¹</span> <span class='ocrx_word' id='word_1_489' title='bbox 1917 2807 2016 2835; x_wconf 75' lang='lat' dir='ltr'><strong>mer·</strong></span> 
     </span>
    </p>
   </div>
   <div class='ocr_carea' id='block_1_7' title="bbox 331 2890 480 2898">
    <p class='ocr_par' dir='ltr' id='par_1_11' title="bbox 331 2890 480 2898">
     <span class='ocr_line' id='line_1_47' title="bbox 331 2890 480 2898; baseline 0 832"><span class='ocrx_word' id='word_1_490' title='bbox 331 2890 480 2898; x_wconf 95' lang='lat' dir='ltr'><strong> </strong></span> 
     </span>
    </p>
   </div>
   <div class='ocr_carea' id='block_1_8' title="bbox 481 2891 530 2899">
    <p class='ocr_par' dir='ltr' id='par_1_12' title="bbox 481 2891 530 2899">
     <span class='ocr_line' id='line_1_48' title="bbox 481 2891 530 2899; baseline 0.02 -1"><span class='ocrx_word' id='word_1_491' title='bbox 481 2891 530 2899; x_wconf 79' lang='lat'><strong>—--</strong></span> 
     </span>
    </p>
   </div>
   <div class='ocr_carea' id='block_1_9' title="bbox 197 2918 2019 3393">
    <p class='ocr_par' dir='ltr' id='par_1_13' title="bbox 197 2918 2019 3393">
     <span class='ocr_line' id='line_1_49' title="bbox 311 2918 2018 2972; baseline -0.002 -14"><span class='ocrx_word' id='word_1_492' title='bbox 311 2921 334 2969; x_wconf 77' lang='grc' dir='ltr'>ζ</span> <span class='ocrx_word' id='word_1_493' title='bbox 337 2922 374 2967; x_wconf 83' lang='lat' dir='ltr'><strong>a)</strong></span> <span class='ocrx_word' id='word_1_494' title='bbox 400 2926 512 2958; x_wconf 85' lang='lat' dir='ltr'><strong>Sermo</strong></span> <span class='ocrx_word' id='word_1_495' title='bbox 529 2935 643 2959; x_wconf 77' lang='lat' dir='ltr'><strong>eorum</strong></span> <span class='ocrx_word' id='word_1_496' title='bbox 665 2924 706 2957; x_wconf 78' lang='lat' dir='ltr'><strong>ut</strong></span> <span class='ocrx_word' id='word_1_497' title='bbox 724 2932 861 2960; x_wconf 75' lang='lat' dir='ltr'><strong>cancer,</strong></span> <span class='ocrx_word' id='word_1_498' title='bbox 867 2918 991 2972; x_wconf 74' lang='lat' dir='ltr'><strong>strpit.</strong></span> <span class='ocrx_word' id='word_1_499' title='bbox 1017 2934 1051 2958; x_wconf 90' lang='lat'><strong>2.</strong></span> <span class='ocrx_word' id='word_1_500' title='bbox 1071 2920 1167 2956; x_wconf 86' lang='lat' dir='ltr'><strong>Tim.</strong></span> <span class='ocrx_word' id='word_1_501' title='bbox 1191 2932 1223 2956; x_wconf 57' lang='grc' dir='ltr'><strong>ιι</strong></span> <span class='ocrx_word' id='word_1_502' title='bbox 1250 2931 1308 2967; x_wconf 70' lang='lat'><strong>17.</strong></span> <span class='ocrx_word' id='word_1_503' title='bbox 1364 2922 1429 2968; x_wconf 82' lang='lat' dir='ltr'><strong>(b)</strong></span> <span class='ocrx_word' id='word_1_504' title='bbox 1457 2925 1559 2955; x_wconf 79' lang='lat' dir='ltr'><strong>Armo</strong></span> <span class='ocrx_word' id='word_1_505' title='bbox 1582 2929 1704 2957; x_wconf 76' lang='lat' dir='ltr'><strong>autem</strong></span> <span class='ocrx_word' id='word_1_506' title='bbox 1729 2918 1902 2972; x_wconf 60' lang='lat' dir='ltr'><strong>trlgess&#39;mo</strong></span> <span class='ocrx_word' id='word_1_507' title='bbox 1913 2918 2018 2965; x_wconf 68' lang='lat' dir='ltr'><strong>sexto</strong></span> 
     </span>
     <span class='ocr_line' id='line_1_50' title="bbox 208 2970 2019 3028; baseline -0.003 -15"><span class='ocrx_word' id='word_1_508' title='bbox 208 2976 318 3028; x_wconf 77' lang='lat' dir='ltr'><strong>Regni</strong></span> <span class='ocrx_word' id='word_1_509' title='bbox 333 2975 405 3022; x_wconf 75' lang='lat' dir='ltr'><strong>ejus</strong></span> <span class='ocrx_word' id='word_1_510' title='bbox 417 3000 426 3015; x_wconf 90' lang='lat'>‚</span> <span class='ocrx_word' id='word_1_511' title='bbox 453 2971 605 3019; x_wconf 61' lang='lat' dir='ltr'><strong>aseendit</strong></span> <span class='ocrx_word' id='word_1_512' title='bbox 630 2973 743 3020; x_wconf 65' lang='lat' dir='ltr'><strong>Baafiz</strong></span> <span class='ocrx_word' id='word_1_513' title='bbox 759 2980 833 3011; x_wconf 83' lang='lat' dir='ltr'><strong>Rex</strong></span> <span class='ocrx_word' id='word_1_514' title='bbox 849 2972 960 3018; x_wconf 69' lang='lat' dir='ltr'><strong>Israel</strong></span> <span class='ocrx_word' id='word_1_515' title='bbox 976 2974 1014 3009; x_wconf 86' lang='lat' dir='ltr'><strong>in</strong></span> <span class='ocrx_word' id='word_1_516' title='bbox 1029 2971 1188 3022; x_wconf 55' lang='lat' dir='ltr'><strong>finiam,</strong></span> <span class='ocrx_word' id='word_1_517' title='bbox 1215 2970 1260 3014; x_wconf 50' lang='grc' dir='ltr'><strong>ό*</strong></span> <span class='ocrx_word' id='word_1_518' title='bbox 1276 2985 1414 3009; x_wconf 76' lang='lat' dir='ltr'><strong>murum</strong></span> <span class='ocrx_word' id='word_1_519' title='bbox 1429 2970 1671 3009; x_wconf 72' lang='lat' dir='ltr'><strong>circumdabat</strong></span> <span class='ocrx_word' id='word_1_520' title='bbox 1698 2978 1825 3015; x_wconf 71' lang='lat' dir='ltr'><strong>Rama,</strong></span> <span class='ocrx_word' id='word_1_521' title='bbox 1849 2982 1890 3008; x_wconf 83' lang='lat' dir='ltr'><strong>ut</strong></span> <span class='ocrx_word' id='word_1_522' title='bbox 1907 2972 2019 3008; x_wconf 68' lang='lat' dir='ltr'><strong>nullus</strong></span> 
     </span>
     <span class='ocr_line' id='line_1_51' title="bbox 208 3019 2012 3079; baseline -0.002 -14"><span class='ocrx_word' id='word_1_523' title='bbox 208 3037 287 3065; x_wconf 81' lang='lat' dir='ltr'><em>tuto</em></span> <span class='ocrx_word' id='word_1_524' title='bbox 303 3024 397 3079; x_wconf 84' lang='lat' dir='ltr'><strong>poffi&#39;t</strong></span> <span class='ocrx_word' id='word_1_525' title='bbox 415 3025 551 3078; x_wconf 78' lang='lat' dir='ltr'><strong>egredi.</strong></span> <span class='ocrx_word' id='word_1_526' title='bbox 577 3024 774 3078; x_wconf 73' lang='lat' dir='ltr'><strong>&amp;ingredi</strong></span> <span class='ocrx_word' id='word_1_527' title='bbox 789 3025 831 3063; x_wconf 81' lang='lat' dir='ltr'><strong>de</strong></span> <span class='ocrx_word' id='word_1_528' title='bbox 844 3038 947 3077; x_wconf 82' lang='lat' dir='ltr'><strong>regno</strong></span> <span class='ocrx_word' id='word_1_529' title='bbox 955 3025 1037 3072; x_wconf 68' lang='lat' dir='ltr'><strong>Afh.</strong></span> <span class='ocrx_word' id='word_1_530' title='bbox 1072 3024 1229 3062; x_wconf 84' lang='lat' dir='ltr'><strong>2.Paral.</strong></span> <span class='ocrx_word' id='word_1_531' title='bbox 1254 3028 1309 3063; x_wconf 85' lang='lat'><strong>16.</strong></span> <span class='ocrx_word' id='word_1_532' title='bbox 1329 3037 1359 3062; x_wconf 91' lang='lat'><strong>1.</strong></span> <span class='ocrx_word' id='word_1_533' title='bbox 1388 3023 1553 3070; x_wconf 80' lang='lat' dir='ltr'><strong>(c)1bid.</strong></span> <span class='ocrx_word' id='word_1_534' title='bbox 1572 3037 1609 3062; x_wconf 87' lang='lat' dir='ltr'><strong>v.</strong></span> <span class='ocrx_word' id='word_1_535' title='bbox 1629 3033 1664 3073; x_wconf 78' lang='grc' dir='ltr'><strong>ς.</strong></span> <span class='ocrx_word' id='word_1_536' title='bbox 1691 3026 1752 3073; x_wconf 85' lang='lat' dir='ltr'><strong>(d)</strong></span> <span class='ocrx_word' id='word_1_537' title='bbox 1765 3025 1873 3077; x_wconf 72' lang='lat' dir='ltr'><strong>Qia</strong></span> <span class='ocrx_word' id='word_1_538' title='bbox 1888 3019 2012 3061; x_wconf 79' lang='lat' dir='ltr'><strong>habui-</strong></span> 
     </span>
     <span class='ocr_line' id='line_1_52' title="bbox 197 3074 2018 3132; baseline -0.002 -16"><span class='ocrx_word' id='word_1_539' title='bbox 197 3079 252 3132; x_wconf 87' lang='lat' dir='ltr'><strong>sti</strong></span> <span class='ocrx_word' id='word_1_540' title='bbox 259 3078 432 3130; x_wconf 77' lang='lat' dir='ltr'><strong>fiduciam</strong></span> <span class='ocrx_word' id='word_1_541' title='bbox 453 3082 492 3115; x_wconf 85' lang='lat' dir='ltr'><strong>In</strong></span> <span class='ocrx_word' id='word_1_542' title='bbox 505 3083 593 3128; x_wconf 85' lang='lat' dir='ltr'><strong>Rege</strong></span> <span class='ocrx_word' id='word_1_543' title='bbox 608 3081 722 3130; x_wconf 78' lang='lat' dir='ltr'><strong>Syriae,</strong></span> <span class='ocrx_word' id='word_1_544' title='bbox 747 3076 793 3121; x_wconf 66' lang='grc' dir='ltr'><strong>ό·</strong></span> <span class='ocrx_word' id='word_1_545' title='bbox 809 3091 875 3114; x_wconf 82' lang='lat' dir='ltr'><strong>non</strong></span> <span class='ocrx_word' id='word_1_546' title='bbox 891 3078 929 3115; x_wconf 85' lang='lat' dir='ltr'><strong>in</strong></span> <span class='ocrx_word' id='word_1_547' title='bbox 946 3080 1092 3116; x_wconf 85' lang='lat' dir='ltr'><strong>Domino</strong></span> <span class='ocrx_word' id='word_1_548' title='bbox 1117 3082 1188 3113; x_wconf 90' lang='lat' dir='ltr'><strong>Deo</strong></span> <span class='ocrx_word' id='word_1_549' title='bbox 1209 3087 1285 3118; x_wconf 85' lang='lat' dir='ltr'><em>tuo,</em></span> <span class='ocrx_word' id='word_1_550' title='bbox 1310 3077 1435 3114; x_wconf 84' lang='lat' dir='ltr'><strong>idcirco</strong></span> <span class='ocrx_word' id='word_1_551' title='bbox 1460 3074 1577 3126; x_wconf 79' lang='lat' dir='ltr'><strong>evasit</strong></span> <span class='ocrx_word' id='word_1_552' title='bbox 1599 3078 1694 3128; x_wconf 79' lang='lat' dir='ltr'><strong>Syriae</strong></span> <span class='ocrx_word' id='word_1_553' title='bbox 1721 3079 1821 3130; x_wconf 80' lang='lat' dir='ltr'><strong>Regis</strong></span> <span class='ocrx_word' id='word_1_554' title='bbox 1841 3078 2018 3114; x_wconf 78' lang='lat' dir='ltr'><strong>exercitus</strong></span> 
     </span>
     <span class='ocr_line' id='line_1_53' title="bbox 209 3127 2018 3183; baseline -0.003 -13"><span class='ocrx_word' id='word_1_555' title='bbox 209 3131 251 3169; x_wconf 83' lang='lat' dir='ltr'><strong>de</strong></span> <span class='ocrx_word' id='word_1_556' title='bbox 273 3144 382 3170; x_wconf 81' lang='lat' dir='ltr'><strong>manu</strong></span> <span class='ocrx_word' id='word_1_557' title='bbox 407 3141 491 3172; x_wconf 80' lang='lat' dir='ltr'><strong>tua,</strong></span> <span class='ocrx_word' id='word_1_558' title='bbox 518 3129 591 3174; x_wconf 57' lang='lat' dir='ltr'><strong>&amp;a</strong></span> <span class='ocrx_word' id='word_1_559' title='bbox 621 3130 732 3167; x_wconf 74' lang='lat' dir='ltr'><strong>Stulte</strong></span> <span class='ocrx_word' id='word_1_560' title='bbox 756 3131 874 3183; x_wconf 76' lang='lat' dir='ltr'><strong>igitur</strong></span> <span class='ocrx_word' id='word_1_561' title='bbox 896 3129 996 3182; x_wconf 78' lang='lat' dir='ltr'><strong>egisti</strong></span> <span class='ocrx_word' id='word_1_562' title='bbox 1019 3157 1028 3172; x_wconf 92' lang='lat'><strong>‚</strong></span> <span class='ocrx_word' id='word_1_563' title='bbox 1053 3128 1098 3172; x_wconf 57' lang='grc' dir='ltr'><strong>όν</strong></span> <span class='ocrx_word' id='word_1_564' title='bbox 1113 3138 1254 3182; x_wconf 84' lang='lat' dir='ltr'><strong>propter</strong></span> <span class='ocrx_word' id='word_1_565' title='bbox 1278 3127 1337 3166; x_wconf 89' lang='lat' dir='ltr'><strong>hoc</strong></span> <span class='ocrx_word' id='word_1_566' title='bbox 1355 3143 1402 3167; x_wconf 83' lang='lat' dir='ltr'><strong>ex</strong></span> <span class='ocrx_word' id='word_1_567' title='bbox 1417 3127 1575 3182; x_wconf 66' lang='lat' dir='ltr'><strong>prasenti</strong></span> <span class='ocrx_word' id='word_1_568' title='bbox 1596 3139 1743 3181; x_wconf 82' lang='lat' dir='ltr'><strong>tempore</strong></span> <span class='ocrx_word' id='word_1_569' title='bbox 1769 3127 1958 3174; x_wconf 76' lang='lat' dir='ltr'><strong>adverfitm</strong></span> <span class='ocrx_word' id='word_1_570' title='bbox 1980 3138 2018 3165; x_wconf 83' lang='lat' dir='ltr'><strong>te</strong></span> 
     </span>
     <span class='ocr_line' id='line_1_54' title="bbox 212 3179 2016 3236; baseline -0.002 -16"><span class='ocrx_word' id='word_1_571' title='bbox 212 3181 297 3220; x_wconf 82' lang='lat' dir='ltr'><strong>bella</strong></span> <span class='ocrx_word' id='word_1_572' title='bbox 311 3181 521 3236; x_wconf 67' lang='lat' dir='ltr'><strong>confingent.</strong></span> <span class='ocrx_word' id='word_1_573' title='bbox 550 3197 585 3221; x_wconf 84' lang='lat'><strong>2.</strong></span> <span class='ocrx_word' id='word_1_574' title='bbox 606 3184 719 3220; x_wconf 81' lang='lat' dir='ltr'><strong>Paral.</strong></span> <span class='ocrx_word' id='word_1_575' title='bbox 742 3188 804 3225; x_wconf 83' lang='lat'><strong>16.</strong></span> <span class='ocrx_word' id='word_1_576' title='bbox 829 3197 866 3221; x_wconf 77' lang='lat' dir='ltr'><strong>v,</strong></span> <span class='ocrx_word' id='word_1_577' title='bbox 884 3195 921 3233; x_wconf 91' lang='lat'><strong>7.</strong></span> <span class='ocrx_word' id='word_1_578' title='bbox 939 3197 976 3232; x_wconf 78' lang='grc'><strong>9.</strong></span> <span class='ocrx_word' id='word_1_579' title='bbox 1029 3183 1052 3230; x_wconf 72' lang='lat' dir='ltr'><em>C</em></span> <span class='ocrx_word' id='word_1_580' title='bbox 1055 3183 1092 3227; x_wconf 87' lang='lat' dir='ltr'><strong>e)</strong></span> <span class='ocrx_word' id='word_1_581' title='bbox 1121 3187 1150 3218; x_wconf 92' lang='lat' dir='ltr'>O</span> <span class='ocrx_word' id='word_1_582' title='bbox 1175 3188 1248 3219; x_wconf 81' lang='lat' dir='ltr'><strong>Rex</strong></span> <span class='ocrx_word' id='word_1_583' title='bbox 1275 3195 1318 3219; x_wconf 81' lang='lat' dir='ltr'><strong>ne</strong></span> <span class='ocrx_word' id='word_1_584' title='bbox 1336 3181 1543 3234; x_wconf 77' lang='lat' dir='ltr'><strong>egrediatur</strong></span> <span class='ocrx_word' id='word_1_585' title='bbox 1564 3191 1675 3218; x_wconf 72' lang='lat' dir='ltr'><strong>tecum</strong></span> <span class='ocrx_word' id='word_1_586' title='bbox 1699 3183 1874 3218; x_wconf 81' lang='lat' dir='ltr'><strong>exercitus</strong></span> <span class='ocrx_word' id='word_1_587' title='bbox 1896 3179 2016 3228; x_wconf 62' lang='lat' dir='ltr'><strong>firtel,</strong></span> 
     </span>
     <span class='ocr_line' id='line_1_55' title="bbox 210 3231 2016 3287; baseline -0.002 -16"><span class='ocrx_word' id='word_1_588' title='bbox 210 3249 277 3272; x_wconf 83' lang='lat' dir='ltr'><strong>non</strong></span> <span class='ocrx_word' id='word_1_589' title='bbox 293 3234 339 3287; x_wconf 83' lang='lat' dir='ltr'><strong>est</strong></span> <span class='ocrx_word' id='word_1_590' title='bbox 356 3238 448 3273; x_wconf 79' lang='lat' dir='ltr'><strong>enim</strong></span> <span class='ocrx_word' id='word_1_591' title='bbox 464 3238 631 3273; x_wconf 81' lang='lat' dir='ltr'><strong>Dominus</strong></span> <span class='ocrx_word' id='word_1_592' title='bbox 652 3246 728 3272; x_wconf 85' lang='lat' dir='ltr'><strong>cum</strong></span> <span class='ocrx_word' id='word_1_593' title='bbox 743 3233 854 3281; x_wconf 65' lang='lat' dir='ltr'><strong>Israel</strong></span> <span class='ocrx_word' id='word_1_594' title='bbox 863 3263 870 3276; x_wconf 91' lang='lat'>‚</span> <span class='ocrx_word' id='word_1_595' title='bbox 901 3234 946 3277; x_wconf 52' lang='grc' dir='ltr'><strong>εἰν</strong></span> <span class='ocrx_word' id='word_1_596' title='bbox 968 3236 1101 3272; x_wconf 64' lang='lat' dir='ltr'><strong>cunc&#39;Yis</strong></span> <span class='ocrx_word' id='word_1_597' title='bbox 1108 3233 1201 3285; x_wconf 82' lang='lat' dir='ltr'><strong>filiis</strong></span> <span class='ocrx_word' id='word_1_598' title='bbox 1224 3233 1401 3286; x_wconf 72' lang='lat' dir='ltr'><strong>Ephraim,</strong></span> <span class='ocrx_word' id='word_1_599' title='bbox 1449 3232 1561 3285; x_wconf 79' lang='lat' dir='ltr'><strong>Qod</strong></span> <span class='ocrx_word' id='word_1_600' title='bbox 1574 3232 1717 3285; x_wconf 70' lang='lat' dir='ltr'><strong>fiputas</strong></span> <span class='ocrx_word' id='word_1_601' title='bbox 1731 3235 1770 3270; x_wconf 80' lang='lat' dir='ltr'><strong>in</strong></span> <span class='ocrx_word' id='word_1_602' title='bbox 1783 3231 1898 3270; x_wconf 86' lang='lat' dir='ltr'><strong>robore</strong></span> <span class='ocrx_word' id='word_1_603' title='bbox 1916 3246 2016 3270; x_wconf 79' lang='lat' dir='ltr'><strong>exer-</strong></span> 
     </span>
     <span class='ocr_line' id='line_1_56' title="bbox 211 3283 2016 3341; baseline -0.001 -17"><span class='ocrx_word' id='word_1_604' title='bbox 211 3289 302 3324; x_wconf 73' lang='lat' dir='ltr'><strong>citus</strong></span> <span class='ocrx_word' id='word_1_605' title='bbox 323 3285 407 3325; x_wconf 70' lang='lat' dir='ltr'><strong>beffa</strong></span> <span class='ocrx_word' id='word_1_606' title='bbox 428 3287 613 3341; x_wconf 75' lang='lat' dir='ltr'><strong>consistere,</strong></span> <span class='ocrx_word' id='word_1_607' title='bbox 634 3286 798 3341; x_wconf 69' lang='lat' dir='ltr'><strong>siaperari</strong></span> <span class='ocrx_word' id='word_1_608' title='bbox 812 3299 849 3324; x_wconf 84' lang='lat' dir='ltr'><strong>te</strong></span> <span class='ocrx_word' id='word_1_609' title='bbox 860 3288 982 3337; x_wconf 83' lang='lat' dir='ltr'><strong>faciet</strong></span> <span class='ocrx_word' id='word_1_610' title='bbox 1004 3293 1098 3325; x_wconf 74' lang='lat' dir='ltr'><strong>Deus</strong></span> <span class='ocrx_word' id='word_1_611' title='bbox 1112 3285 1157 3324; x_wconf 76' lang='lat' dir='ltr'><strong>ab</strong></span> <span class='ocrx_word' id='word_1_612' title='bbox 1173 3285 1336 3339; x_wconf 68' lang='lat' dir='ltr'><strong>hqstibus:</strong></span> <span class='ocrx_word' id='word_1_613' title='bbox 1364 3288 1432 3324; x_wconf 83' lang='lat' dir='ltr'><strong>Dei</strong></span> <span class='ocrx_word' id='word_1_614' title='bbox 1455 3287 1573 3339; x_wconf 81' lang='lat' dir='ltr'><strong>quippe</strong></span> <span class='ocrx_word' id='word_1_615' title='bbox 1593 3283 1657 3338; x_wconf 67' lang='lat' dir='ltr'><strong>est,</strong></span> <span class='ocrx_word' id='word_1_616' title='bbox 1684 3284 1729 3329; x_wconf 65' lang='grc' dir='ltr'><strong>ό-</strong></span> <span class='ocrx_word' id='word_1_617' title='bbox 1752 3285 1930 3335; x_wconf 65' lang='grc' dir='ltr'><strong>ιιιῇιὲνανε</strong></span> <span class='ocrx_word' id='word_1_618' title='bbox 1943 3311 1952 3327; x_wconf 83' lang='grc'><em>,</em></span> <span class='ocrx_word' id='word_1_619' title='bbox 1970 3283 2016 3328; x_wconf 62' lang='grc' dir='ltr'><strong>ἄν·</strong></span> 
     </span>
     <span class='ocr_line' id='line_1_57' title="bbox 211 3337 1073 3393; baseline 0.001 -17"><span class='ocrx_word' id='word_1_620' title='bbox 211 3344 252 3381; x_wconf 79' lang='lat' dir='ltr'><strong>in</strong></span> <span class='ocrx_word' id='word_1_621' title='bbox 263 3337 398 3393; x_wconf 74' lang='lat' dir='ltr'><strong>fugam</strong></span> <span class='ocrx_word' id='word_1_622' title='bbox 412 3351 623 3379; x_wconf 77' lang='lat' dir='ltr'><strong>convertere.</strong></span> <span class='ocrx_word' id='word_1_623' title='bbox 653 3355 688 3378; x_wconf 85' lang='lat'><strong>2.</strong></span> <span class='ocrx_word' id='word_1_624' title='bbox 710 3340 825 3380; x_wconf 77' lang='lat' dir='ltr'><strong>Paral.</strong></span> <span class='ocrx_word' id='word_1_625' title='bbox 840 3351 903 3389; x_wconf 81' lang='lat'><strong>25.</strong></span> <span class='ocrx_word' id='word_1_626' title='bbox 919 3353 958 3388; x_wconf 70' lang='lat'><strong>7.</strong></span> <span class='ocrx_word' id='word_1_627' title='bbox 983 3344 1019 3378; x_wconf 70' lang='grc' dir='ltr'><strong>δε</strong></span> <span class='ocrx_word' id='word_1_628' title='bbox 1040 3347 1073 3383; x_wconf 84' lang='lat'><strong>8.</strong></span> 
     </span>
    </p>
   </div>
   <div class='ocr_carea' id='block_1_10' title="bbox 535 2891 675 2899">
    <p class='ocr_par' dir='ltr' id='par_1_14' title="bbox 535 2891 675 2899">
     <span class='ocr_line' id='line_1_58' title="bbox 535 2891 675 2899; baseline 0 831"><span class='ocrx_word' id='word_1_629' title='bbox 535 2891 675 2899; x_wconf 95' lang='lat' dir='ltr'><strong> </strong></span> 
     </span>
    </p>
   </div>
   <div class='ocr_carea' id='block_1_11' title="bbox 1758 2886 2010 2896">
    <p class='ocr_par' dir='ltr' id='par_1_15' title="bbox 1758 2886 2010 2896">
     <span class='ocr_line' id='line_1_59' title="bbox 1758 2886 2010 2896; baseline 0 834"><span class='ocrx_word' id='word_1_630' title='bbox 1758 2886 2010 2896; x_wconf 95' lang='lat' dir='ltr'><strong> </strong></span> 
     </span>
    </p>
   </div>
  </div>
 </body>
</html>
