2132 3730
296 227 379 268 182
725 207 1072 255 DIDACI
1124 205 1716 252 SAAVEDR'AE‘

291 306 322 348 fi
341 306 426 345 sunt
441 333 455 353 ‚
483 302 520 341 &
539 297 690 339 inimici.
753 294 825 334 His
845 293 988 333 artibus
1014 291 1171 343 Sejanus
1190 291 1275 332 usus
1296 291 1374 341 est,
1405 301 1448 332 ut
1469 290 1547 345 (a)
1562 291 1706 333 Tiberii
1724 295 1890 335 animum
1905 292 2090 336 abaliena-

290 377 350 407 ret
368 364 388 403 ὲ
407 359 638 403 Germanico
659 368 673 402 ς
704 353 741 393 &
758 353 912 395 videtur
928 365 992 393 eas
1010 351 1228 404 improbare
1256 351 1419 405 Spiritus
1452 351 1596 392 sanetus
1619 353 1686 393 sub
1713 355 1945 406 metaphora*
1963 353 2093 395 arandi

290 423 511 470 mendacial:
543 416 629 457 Noli
650 433 664 464 ⁵
692 414 840 466 inquit,
869 426 979 454 arare
999 410 1204 452 mendacium
1216 409 1382 463 adverfizs
1399 408 1552 452 fmtrem
1589 421 1714 461 tuum3
1745 412 1822 467 (h)
1846 413 2092 467 Quodidem

289 484 347 526 est
361 513 375 532 ‚
405 493 448 520 ac
466 478 638 529 spargere
661 476 699 514 in
717 475 844 514 animo
862 472 1042 514 loliorum
1062 471 1215 522 semina,
1232 479 1275 512 ut
1286 472 1455 513 nascatur
1472 472 1634 523 deinde,
1664 472 1704 513 &
1726 483 1892 519 metatur
1917 473 1986 514 suo
1997 482 2094 521 tem-

287 554 386 599 pore
404 538 553 579 malitiae
575 534 644 590 (c)
658 533 819 579 frut‘tus.

308 621 309 624 =
463 597 545 638 Pari
560 608 648 636 cum
662 593 793 634 astutia
803 593 1105 634 solentnonnulli
1118 589 1283 644 primum
1297 589 1428 632 fallere
1438 590 1661 641 Ministros,
1680 603 1845 644 quorum
1875 591 2095 647 augstoritari

287 661 469 711 Princeps
486 659 572 710 plus
598 656 747 698 coeteris
770 655 901 695 tribuit
916 683 930 703 ‚
959 651 1225 706 persuadendo
1244 651 1314 690 illis
1335 651 1517 702 quasdam
1545 651 1751 701 falsitates,
1784 664 1877 703 quas
1895 653 1966 704 ipsi
1989 652 2096 692 dein-

288 721 337 761 de
357 719 574 772 imprimant
595 716 771 768 Principi.
832 715 905 754 Ars
924 712 991 753 ista
1011 713 1085 754 fuit
1105 711 1388 762 mendaciloqui
1406 713 1501 752 illius
1518 711 1690 764 spiritus,
1707 713 1772 762 qui
1791 712 1830 753 in
1854 712 2001 753 visione
2015 711 2097 752 Mi·

287 782 402 821 chaeae
428 776 509 833 (d)
531 777 734 829 Prophetae
754 773 968 828 spondebat
991 773 1031 814 se
1049 773 1301 825 decepturum
1334 770 1483 824 Regem
1508 772 1644 818 Achab
1665 801 1676 820 ‚
1707 771 1906 811 insidendo
1923 774 1960 812 in
1988 772 2096 810 labiis

287 841 460 880 omnium
486 838 762 890 Prophetarum
784 834 864 888 ejus
879 863 893 883 ,
922 832 962 873 &
979 833 1149 887 permisit
1168 831 1261 873 illud
1276 830 1388 872 Deus
1410 861 1424 880 ,
1454 839 1634 884 tanquam
1650 831 1938 872 efficaciffimum
1962 830 2095 883 sallen-

288 900 326 941 di
344 899 524 940 medium.
1600 918 1603 923 .
1889 939 1891 941 ι

445 960 558 1009 Aliqu
575 964 848 1005 nonnunquam
875 950 923 992 ad
941 962 1029 992 eum
1063 949 1180 991 finem
1199 949 1339 1002 injuriis
1356 958 1516 990 utuntur
1533 981 1544 998 ,
1575 961 1667 1001 quas
1687 948 1789 990 forte
1815 952 1966 1002 accepit
1990 951 2097 992 Prin=

287 1032 380 1072 ceps
401 1048 414 1067 ‚
443 1017 480 1057 δε
504 1014 708 1055 vindictam
727 1015 777 1053 illi
798 1012 979 1061 suadent,
1011 1012 1187 1063 autiquia
1211 1010 1311 1050 illam
1329 1009 1400 1061 ipsi
1415 1008 1609 1049 beneficio
1641 1011 1823 1060 potentiae
1844 1011 2025 1063 Erincipis
2045 1011 2096 1052 de

285 1078 396 1120 hoste
418 1077 484 1117 suo
507 1076 650 1115 sumere
672 1075 868 1127 cogitant,
899 1081 963 1112 aut
989 1073 1076 1123 quia
1096 1074 1282 1111 semotum
1302 1082 1389 1109 eum
1412 1070 1553 1109 volunt
1571 1069 1619 1108 ab
1637 1070 1734 1108 illius
1754 1071 1938 1121 obsequio
1956 1101 1968 1118 ‚
2001 1071 2037 1111 &
2056 1074 2097 1113 in

285 1137 531 1179 diffidentiam
551 1134 753 1175 adducere.
813 1131 880 1188 (e)
902 1130 1052 1171 Eodem
1075 1129 1237 1170 artificio
1266 1128 1431 1181 joannes
1450 1130 1629 1169 Paciecus
1656 1129 1751 1181 Regi
1780 1127 1953 1169 Henrico
1973 1130 2099 1183 Quar-

285 1209 328 1239 to
349 1200 482 1237 auctor
513 1206 593 1236 erat
615 1225 628 1244 ,
658 1204 700 1234 ut
716 1192 956 1246 Alphonsum
982 1191 1012 1230 F
1014 1191 1189 1231 onsecam
1208 1185 1521 1241 Archipraesulern
1547 1188 1805 1241 Hispalensem
1817 1189 1968 1240 juberet
1991 1202 2096 1232 com·

284 1258 472 1311 prehendi
492 1288 503 1305 ‚
537 1256 573 1296 &
592 1253 758 1295 eundem
772 1251 907 1307 postea
926 1249 1073 1293 secreto
1093 1251 1243 1292 monuit
1260 1275 1277 1299 ,-
1305 1260 1347 1289 ut
1361 1249 1430 1289 suae
1451 1250 1639 1291 securitati
1656 1248 1841 1289 adversus
1858 1250 2007 1303 Regem
2026 1262 2099 1303 op..

283 1316 452 1372 portune
485 1315 711 1359 consuleret,

345 1374 348 1379 ’
437 1376 472 1428 §.
506 1378 635 1427 Atque
655 1375 713 1414 hae
732 1373 943 1430 talesartes
968 1368 1134 1411 maxime
1159 1370 1293 1422 vigent
1312 1368 1349 1407 in
1376 1367 1492 1416 aulis,
1525 1367 1562 1407 δε
1591 1365 1681 1408 licet
1712 1367 1900 1408 interdum
1928 1368 2098 1420 prodan-

284 1447 345 1478 tur
368 1438 404 1476 in
425 1438 572 1484 lucem,
604 1435 689 1474 suos
707 1443 835 1473 tamen
860 1431 1061 1470 inveniunt
1088 1430 1298 1476 Patmos,
1328 1428 1446 1467 immo
1469 1427 1576 1476 sunt,
1607 1428 1670 1478 qui
1686 1428 1824 1468 iterum
1857 1429 1895 1467 in
1920 1427 2098 1471 fraudem

282 1497 412 1538 induci
430 1496 466 1536 se
482 1496 625 1537 sinunt:
656 1493 759 1533 unde
778 1490 948 1545 persaepe
968 1489 1142 1530 videmus
1165 1489 1341 1528 homines
1358 1487 1494 1539 planos
1527 1488 1563 1526 &
1583 1486 1811 1538 impostores
1838 1486 1903 1525 diu
1930 1488 1968 1527 in
2000 1489 2096 1528 aulis

281 1558 502 1610 perdurare,
563 1554 803 1608 Imbecillitas
841 1551 924 1590 haec
948 1549 1002 1589 est
1031 1557 1174 1589 naturae
1197 1546 1334 1587 nostrae
1361 1547 1600 1598 depravatae‚
1631 1558 1714 1598 quae
1746 1545 1949 1586 mendacio
1977 1549 2098 1600 magis

281 1619 429 1668 capitur
446 1645 459 1664 ‚
493 1613 605 1665 quam
629 1615 802 1652 veritate.
861 1608 1014 1649 FortiUs
1035 1606 1187 1647 nostros
1216 1607 1314 1659 rapit
1343 1608 1500 1654 oculos,
1532 1605 1569 1645 &
1597 1607 1635 1645 in
1659 1605 2095 1648 admirationem‘trahit

279 1687 403 1727 equus
431 1674 563 1725 aliquis
588 1669 682 1712 scite
705 1670 852 1723 pidius,
872 1678 918 1707 ac
935 1669 1069 1717 vivus,
1102 1665 1188 1706 cum
1208 1676 1333 1705 tamen
1364 1664 1427 1706 ille
1447 1666 1546 1705 aliud
1556 1666 1648 1705 nihil
1668 1665 1730 1714 sit,
1763 1664 1877 1719 quam
1892 1667 1972 1706 vivi
1986 1679 2094 1708 men·

280 1735 445 1775 dacium.
504 1731 655 1783 Ecquid
680 1730 779 1770 aliud
798 1726 852 1768 est
873 1728 1095 1780 eloquentia
1116 1727 1236 1778 tropis
1259 1725 1296 1765 &
1326 1724 1454 1779 figuris
1482 1735 1636 1773 ornata,
1668 1724 1781 1777 quam
1801 1725 1888 1766 falsa
1920 1726 2095 1778 qiiaedam

279 1786 448 1848 species,
478 1793 516 1833 &
547 1792 684 1838 dolus,
715 1789 753 1829 δε
782 1785 880 1840 saepe
912 1785 1117 1839 persuadet
1147 1786 1260 1826 nobis
1284 1797 1329 1826 ea
1339 1816 1351 1836 ,
1382 1797 1466 1838 quae
1498 1797 1570 1825 nos
1594 1785 1760 1825 maxime
1793 1785 1997 1827 dedecent.
2059 1786 2097 1829 E

280 1856 420 1907 quibus
439 1852 618 1892 omnibus
646 1852 766 1902 liquet
785 1856 970 1900 quantum
996 1846 1041 1886 sit
1058 1846 1288 1898 periculum,
1317 1857 1367 1886 ne
1394 1847 1493 1886 inter
1521 1855 1579 1885 tot
1612 1845 1789 1895 artificia,
1821 1846 1858 1886 ἃ
1890 1848 2096 1888 relationes

278 1917 403 1953 varias
434 1912 585 1951 deerret
621 1911 754 1961 opinio
785 1907 990 1960 Principis,
1019 1904 1088 1944 nifi
1112 1916 1155 1943 ea
1188 1905 1359 1957 singulari
1385 1905 1689 1955 cumssdiligentia
1728 1906 1948 1958 expendat,
1979 1917 2096 1959 atque

279 1973 495 2017 examinet,
522 1967 786 2020 suspendendo
813 1965 993 2016 tantisper
1009 1963 1145 2010 sidem,
1177 1962 1304 2002 donec
1324 1975 1383 2002 res
1408 1964 1502 2015 ipsas
1520 1964 1649 2001 videat
1667 1977 1744 2003 non
1768 1965 1910 2015 solum,
1942 1966 2006 2006 sed
2021 1969 2094 2017 eti-3

280 2046 341 2073 am
361 2030 464 2082 quasi
480 2030 653 2069 manibus
671 2035 818 2075 tentet,
849 2038 912 2065 eas
940 2023 1160 2075 cumprimis
1178 2053 1190 2071 ‚
1221 2034 1305 2073 quae
1335 2022 1466 2062 auditu
1491 2025 1722 2074 perceperit:
1750 2036 1819 2075 per
1853 2035 1959 2064 aures
1989 2028 2093 2068 enim

280 2093 490 2134 subintrant
508 2101 594 2127 aura
617 2087 842 2126 adulationis
857 2115 868 2133 ,
900 2084 936 2124 δι
958 2084 1066 2123 venti
1096 2082 1174 2121 odii
1194 2093 1309 2133 atque
1335 2081 1488 2121 invidiae
1516 2082 1554 2121 &
1588 2081 1700 2122 facile
1722 2084 1941 2134 immutant,
1972 2099 2016 2125 ac
2037 2087 2094 2126 su.

281 2153 418 2193 scitant
445 2149 629 2201 pastiones
648 2147 684 2187 &
708 2144 869 2185 affectus
887 2145 1001 2183 animi
1025 2140 1133 2189 ante,
1160 2140 1273 2192 quam
1291 2141 1340 2180 de
1363 2144 1418 2180 rei
1447 2143 1610 2180 veritate
1639 2141 1745 2182 certo
1773 2144 1944 2183 constare
1965 2147 2090 2196 ponit.

279 2210 332 2253 Et
359 2210 503 2250 idcirco
530 2207 644 2246 valde
669 2204 760 2246 esset
784 2203 1046 2251 conveniens,
1077 2210 1119 2240 ut
1137 2200 1316 2253 Princeps
1337 2213 1445 2240 aures
1463 2201 1622 2240 haberet
1649 2202 1820 2241 menti&
1841 2205 1976 2243 rationi
1997 2218 2094 2257 pro.

280 2276 425 2316 ximas3
455 2269 550 2308 ficut
571 2265 625 2307 est
642 2268 727 2315 illa,
758 2277 871 2318 quam
897 2264 1015 2304 habet
1037 2258 1198 2301 Noctua
1224 2260 1355 2320 (ideo
1380 2259 1484 2300 forte
1514 2262 1626 2301 etiam
1656 2261 1848 2301 Minervae
1881 2263 2092 2321 dedicata)

278 2332 319 2372 in
344 2331 520 2380 supremo
547 2326 872 2379 capitisvertice,
901 2323 967 2364 ubi
986 2322 1118 2378 cellula
1143 2317 1415 2379 sensuum-est,
1446 2323 1532 2372 quia
1559 2322 1734 2360 omnibus
1753 2323 1810 2362 his
1827 2335 1925 2375 opus
1945 2324 2018 2374 est,
2039 2323 2092 2366 ne

281 2402 354 2432 nos
380 2389 483 2429 fallat
500 2387 663 2426 auditus.
724 2385 850 2436 Hujus
866 2386 995 2436 itaque
1021 2382 1243 2433 singularem
1267 2392 1395 2420 curam
1424 2391 1468 2419 ac
1500 2383 1685 2421 rationem
1711 2382 1850 2421 habeat
1879 2383 2059 2437 Princeps
2076 2414 2091 2436 ,

281 2463 370 2491 narn
389 2447 544 2499 quando
562 2458 669 2486 aures
693 2446 740 2485 ab
763 2443 962 2484 affeffibus
977 2443 1104 2482 liberae
1121 2440 1224 2489 sunt,
1256 2440 1293 2480 &
1312 2442 1408 2481 ratio
1426 2442 1463 2481 in
1481 2443 1524 2481 iis
1549 2454 1621 2493 pro
1637 2442 1811 2481 tribunali
1835 2441 1958 2492 sedet,
1986 2444 2090 2485 bene

283 2510 331 2550 ad
353 2520 513 2548 examen
536 2514 724 2546 vocantur
747 2504 887 2557 singula
905 2534 917 2553 ‚
949 2503 1038 2542 cilm
1063 2502 1192 2542 omnia
1213 2498 1316 2549 fere,
1330 2504 1333 2507 ’
1347 2513 1431 2553 quae
1453 2501 1500 2541 ad
1526 2503 1850 2554 gubernationem>
1869 2505 2062 2554 pertinent
2076 2532 2092 2552 ‚

284 2569 305 2609 a
325 2568 603 2609 narrationibus
630 2564 789 2605 aliorum
813 2562 1069 2616 dependeant.
1131 2562 1263 2613 Atque
1286 2560 1376 2600 ideo
1406 2574 1485 2601 non
1512 2560 1664 2601 videtur
1691 2573 1787 2600 vero
1812 2562 1948 2612 simile,
1980 2564 2089 2615 quod

284 2630 381 2669 dixit
406 2628 623 2670 Aristoteles
643 2624 691 2665 de
713 2625 867 2678 apibus,
898 2623 1116 2682 eas-'scilicet
1133 2620 1310 2661 audiendi
1334 2621 1437 2662 sensu
1461 2621 1638 2670 destitui:
1667 2621 1807 2674 grande
1841 2624 1943 2662 enim
1971 2624 2010 2663 id
2033 2622 2093 2663 es-

284 2689 338 2730 set
353 2681 642 2729 incommodum
660 2679 957 2745 in'animalculo‘
969 2680 1053 2739 ‘tamt
1074 2682 1243 2735 provido
1263 2680 1300 2731 ὅζῑ
1336 2680 1498 2734 politico
1514 2713 1527 2732 ,
1554 2681 1645 2722 'cum
1675 2682 1753 2721 duo
1778 2681 1828 2721 illi
1853 2677 1994 2732 sensus,
2026 2695 2091 2722 au-

286 2749 387 2789 ditus
403 2748 441 2788 &
467 2750 588 2795 visus,
618 2745 864 2800 instrumenta
891 2744 986 2803 sint,
1019 2736 1156 2796 quibus
1174 2742 1351 2795 sapientia
1368 2742 1559 2792 hauritur,
1589 2742 1625 2782 &
1648 2744 1894 2793 experientia.
1952 2743 2086 2783 Ambo

284 2808 478 2849 necessarii
499 2808 602 2856 sunt,
631 2805 682 2846 ne
705 2818 777 2846 nos
799 2814 864 2846 aut
892 2805 1029 2858 pallio,
1059 2813 1125 2843 aut
1139 2813 1292 2860 natura,
1316 2812 1380 2842 aut
1400 2802 1593 2844 inclinatio
1616 2801 1794 2855 decipiat,
1852 2799 1936 2855 (f)
1967 2801 2088 2841 Moa-

1197 2876 1200 2879 ·
1958 2876 1960 2879 ·
1999 2863 2090 2902 bitis

329 2960 351 2979 ⁷
385 2962 444 3017 (a)
462 2968 555 3005 Odia
571 2970 610 3005 in
625 2968 763 3020 longum
768 2968 922 3015 jaciens,
937 2965 1232 3020 quareconderet,
1256 2964 1409 3018 astuque
1423 2974 1609 3018 promeret.
1636 2967 1722 3002 Tac.
1736 2965 1760 3002 l.
1784 2976 1812 3002 1.
1839 2963 1969 3005 Annal.
2023 2966 2088 3012 (b)

286 3019 383 3059 Ecol.
409 3033 445 3068 7.
475 3027 530 3058 16.
585 3023 642 3067 (c)
670 3019 808 3066 Arastis
822 3022 1057 3072 impietatem,
1083 3019 1311 3071 iniquitatem
1334 3017 1529 3067 mcstuistis,
1554 3013 2086 3068 comedestisfrugemmendacq'}

288 3075 352 3111 Os.
368 3084 424 3112 10.v
441 3087 497 3121 13.
551 3075 619 3121 (d)
642 3077 705 3108 Ero
718 3071 867 3125 spiritus
890 3073 1049 3110 mendax
1066 3071 1107 3108 in
1127 3084 1183 3107 ore
1199 3071 1351 3107 omnium
1366 3070 1617 3124 Prophetarum
1640 3070 1722 3116 ejus.
1776 3073 1822 3105 Et
1851 3067 1951 3105 dixit
1969 3071 2089 3106 Domi.-

286 3131 353 3169 ‘nm
369 3141 382 3171 ς
398 3127 561 3180 >Decipies
576 3153 586 3168 ‚
611 3124 656 3169 ἀι
675 3122 878 3175 praevalebis
901 3140 914 3162 .·
938 3124 1097 3179 egredere
1114 3150 1122 3163 ‚
1148 3121 1193 3165 ό·
1205 3120 1277 3172 fac
1293 3125 1361 3162 ita.
1403 3137 1433 3170 3.
1456 3127 1548 3173 Reg.
1562 3124 1628 3159 ⁷22.
1646 3134 1706 3158 22.
1760 3124 1818 3169 (e)
1834 3123 1932 3158 Mar.
1951 3122 2086 3159 Histor.

288 3175 351 3213 lib.
370 3174 432 3231 ἑὰ..
447 3180 588 3229 οειμῆ.
640 3178 709 3226 (f)
736 3178 916 3229 Primoque
937 3191 1040 3215 mane
1048 3175 1232 3228 sttrgentes
1249 3203 1257 3216 ,
1282 3174 1328 3218 ό·
1343 3186 1418 3214 orto
1425 3177 1510 3225 jam
1521 3173 1593 3222 file
1613 3187 1659 3211 ex
1672 3171 1815 3219 advetsb
1827 3187 2011 3226 aquarum,
2022 3175 2086 3211 vi·

290 3226 597 3318 denfftMoabitae
611 3238 734 3270 comm
754 3243 865 3281 aquas
879 3229 1027 3273 rubras,
1052 3227 1152 3284 quasi
1161 3226 1372 3285 fhnguinem
1386 3255 1397 3272 .
1421 3229 1671 3280 dixeruntque,
1707 3230 1857 3282 Sanguis
1875 3226 1998 3281 gladii
2025 3225 2086 3281 gstp

291 3292 330 3329 4·
394 3293 448 3331 eg.
471 3295 503 3331 3.
521 3297 582 3322 22.
754 3293 758 3296 ”
1249 3290 1252 3294 ·
1343 3314 1346 3315 ⁷
1509 3308 1511 3310 ,
1577 3303 1591 3309 ..
1621 3306 1625 3310 .
1992 3296 1995 3299 .
2074 3294 2080 3313 ·.
