2132 3730
205 239 288 290 386
662 230 1602 304 DIDA—QJSAAVEDRAE

199 324 294 374 lippi
324 322 440 371 Regis
471 315 736 364 Macedoniae‚
768 317 832 366 qui
866 328 928 355 eas
957 316 1032 355 sola
1058 318 1219 356 utilitate
1240 318 1490 368 metiebatur,
1520 331 1599 358 non
1622 317 1712 360 fide.
1771 318 1813 356 In
1838 319 1880 357 iis
1906 317 2004 358 vero

201 382 389 427 amicitiis,
420 389 503 428 quae
521 376 636 427 magis
654 376 751 414 ratio
767 374 896 415 Status
913 375 1085 428 quaedam
1104 376 1208 427 sunt,
1238 389 1350 428 quam
1368 387 1501 417 mutua
1517 380 1763 418 voluntatum
1785 377 2004 427 consensio,

199 454 278 481 non
299 447 498 488 tantopere
519 434 743 475 Aristoteles
767 434 804 474 δε
836 434 976 476 Cicero
1008 435 1182 475 Biantem
1210 437 1557 487 reprehenderent,
1589 437 1696 489 quod
1726 437 1893 486 diceret,
1923 449 2006 477 non

201 503 306 540 aliter
335 495 558 543 amandum,
589 507 633 535 ac
665 495 692 535 fi
721 494 864 535 rursum
895 494 1154 535 exercendum
1187 495 1278 536 effet
1307 496 1457 544 odium,-
1488 497 1636 538 falleret
1662 498 1764 536 enim
1789 497 2005 549 Principem

201 557 452 605 confidentia,
482 554 510 594 fi
534 567 616 594 eam
644 556 681 594 in
703 555 766 594 tali
803 554 981 595 fundaret
1003 557 1178 601 amicitia,
1240 554 1391 595 Praestat
1422 557 1551 609 itaque
1580 557 1774 609 Principes
1809 556 1861 597 sic
1887 556 2008 597 hodie

202 621 343 658 amicos
360 614 457 664 esse,
487 624 530 654 ut
554 616 726 666 cogitent
752 613 834 654 fieri
847 614 975 667 posse,
1004 626 1046 654 ut
1064 628 1144 654 cras
1162 617 1272 656 amici
1298 614 1372 655 effe
1394 614 1577 655 defluant.
1637 616 1787 656 Verum
1816 615 1886 657 etsl
1919 627 2007 656 cau-

199 678 273 717 tela
301 678 382 716 haec
400 673 653 726 improbanda
674 686 754 715 non
772 674 816 714 sit
832 704 844 724 ,
876 676 1014 715 utilitas
1033 686 1160 715 tamen
1179 675 1217 715 &
1236 674 1492 715 commodum
1519 676 1718 728 proprium
1736 677 1909 716 amicitiae
1941 687 2006 715 an-

199 737 328 777 teferri
347 747 426 776 non
444 734 561 774 debet
579 735 655 774 hoc
683 735 817 783 titulo,
850 735 956 786 quod
981 737 1031 775 ita
1058 737 1287 788 plerumque
1316 733 1492 775 faetitent
1515 735 1587 774 alii.
1650 732 1820 776 Deficiat
1853 736 2009 790 sanein

199 799 277 837 aliis
304 796 485 843 amicitia,
518 803 556 833 at
575 807 652 833 non
672 796 708 833 in
726 793 922 846 Principe,
953 806 1069 846 quem
1086 796 1143 835 his
1166 795 1361 845 Symbolis
1396 794 1563 835 formare
1595 792 1847 844 instituimus,
1876 806 2010 847 quem-

198 869 273 909 que
303 855 350 896 ad
377 853 623 894 constantiam
642 855 679 893 in
698 852 911 894 affionibus
927 854 998 894 suis
1018 855 1056 895 &
1077 856 1374 909 obligationibus
1403 855 1660 895 adhortamur.

372 915 405 966 §.
439 915 569 965 Atque
594 925 679 965 quae
706 912 807 953 diua
830 914 914 954 sunt
940 913 1145 965 haetenus,
1175 915 1223 955 ad
1259 927 1321 955 eas
1347 918 1541 967 pertinent
1566 915 1768 962 amicitias,
1800 924 1885 964 quae
1919 912 2006 952 sunt

198 978 295 1015 inter
311 974 504 1026 Principes
525 972 727 1022 finitimos,
759 975 856 1014 inter
880 986 977 1026 quos
998 977 1121 1028 aliqua
1150 974 1417 1029 magnitudinis
1443 973 1646 1015 intercedit
1674 973 1881 1013 aemulatio:
1910 972 2011 1011 inter

199 1035 294 1075 alios
319 1035 421 1075 enim
446 1033 610 1073 amicitia
640 1033 804 1084 ssncera,
836 1032 875 1073 δε
904 1034 1114 1075 concordia
1136 1044 1269 1076 mutua
1297 1036 1428 1075 locum
1454 1036 1599 1076 habere
1630 1032 1771 1085 potest.
1831 1030 2010 1071 Potentia

198 1105 274 1135 tam
292 1095 435 1134 solicita
451 1091 526 1133 effe
547 1104 628 1133 non
651 1092 791 1144 debet,
820 1102 865 1133 ut
883 1095 988 1134 alteri
1008 1094 1179 1136 confidat
1200 1096 1356 1136 nemini.
1417 1094 1587 1145 Tyranni
1605 1091 1714 1134 instar
1737 1094 1775 1133 in
1794 1101 1900 1131 metu
1919 1092 2007 1140 erit,

198 1156 365 1207 quisquis
381 1155 510 1194 amicis
536 1153 608 1193 suis
633 1151 750 1194 fidem
766 1165 847 1194 non
863 1153 1053 1196 habuerit.
1111 1155 1273 1208 Absque
1285 1156 1331 1195 iis
1354 1155 1510 1196 Corona
1536 1154 1696 1195 servitus
1719 1152 1794 1201 est,
1824 1163 1904 1191 non
1920 1149 2011 1189 Ma-

193 1213 317 1267 jestas.
374 1213 550 1265 Iniquum
573 1211 628 1254 est
658 1211 891 1265 Imperium,
920 1214 1028 1266 quod
1061 1214 1257 1267 Principes
1286 1216 1461 1256 amicitiis
1486 1216 1632 1267 spoliat.
1696 1211 1773 1267 (a)
1804 1210 1888 1251 Non
1912 1223 2011 1250 exer-

196 1276 282 1314 citus
301 1287 405 1327 neque
425 1270 593 1323 thesauri,
614 1272 781 1326 praefidia
795 1274 910 1325 Regni
913 1271 998 1324 srmt
1015 1306 1026 1323 ‚
1058 1288 1181 1315 verum
1196 1277 1306 1316 amici.
1367 1272 1440 1332 (b)
1478 1276 1562 1316 Non
1580 1286 1722 1320 azimum
1741 1267 2010 1326 istudsteptrum

196 1333 264 1388 cst,
295 1332 385 1388 quod
405 1335 563 1385 Regnum
583 1331 743 1386 custodit,
762 1330 828 1384 fied
837 1335 929 1384 copia
953 1336 1156 1384 amicorum,
1187 1348 1228 1375 ea
1253 1335 1410 1387 Regibus
1427 1332 1598 1387 sceptrum
1630 1333 1859 1387 verissimum,
1888 1327 2011 1378 tutiffi·

197 1407 361 1448 utumque.
421 1392 488 1450 (c)
519 1394 596 1434 Nec
611 1395 712 1433 ullum
733 1394 844 1446 majus
868 1393 944 1432 boni
974 1394 1113 1445 Imperii
1131 1392 1408 1446 itfirzmaentum,
1438 1407 1540 1448 quam
1563 1395 1640 1433 bani
1658 1393 1785 1433 Amici.

375 1451 413 1503 ἓ.
443 1453 623 1494 Amicitia
639 1454 739 1491 inter
759 1463 918 1503 magnos
936 1452 1132 1504 Principes
1149 1453 1282 1493 officiis
1303 1455 1446 1494 mutuis
1461 1452 1635 1494 fovenda
1656 1450 1711 1491 est
1724 1450 1879 1504 potius,
1895 1460 2011 1501 quarn

200 1512 445 1552 muneribus:
474 1523 562 1551 nam
578 1512 765 1564 ingratum
783 1509 859 1552 effe
884 1511 979 1550 solet
996 1513 1050 1550 rei
1067 1513 1228 1562 privatae
1245 1512 1410 1552 studium
1427 1544 1439 1561 ‚
1468 1514 1530 1552 cui
1549 1523 1744 1562 nunquam
1763 1509 1807 1549 fit
1833 1510 1928 1548 satis.
1964 1507 2014 1546 Il-

196 1574 268 1611 lius
286 1571 394 1610 causa
414 1570 606 1624 finguntur
630 1570 804 1609 amicitiae
828 1599 839 1617 ,
870 1580 950 1608 non
968 1567 1088 1617 fiunt;
1118 1570 1446 1621 quemadmodum
1464 1571 1625 1611 Vitellio
1646 1569 1805 1618 accidit,
1837 1570 1902 1620 qui
1932 1565 2013 1620 (d)

197 1630 277 1672 dum
299 1632 468 1670 amicitias
485 1629 712 1680 magnitudine
732 1640 905 1668 nzzznerzmz
928 1640 992 1668 που
1010 1628 1198 1683 cotylatam
1215 1642 1344 1671 morum
1362 1633 1531 1671 continere
1537 1632 1690 1683 putavit
1701 1659 1713 1678 ,
1742 1631 1865 1669 meruit
1882 1629 2013 1680 magis,

197 1689 445 1744 quamhabuit.
504 1688 629 1728 Amici
647 1686 752 1728 ferro
773 1687 1027 1728 conservandi
1050 1688 1156 1738 sunt,
1183 1700 1264 1730 non
1289 1701 1404 1730 auro:
1430 1692 1560 1743 plures
1598 1692 1699 1730 enim
1734 1699 1837 1729 creat
1866 1689 2012 1726 amicos

201 1761 395 1790 armorum
419 1750 554 1797 timor,
585 1758 700 1800 quam
721 1749 801 1788 auri
825 1746 1026 1800 cupiditas,
1087 1746 1262 1790 Subfidia
1293 1752 1513 1802 pecuniaria
1541 1752 1764 1804 largientem
1792 1757 1978 1788 enervant
1997 1775 2013 1795 ‚

200 1811 239 1850 &
259 1809 338 1862 quo
363 1821 409 1849 ea
431 1807 572 1848 fuerint
598 1808 766 1859 maiora,
797 1807 847 1849 eo
872 1806 996 1848 minus
1031 1809 1246 1850 continuari
1271 1818 1479 1863 poterunt3
1510 1812 1593 1865 pari
1618 1819 1748 1851 autem
1775 1807 1899 1861 passu,
1932 1818 2014 1858 quo

199 1871 381 1923 Princeps
398 1869 479 1909 suas
498 1867 665 1921 prodigit
689 1879 809 1920 opeS,
839 1867 920 1919 eJ’us
941 1878 1100 1921 quoque
1129 1871 1230 1922 perit
1256 1868 1500 1914 existimatio,
1563 1872 1599 1911 A
1627 1870 1810 1911 thesauris
1843 1879 1941 1919 quos
1971 1868 2011 1906 in

201 1931 338 1971 aerariis
369 1929 441 1969 suis
458 1926 671 1978 asservant,
698 1926 924 1968 aestimantur
949 1927 988 1968 ὅτ.
1021 1938 1194 1969 amantur
1220 1929 1440 1983 Principes,
1469 1943 1550 1972 non
1583 1931 1630 1971 ab
1655 1931 1720 1979 iiS,
1748 1940 1846 1981 quos
1880 1924 2015 1979 profu-

203 1991 341 2032 derunt
365 1990 403 2029 in
429 1990 544 2029 alios:
574 1991 691 2042 magis
711 1999 760 2028 ex
785 1999 835 2027 eo
850 1987 1028 2041 inquam,
1060 1987 1167 2041 quod
1188 1988 1309 2043 largiri
1341 1989 1517 2043 possunt,
1549 2002 1660 2042 quam
1685 1988 1791 2041 quod
1809 1987 1929 2039 largiti
1934 1986 2015 2037 jam

201 2051 313 2092 sunt:
343 2051 430 2102 plus
461 2049 561 2089 enim
584 2050 682 2089 inter
710 2049 886 2089 homines
911 2048 996 2101 spes
1031 2047 1182 2102 potest,
1216 2061 1329 2103 quam
1362 2049 1568 2105 gratitudo.
1632 2050 1710 2102 Qui
1749 2059 1886 2101 pacem
1917 2056 2014 2084 auro

204 2112 297 2150 emit
312 2140 323 2159 ,
352 2110 462 2149 armis
481 2121 564 2148 eam
583 2108 787 2149 sustentare
808 2120 887 2149 non
907 2110 1063 2162 poterit.
1126 2108 1169 2150 In
1192 2121 1361 2151 errorem
1378 2109 1489 2151 istum
1510 2122 1645 2151 omnes
1661 2107 1744 2149 fert:
1771 2106 2014 2147 Monarchiae

203 2170 404 2218 incidunt,
435 2167 681 2222 posteaquam
705 2168 752 2208 ad
774 2169 957 2220 majorem
976 2169 1138 2221 aliquam
1170 2172 1420 2222 pervenerint
1450 2170 1764 2222 amplitudinem,
1794 2180 1911 2215 auro,
1932 2177 2014 2205 non

203 2232 313 2270 armis
338 2231 438 2269 illam
455 2230 551 2269 tueri
578 2239 786 2277 conantur,
816 2229 1129 2281 consumptisque
1165 2229 1368 2280 thesauris,
1399 2230 1437 2271 δι
1464 2230 1632 2271 oneratis
1679 2227 1861 2276 subditis,
1891 2235 1934 2265 ut
1959 2228 2017 2265 ni-

202 2294 338 2334 mirum
360 2288 597 2341 Principibus
627 2287 794 2330 finitimis
816 2288 1033 2342 largiendO,
1064 2289 1391 2330 circumferentias
1411 2291 1564 2330 servent
1589 2291 1759 2341 quietas,
1790 2287 1911 2340 ipsum
1922 2296 2013 2325 cen-

202 2363 303 2392 trum
329 2349 472 2389 robore
503 2347 731 2396 destituunt5
762 2348 800 2389 ’δι
828 2349 976 2391 tametsi
1004 2349 1227 2401 magnitudo
1253 2351 1314 2389 illa
1334 2350 1383 2388 ad
1409 2359 1562 2402 tempus
1587 2348 1742 2399 aliquod
1769 2347 2015 2394 sustentetur,

203 2411 242 2451 id
263 2421 390 2450 tamen
406 2411 444 2449 in
461 2410 606 2450 ruinam
629 2409 811 2461 majorem
836 2410 961 2462 vergit
986 2406 1138 2460 postea:
1172 2411 1326 2462 cognita
1341 2410 1444 2448 enim
1469 2407 1530 2448 illa
1552 2408 1767 2456 debilitate,
1800 2404 2016 2457 &perditis

203 2471 318 2511 semel
337 2468 474 2508 finibus
498 2471 698 2517 extremis,
730 2468 846 2507 hostis
863 2469 970 2508 nullo
995 2465 1202 2507 obsistente
1221 2467 1457 2508 adinteriora
1474 2479 1597 2520 usque
1612 2475 1799 2520 penetrat.
1864 2464 1919 2504 Ita
1933 2464 2015 2503 Ro-

203 2542 319 2572 mano
338 2529 504 2580 Imperio
523 2529 682 2577 accidit,
713 2527 867 2580 quando
886 2526 974 2580 post
994 2535 1055 2566 tot
1074 2528 1257 2580 expensas
1279 2528 1459 2568 inutiliter
1482 2527 1622 2577 factas,
1644 2527 1681 2566 δε
1700 2526 1914 2565 debilitatas
1932 2523 2015 2575 eJ'us

203 2594 324 2639 vires,
349 2588 601 2641 Imperatores
631 2589 793 2640 pecunia
816 2586 1135 2639 &largitionibus
1163 2587 1324 2628 Parthos
1343 2618 1356 2638 ,
1387 2588 1682 2639 Germanosque
1708 2586 1912 2626 conciliare
1946 2583 2016 2623 fibi

201 2650 428 2693 studuerunt
443 2678 456 2698 ,
486 2649 551 2700 qui
575 2649 718 2699 primus
734 2649 850 2687 ruinae
868 2647 1020 2690 illorum
1038 2646 1128 2687 fons
1152 2647 1226 2687 fuit
1251 2647 1290 2688 &
1317 2649 1439 2700 origo.
1498 2647 1592 2688 Eam
1614 2648 1667 2686 ob
1692 2658 1773 2686 rem
1795 2643 2016 2685 Alcibiades

205 2710 316 2752 suasit
335 2706 537 2757 Tisaferni‚
569 2706 638 2762 (e)
670 2721 710 2747 ne
727 2716 830 2748 tanta
842 2707 1017 2761 stipendia
1040 2707 1132 2762 claffi
1146 2707 1479 2748 Lacedaemoniorrmz
1491 2708 1667 2760 praeberet
1686 2737 1696 2754 ,
1717 2703 1783 2756 sed
1799 2717 1858 2746 nec
1876 2703 2014 2744 auxiliis

203 2773 301 2812 nimis
319 2771 413 2809 enixe
420 2767 619 2820 juvandos,
648 2770 768 2821 quippe
796 2780 861 2807 mm
877 2770 1092 2808 immemorem
1106 2765 1164 2820 <ffb
1186 2767 1325 2816 dehere,
1354 2768 1497 2807 alienam
1512 2765 1571 2820 effi}
1594 2767 1797 2814 victoriam,
1826 2777 1890 2804 non
1915 2760 2016 2814 suam

203 2828 394 2883 instruere,
423 2826 473 2871 ἐξ)
493 2835 632 2867 eatenus
648 2827 765 2868 bellum
775 2824 1026 2879 fitstinendum,
1057 2841 1097 2867 ne
1119 2829 1230 2879 inopia
1248 2825 1436 2878 desteramr.
1493 2826 1587 2866 Hoc
1607 2826 1725 2878 ipsum
1735 2820 1931 2864 confilium
1954 2820 2017 2861 sti-

205 2890 312 2931 mulo
329 2888 442 2928 nobis
468 2885 542 2926 esse
562 2886 711 2940 potest,
742 2886 790 2926 ad
815 2886 1156 2934 considerandum,
1187 2896 1372 2938 quantum
1401 2886 1642 2939 expendatur
1664 2887 1704 2925 in
1729 2885 1885 2938 gratiam
1910 2881 2015 2921 Prin-

206 2952 338 3003 cipum
364 2956 583 2987 exterorum
603 2976 616 2996 ‚
647 2959 737 2986 cum
762 2945 892 2998 insigni
916 2947 1032 2998 ipsius
1069 2945 1238 2986 Castellae
1266 2946 1500 2987 detrimento
1527 2946 1567 2987 &
1595 2946 1869 2991 enervatione,
1897 2952 2015 2993 quam

206 3020 335 3050 tamen
356 3016 496 3059 utpote
514 3005 753 3047 Monarchiae
773 3008 890 3045 totius
909 3006 1009 3055 Cor,
1041 3006 1271 3058 potiffimum
1290 3007 1467 3061 sanguine
1488 3005 1682 3046 abundare
1712 3010 1936 3056 oporteret,
1966 3000 2016 3041 ad

206 3066 484 3122 dispertiendos
504 3076 574 3118 per
591 3068 753 3118 reliquas
771 3068 945 3118 corporis
971 3073 1098 3118 partes
1122 3067 1258 3106 vitales
1276 3067 1445 3119 spiritus,
1478 3065 1679 3119 quomodo
1700 3064 1775 3116 ipsa
1804 3059 2016 3101 docetNa-

209 3140 315 3179 tura,
344 3129 491 3181 optima
514 3126 681 3179 politicae
705 3125 905 3179 Magistra,
937 3139 1022 3178 quae
1051 3134 1178 3180 partes
1210 3128 1429 3178 interiores,
1458 3125 1479 3166 a
1505 3127 1642 3178 quibus
1673 3126 1752 3163 vita
1787 3119 1982 3173 dependet
2000 3140 2016 3160 2

1940 3191 2018 3219 ma-

315 3321 376 3369 (a)
401 3321 534 3358 Sallust.
590 3323 651 3369 (b)
677 3322 846 3370 Xenoph.
900 3321 957 3368 (c)
974 3321 1060 3357 Tac.
1076 3317 1147 3367 l.4.
1165 3316 1254 3354 Hist.
1311 3316 1383 3366 (d)
1397 3315 1484 3354 Tac.
1503 3313 1527 3350 l.
1543 3324 1578 3349 2.
1594 3309 1684 3348 Hist.
1736 3311 1794 3358 (e)
1808 3310 1919 3360 Trog.
1934 3307 2014 3359 1.,ς.
