2132 3730
499 183 1483 229 SYMBOLA.POLITICA.
1852 201 1897 230 11

97 273 314 314 nascentem
360 281 446 310 eam
494 269 594 310 vidit
615 301 627 320 ,
663 271 773 310 videt
801 269 841 309 &
863 272 1093 309 morientem
1115 298 1130 318 ‚
1167 280 1242 308 nec
1274 270 1348 308 alio
1381 270 1537 320 quidem
1571 267 1701 308 frueu
1721 299 1733 318 ‚
1790 271 1905 322 quam

98 333 207 385 quod
224 333 324 373 suam
343 330 428 369 orbi
452 328 691 371 venustatem
715 328 954 377 ostenderit3
984 339 1165 368 caeterum
1182 337 1243 367 tot
1268 327 1456 369 mensium
1481 328 1579 368 ludit
1601 341 1781 380 operam,
1812 334 1904 381 quin

97 392 213 445 ipsam
234 388 405 443 persaepe
438 399 612 430 cruentat
633 401 787 430 manum
804 420 818 439 ‚
848 389 869 429 a
890 386 964 441 qua
979 388 1035 428 est
1058 387 1204 428 consita
1225 417 1238 436 ,
1269 398 1343 426 nec
1363 386 1444 427 fieri
1470 390 1600 440 potuit
1617 390 1723 428 aliter
1742 417 1755 439 ,
1787 389 1903 441 quam

97 462 142 492 ut
164 452 311 491 cultura
330 459 407 490 tam
430 450 566 490 lasciva
583 460 711 489 acutas
730 449 806 489 una
824 450 946 501 spinas
963 449 1210 502 produceret.
1273 445 1427 486 Corallii
1446 447 1472 501 (
1486 450 1618 488 marini
1643 448 1826 503 fruticis)
1848 450 1903 490 di-

94 512 176 563 spar
197 509 251 549 est
266 511 390 553 ratio:
421 509 514 548 illud
530 511 632 549 enim
652 519 784 549 natum
812 509 879 549 sub
909 511 1041 561 aquis,
1071 508 1110 548 &
1131 504 1314 547 continuz‘i
1345 505 1533 547 fluctuum
1551 538 1563 557 ,
1595 508 1866 561 tempestatum
1888 540 1902 559 ‚

95 579 301 610 ventorum
322 571 363 609 vi
381 571 710 622 agitatum7magis
728 570 923 622 magisque
940 566 1213 616 indurescit‚&
1227 566 1424 618 pulchrius
1444 569 1588 615 enitet,
1602 569 1722 609 immo
1733 579 1812 608 tum
1824 572 1902 621 pri-

92 629 196 670 mrim
216 629 304 682 post
333 639 391 669 tot
408 631 687 669 elementorum
708 639 886 682 expertas
911 631 1011 670 vires
1040 627 1088 667 ad
1110 625 1330 667 illustriores
1354 626 1555 666 hominum
1574 628 1658 666 usus
1689 629 1813 680 aptius
1833 630 1900 670 de-

89 689 218 733 servit.
278 689 374 729 Tam
403 689 572 741 oppositi
594 690 693 728 inter
711 689 747 728 se
769 691 941 729 oriuntur
956 687 1118 728 effeetus
1147 686 1170 726 e
1194 685 1347 726 diverso
1366 685 1543 726 nascendi
1562 686 1600 726 δι
1623 688 1813 728 crescendi
1834 702 1899 742 gesa

89 760 182 789 nere
199 748 346 789 fruticis
375 748 486 800 hujus
503 779 515 798 ,
546 749 584 789 &
605 751 700 788 illius
724 749 828 789 floris
848 779 860 798 ‚
890 747 997 800 quod
1018 747 1066 787 ad
1087 746 1385 787 teneritudinem
1411 745 1449 785 δι
1467 746 1644 785 duritiem
1669 749 1804 787 attinet
1823 764 1834 788 .·
1861 749 1902 789 id

89 809 197 860 quod
211 810 250 849 in
271 809 502 849 educatione
522 809 738 860 Principum
756 810 896 862 pariter
917 807 1076 847 accidit:
1106 819 1193 846 nam
1210 808 1277 858 qui
1294 806 1347 846 fic
1360 805 1554 855 molliter,
1585 806 1623 845 &
1642 808 1750 845 velut
1769 809 1807 846 in
1839 821 1899 849 ca⁶

87 868 192 921 psula
209 898 222 916 ,
253 868 363 921 quod
379 868 505 920 ajunt,
540 869 769 917 educantur,
785 878 828 907 ut
846 880 919 907 nec
941 868 1018 915 sol,
1046 878 1121 907 nec
1138 869 1342 915 ventum,
1353 877 1428 906 nec
1445 867 1515 905 alia
1529 864 1577 905 ad
1595 866 1680 905 illos
1699 878 1788 906 aura
1805 878 1899 919 prae0

86 938 262 980 terquam
289 929 630 969 odoramentorum
654 928 764 981 posfit
797 929 1014 980 pertingere
1032 957 1044 976 ,
1077 926 1267 967 delicatuli
1299 925 1423 977 fiunt,
1455 925 1493 966 δε
1522 925 1571 964 ad
1605 926 1898 977 gubernandum

86 989 211 1029 minus
240 988 371 1029 idonei
395 1019 407 1037 ,
439 988 573 1029 contra
603 990 667 1040 qui
695 988 888 1028 laboribus
921 986 1047 1026 solidis
1082 997 1267 1026 exercent
1297 998 1466 1038 corpus,
1492 984 1640 1025 robusti
1672 986 1710 1025 ἃ
1737 987 1899 1032 habiles,

85 1047 162 1102 (a)
193 1046 262 1103 Est
283 1051 389 1089 etiam
400 1049 482 1088 utile
500 1080 512 1099 ‚
530 1048 656 1104 statim
673 1047 718 1087 ab
732 1049 865 1087 ineunte
875 1045 1194 1099 cetatefi·igoribus
1218 1043 1391 1100 affuescere
1413 1060 1424 1085 :
1453 1048 1512 1087 hoc
1526 1047 1616 1086 enim
1639 1054 1712 1086 tum
1730 1045 1782 1085 ad
1802 1048 1897 1087 vale-

85 1108 234 1148 tudinwz
252 1139 264 1157 ‚
295 1117 368 1148 tum
385 1107 436 1147 ad
454 1121 595 1148 munera
617 1107 784 1148 militaria
812 1106 1089 1162 commodiffinusm
1113 1104 1171 1161 ιβ.
1230 1106 1278 1145 Iis
1304 1106 1647 1146 exercitationibus
1667 1117 1897 1159 prorogatur

83 1170 196 1215 vita3
227 1169 492 1220 voluptatibus
512 1168 550 1207 ὅτ.
573 1168 715 1207 deliciis
745 1168 992 1206 imminuitur.
1056 1166 1137 1206 Vas
1163 1168 1328 1206 vitreum
1355 1167 1433 1205 oris
1449 1165 1805 1215 flatuformatum,
1830 1167 1899 1206 fla·

83 1237 127 1267 tu
146 1226 361 1280 frangitur-3
391 1239 547 1267 aureum
579 1226 714 1267 contra
733 1228 872 1266 malleo
900 1224 1010 1266 fabre
1035 1224 1181 1266 factum
1203 1256 1216 1274 ‚
1245 1228 1385 1265 malleo
1410 1225 1556 1266 resistit.
1617 1226 1699 1278 Qui
1721 1228 1896 1278 privatus

82 1286 122 1326 &
145 1289 184 1327 in
203 1289 286 1326 otio
315 1289 433 1326 vitam
456 1287 581 1338 degit,
609 1298 745 1338 parum
770 1285 968 1326 intererest
984 1315 997 1336 ‚
1027 1285 1055 1325 fi
1076 1286 1260 1326 delicatus
1279 1285 1324 1325 sit
1344 1298 1358 1330 ς
1387 1295 1425 1324 at
1442 1287 1508 1337 qui
1525 1297 1685 1338 regnum
1705 1287 1896 1336 humeris,

81 1356 126 1386 ut
152 1348 259 1386 Atlas
279 1349 417 1386 coelum
438 1375 450 1394 ,
481 1344 658 1386 sustinere
676 1345 795 1385 debet
814 1375 828 1394 ‚
859 1344 970 1385 sortis
994 1358 1038 1385 ac
1056 1345 1234 1386 robustus
1251 1345 1296 1384 fit
1321 1355 1495 1396 oportet.
1588 1346 1652 1385 Ad
1672 1346 1792 1385 solum
1810 1347 1896 1398 spe-

82 1405 273 1446 &aenium
291 1419 371 1446 non
389 1418 488 1458 opus
507 1407 624 1446 habet
641 1404 872 1457 Respublica
902 1405 1079 1458 Principe
1096 1436 1107 1454 ‚
1137 1405 1201 1444 sed
1223 1407 1260 1444 in
1284 1407 1449 1457 pulvere
1473 1405 1587 1444 etiarn
1604 1435 1617 1453 ‚
1648 1405 1685 1445 δι
1710 1409 1808 1445 inter
1838 1419 1895 1445 ar-

77 1479 155 1511 ma.
213 1465 300 1523 (h)
332 1466 384 1507 Et
413 1465 501 1506 sane
522 1466 610 1506 Rex
631 1465 908 1514 effoeminatus,
940 1462 1137 1518 Scriptura⁴
1158 1463 1254 1505 teste
1275 1494 1288 1515 ‚
1317 1477 1442 1517 poenae
1472 1465 1611 1504 divinae
1632 1478 1752 1519 genus
1770 1465 1898 1518 quod-

79 1526 168 1568 dam
185 1526 253 1566 est.

194 1585 364 1638 Disparis
386 1585 498 1638 hujus
519 1585 759 1626 educationis
776 1587 1082 1627 emolumentum
1101 1594 1168 1625 aut
1191 1584 1485 1626 incommodum
1503 1587 1542 1624 in
1561 1585 1714 1638 regibus
1740 1581 1810 1640 (c)
1827 1583 1892 1637 Jo‘

78 1646 205 1685 hanne
229 1645 410 1686 Secundo
427 1676 439 1694 ,
469 1646 508 1686 &
526 1645 557 1686 F
559 1645 769 1687 erdinando
787 1646 993 1686 Catholico
1012 1645 1147 1684 videre
1173 1643 1261 1689 fuit,
1321 1645 1502 1697 Quorum
1532 1645 1595 1683 ille
1619 1648 1658 1685 in
1688 1645 1798 1695 aula,
1830 1647 1895 1684 hic

78 1706 119 1745 in
137 1704 261 1744 castris
282 1721 295 1752 ς
322 1703 386 1744 ille
409 1708 448 1745 in
469 1715 646 1757 gyneceo
667 1735 680 1753 ,
708 1707 772 1743 hic
790 1708 888 1744 inter
916 1707 1055 1743 milites
1079 1705 1266 1742 enutritus
1298 1702 1384 1742 fuit.
1463 1703 1531 1741 Ille
1551 1703 1600 1741 ad
1622 1705 1791 1756 Reipub.
1817 1707 1894 1744 cla-

76 1775 172 1805 vum
197 1765 376 1804 admotus
398 1793 412 1812 ,
444 1774 548 1802 mare
575 1762 644 1801 fibi
661 1764 898 1814 incognitum
927 1760 1107 1814 ingressus
1126 1761 1330 1801 videbatur
1345 1792 1356 1810 ‚
1386 1760 1425 1800 δε
1448 1761 1751 1813 gubernaculum
1777 1764 1894 1804 dese-

76 1836 164 1865 rens
190 1822 365 1865 ministris
383 1822 455 1861 suis
473 1821 513 1861 id
543 1822 845 1866 committebat;
874 1820 939 1859 hic
955 1821 1192 1871 gubernandi
1219 1831 1299 1858 non
1329 1821 1479 1871 ignarus
1497 1830 1578 1859 erat
1607 1833 1673 1860 aut
1694 1824 1858 1863 insolens
1878 1854 1892 1871 ‚

74 1883 142 1925 sed
160 1886 199 1925 in
219 1885 343 1922 alieno
362 1882 477 1919 etiam
504 1878 692 1918 dominari
725 1889 846 1930 regno
860 1907 872 1927 ,
903 1877 942 1917 δε
958 1878 1131 1918 subditos
1163 1877 1210 1916 ad
1241 1879 1409 1917 officium
1431 1890 1572 1931 cogere
1594 1880 1744 1933 optime
1766 1895 1894 1922 nove--

74 1953 146 1986 rat.
208 1942 275 1982 Ille
298 1937 494 1991 despectui
510 1939 712 1986 omnibus;
741 1938 804 1979 hic
822 1938 860 1977 in
881 1938 1009 1990 pretio
1027 1937 1064 1977 δι
1083 1938 1233 1977 honore
1248 1935 1336 1982 fuit.
1385 1937 1464 1982 ,Ille
1489 1950 1649 1992 regnum
1669 1940 1890 1993 pessumde-

75 2002 162 2050 dit3
193 2002 258 2042 hic
284 2000 416 2040 evexit
436 2001 474 2039 in
491 1998 776 2038 Monarchiam.
838 1998 939 2051 Quae
956 1996 1200 2050 perpendens
1225 2010 1314 2041 cum
1336 1999 1464 2037 animo
1492 2000 1559 2038 suo
1590 1999 1667 2053 (d)
1699 2001 1789 2042 Rex
1803 2001 1893 2042 Fer-

75 2061 288 2110 dinandus,
318 2068 582 2113 cognomento
601 2057 784 2107 Sanetus,
818 2058 1060 2110 Alphonsum
1079 2058 1117 2097 &
1135 2056 1165 2097 F
1167 2058 1419 2098 erdinandum
1442 2057 1541 2098 filios
1558 2061 1657 2099 inter
1676 2072 1779 2102 arma
1797 2062 1890 2101 edu·

73 2124 153 2162 cari
171 2122 312 2164 voluit.
371 2119 424 2159 Et
441 2131 615 2171 quaenam
640 2120 710 2158 alia
729 2130 789 2158 res
810 2116 993 2158 Carolum
1019 2118 1295 2170 Imperatorem
1323 2130 1364 2157 re
1391 2120 1532 2169 pariter
1551 2131 1595 2158 ac
1616 2123 1774 2163 nomine
1794 2122 1890 2162 vere

72 2181 264 2235 Magnum
281 2179 447 2219 reddidit
471 2179 491 2219 ἓ
521 2192 568 2219 an
588 2191 668 2218 non
687 2179 1012 2231 peregrinationes
1033 2179 1248 2226 continuae,
1288 2177 1326 2217 &
1344 2177 1513 2217 indefessi
1540 2180 1692 2219 labores
1713 2181 1733 2219 ἓ
1792 2181 1888 2222 Nec

73 2244 145 2282 alia
161 2241 191 2290 ζ
204 2240 255 2295 e)
286 2239 444 2280 Tiberio
461 2252 592 2288 mens,
621 2241 686 2291 qui
707 2249 871 2290 quatuor
893 2238 1122 2290 potiffimiim
1147 2238 1197 2277 de
1220 2238 1348 2277 cauffis
1368 2268 1381 2287 ‚
1411 2239 1546 2278 ambos
1566 2238 1665 2279 filios
1685 2240 1772 2280 suos
1791 2241 1891 2281 Ger·

74 2304 267 2342 manicum
282 2300 321 2340 &
334 2300 502 2340 Drusum
533 2301 572 2339 in
588 2298 712 2338 castris
732 2301 830 2339 inter
853 2311 954 2338 arma
978 2298 1194 2338 adolescere
1209 2328 1222 2345 ,
1252 2298 1467 2337 consultum
1488 2301 1649 2349 putabat
1666 2313 1676 2338 ε
1706 2311 1749 2339 ut
1770 2303 1880 2341 nimi-

75 2374 162 2403 rum
178 2363 319 2401 militiae
336 2359 588 2402 assuescerent
604 2373 616 2407 ;
646 2369 690 2398 ut
714 2360 906 2399 exercitus
923 2358 1043 2398 studia
1062 2369 1239 2411 pararent
1256 2370 1270 2405 3
1301 2368 1344 2398 ut
1362 2360 1499 2410 procul
1520 2361 1613 2398 aulae
1624 2359 1769 2400 deliciis
1793 2361 1889 2401 edu-

74 2432 282 2468 carentur;
313 2420 351 2460 &
375 2420 542 2473 denique
563 2429 606 2459 ut
631 2417 711 2459 filio
743 2430 911 2472 utroque
932 2421 1103 2472 legiones
1133 2420 1338 2459 obtinente
1368 2420 1488 2459 tutior
1511 2419 1591 2472 ipse
1612 2450 1626 2469 ,
1654 2419 1693 2460 δι
1721 2421 1889 2462 securior

75 2484 243 2525 viveret.

246 2540 326 2592 Qui
339 2542 377 2579 in
400 2539 526 2580 castris
553 2547 701 2579 aetatem
724 2538 911 2587 traducit,
942 2539 1062 2578 multa
1081 2537 1346 2591 experiundo,
1373 2540 1559 2591 temporis
1594 2540 1743 2580 lucrum
1774 2538 1888 2588 facit,

77 2601 144 2652 qui
165 2601 203 2639 in
228 2598 330 2649 aula,
347 2602 460 2649 luxu,
476 2600 710 2639 caeremoniis
735 2599 772 2640 &
792 2600 966 2639 inanibus
988 2598 1280 2639 oblectamentis
1311 2598 1404 2638 illud
1430 2601 1528 2638 male
1548 2598 1688 2651 perdit.
1749 2598 1793 2639 In
1821 2612 1888 2652 pa-

74 2662 170 2702 latio
191 2662 307 2712 magis
323 2660 518 2700 comendo
549 2661 724 2711 corpori,
762 2659 877 2712 quam
902 2661 1030 2699 animo
1051 2658 1272 2699 excolendo
1294 2658 1475 2711 Princeps
1504 2660 1687 2712 invigilat.
1749 2657 1802 2698 Et
1833 2670 1885 2698 ta-

76 2719 188 2761 metsi
213 2721 291 2759 hoc
306 2719 540 2772 postremum
559 2719 767 2760 curandum
785 2719 916 2773 potius
931 2719 995 2768 sit,
1014 2720 1187 2772 corporis
1202 2729 1330 2759 tamen
1346 2719 1470 2759 cultus
1487 2719 1524 2759 &
1535 2721 1610 2758 oris
1626 2718 1746 2758 decor
1765 2722 1887 2759 omni-

75 2793 131 2822 no
155 2781 293 2833 negligi
318 2791 397 2819 non
418 2779 558 2826 debet;
580 2791 665 2819 nam
688 2782 813 2819 cultus
831 2782 894 2819 ille
912 2780 1069 2828 oculos,
1086 2781 1148 2819 hic
1178 2781 1254 2818 oris
1270 2778 1408 2825 decor,
1424 2779 1462 2818 &
1482 2781 1618 2819 oculos
1643 2780 1742 2830 rapit
1755 2778 1793 2819 &
1811 2781 1888 2819 ani-2

76 2852 195 2882 mum.
252 2840 414 2891 Spiritus
435 2839 550 2879 sanffl
570 2838 619 2878 de
639 2839 750 2880 Saule
781 2841 891 2893 Rege
913 2841 1109 2880 oraculum
1138 2837 1210 2879 est:
1248 2837 1275 2890 ζ
1275 2836 1311 2891 f
1316 2843 1342 2893 )
1372 2837 1544 2893 Stetitque
1571 2841 1607 2879 in
1631 2838 1732 2878 medio
1749 2840 1886 2891 populi,

75 2900 130 2946 &⁹
149 2900 252 2941 altior
263 2898 345 2951 fuit
358 2896 513 2950 mziverfh
524 2899 644 2951 populo
662 2899 707 2939 ab
723 2901 858 2941 humero
878 2899 930 2945 ἐξ)
937 2895 1081 2950 ficrfimz.
1139 2899 1194 2940 Et
1212 2900 1265 2938 ait
1285 2897 1422 2938 Samuel
1439 2898 1489 2938 ad
1497 2899 1677 2951 populum:
1711 2896 1812 2938 Certe
1830 2902 1887 2938 vi-

77 2960 185 3009 detis,
205 2973 301 3014 quem
315 2960 409 3012 elegit
425 2959 616 3008 Dominus,
642 2962 797 3012 quoniam
812 2973 876 3000 non
896 2958 945 3012 fit
957 2958 1077 3012 fimilis
1090 2959 1137 2998 illi
1151 2960 1187 2999 in
1202 2961 1288 2999 immi
1302 2959 1434 3010 populo„
1493 2958 1772 3010 AEthiopes,&
1788 2970 1886 2998 non-

79 3022 171 3061 nulli
191 3019 306 3061 Indiae
320 3021 456 3072 populi
476 3031 545 3059 eos
568 3020 608 3059 in
631 3018 780 3071 Regem
794 3021 959 3073 eligunt,
986 3031 1084 3071 quos
1107 3017 1243 3058 formae
1265 3018 1426 3072 dignitas
1440 3017 1672 3071 potiffiminn
1687 3029 1885 3057 commen-

896 3078 931 3118 C
966 3092 988 3119 2
1789 3076 1881 3124 dat;

178 3162 236 3208 (a)
260 3138 1632 3212 Aristmffim}
1657 3169 1686 3192 c.
1713 3169 1743 3203 3.
1763 3170 1802 3205 4.
1824 3159 1883 3205 (c)

79 3214 290 3316 {gg-Igilii
300 3214 402 3316 3Hisgpc.
421 3213 529 3316 ligo.
548 3225 580 3251 c.
601 3225 614 3251 1
627 3225 658 3250 1.
724 3209 786 3257 (d)
802 3213 893 3251 Mar.
909 3212 1000 3252 Hist.
1019 3212 1082 3251 lib.
1098 3224 1196 3259 13.c.
1215 3224 1245 3249 t.
1300 3213 1359 3260 (e)
1381 3211 1498 3249 Tacit.
1509 3211 1579 3249 l.2.
1599 3208 1733 3247 Amal.—
1753 3209 1818 3258 (f)
1850 3223 1885 3252 ι.
