2132 3730
475 229 1450 275 SYMBOLAPOLITICA.
1793 248 1875 298 231

76 326 242 370 timebat,
271 331 348 370 quo
371 317 547 357 laudabili
568 315 742 357 facinore
757 317 894 356 multas
916 317 1002 355 alias
1028 315 1077 355 de
1097 317 1195 354 coelo
1224 318 1451 366 promeruit.
1508 314 1560 354 Et
1576 317 1800 367 perantiqua
1822 317 1877 356 est

73 383 197 424 isthaec
219 377 398 432 generosa
417 375 598 424 fidelitas,
631 388 676 415 ac
694 375 861 414 smeerus
884 387 990 415 amor
1016 373 1220 415 Infantiam
1242 375 1353 425 hujus
1380 375 1545 415 nominis
1566 375 1606 414 in
1630 374 1758 427 Reges
1785 387 1878 416 con-

71 441 314 492 sanguineum
343 449 417 477 nec
433 439 558 476 minor
580 437 618 476 in
649 435 728 474 hoc
762 435 935 486 praesenti
961 437 1112 483 elucet,
1141 434 1248 485 cujus
1272 431 1459 474 submiffio
1481 434 1519 474 &
1544 433 1764 475 obedientia
1789 446 1878 487 erga

66 501 187 552 ipsum
212 497 363 548 Regem
398 505 502 535 tanta
529 493 603 543 est,
634 504 678 534 ut
713 494 851 534 subditi
876 494 1029 547 potius,
1057 492 1173 545 quam
1203 491 1328 533 fratris
1353 491 1430 533 ess‘e
1458 493 1657 542 videatur3
1688 506 1761 534 nec
1785 494 1875 547 ipsae

19 609 21 611 ι
67 558 228 610 Sphaerae
244 555 414 596 coelestes
440 565 517 595 tarn
540 555 578 594 se
616 554 843 594 submittunt
869 556 995 606 primo
1026 553 1182 602 mobili,
1211 564 1256 592 ac
1280 553 1344 593 sua
1365 552 1556 592 Serenitas
1598 555 1789 594 voluntati
1815 566 1874 594 re-

57 619 150 670 ,giaet
179 626 266 656 nam
296 617 335 655 in
363 615 435 656 illis
457 625 586 655 motus
610 614 763 666 quidam
792 613 849 654 est
880 615 1112 662 contrarius,
1142 614 1181 651 in
1198 612 1271 652 hac
1296 611 1479 659 minime5
1509 615 1627 666 magis
1653 613 1702 653 de
1725 613 1876 654 honore

66 677 204 728 Regis,
233 687 347 727 quarn
371 675 420 715 de
454 675 603 714 suomet
625 676 785 727 proprio
814 674 971 714 sollicita
986 670 1055 717 est,
1116 670 1154 711 O
1172 670 1361 724 Magnum
1380 671 1620 724 Principem,
1649 674 1686 712 in
1703 685 1782 726 quo
1797 671 1877 715 san-

65 737 185 789 guinis
208 735 386 787 splendor
407 734 433 790 ζ
440 734 589 775 tametsi
607 734 773 774 summus
792 736 856 774 ille
877 733 959 785 fit)
987 744 1067 773 non
1087 731 1143 772 est
1159 741 1286 772 tamen
1305 733 1512 772 maximum
1545 743 1705 782 eorum,
1736 746 1820 785 quae
1837 737 1876 775 in

64 796 145 847 ipso
162 795 392 847 suspicimus.
452 794 599 835 Divina
613 795 859 846 providentia
877 793 1053 833 nimirum
1072 792 1395 845 perturbatiffimis
1417 791 1519 832 hisee
1535 793 1799 843 temporibus,
1818 795 1874 834 in·

4 879 7 881 -
63 866 121 895 ter
134 865 194 894 tot
204 866 360 908 tamque
380 855 581 894 diuturnos
601 854 791 895 bellorum
810 863 961 901 motuS,
977 853 1116 905 quibus
1125 852 1368 893 Monarchiae
1384 852 1495 904 hujus
1513 863 1604 891 axes
1623 864 1668 890 ac
1679 854 1761 904 poli
1784 865 1878 893 con.

64 916 286 966 cutiuntur,
316 917 511 956 Atlantem
534 913 645 955 istum
665 913 689 955 ὲ
711 915 808 954 coelo
827 912 995 953 submisit
1012 942 1026 964 ,
1054 915 1121 966 qui
1139 914 1254 956 animi
1280 913 1335 955 sui
1359 910 1609 962 fortitudine,
1641 911 1678 952 &
1707 912 1874 964 pruden-

0 999 2 1010 ι
63 972 113 1015 tia
126 977 358 1029 praecipuam
379 977 476 1017 illius
501 986 650 1029 partem
670 974 906 1015 sustentaret.

526 1141 1169 1212 SYMBOLUM
1230 1140 1377 1210 LV.

194 2616 416 2674 Ristoteles‚
446 2632 490 2666 ut
515 2621 737 2666 Alexandro
759 2621 910 2679 Magno
924 2620 1234 2665 Consiliariorum
1250 2628 1415 2666 virtutes
1448 2622 1487 2664 ὅτ
1504 2621 1749 2664 conditiones
1768 2619 1874 2673 'apti-

222 2679 269 2739 Ιὺε
296 2686 546 2737 exprimeret,
576 2697 662 2725 cum
689 2683 811 2726 oculis
844 2696 913 2727 eos
955 2685 1215 2737 comparabat.
1304 2683 1511 2725 Transtulit
1543 2684 1874 2735 comparationem

220 2738 325 2782 istam
346 2745 383 2784 in
399 2747 523 2799 legum
542 2745 687 2785 suarum
699 2745 817 2785 libros
839 2739 927 2786 Rex
943 2744 1182 2797 Alphonsus,
1213 2754 1477 2797 cognomento
1495 2741 1675 2797 Sapiens,
1705 2742 1743 2782 δε
1760 2752 1874 2782 accu-

62 2807 181 2841 ratam
201 2801 299 2841 inter
316 2814 379 2842 eas
406 2801 653 2845 collationem
673 2804 843 2846 instituit.
905 2802 996 2845 Nec
1014 2815 1162 2844 novum
1181 2804 1273 2844 illud
1293 2804 1417 2845 videri
1442 2803 1579 2853 debet,
1611 2812 1676 2843 ant
1691 2803 1873 2847 insolens:

61 2868 151 2901 nam
173 2861 210 2901 &
227 2862 355 2915 Reges
376 2861 509 2904 Perliae
526 2877 568 2904 ac
585 2863 807 2914 Babyloniae
823 2860 907 2905 illos
938 2864 1181 2916 appellabant
1204 2864 1340 2904 oculos
1362 2862 1470 2912 suos,
1502 2865 1558 2902 uti
1576 2860 1776 2904 Ministros
1806 2863 1872 2901 ali-

63 2930 107 2961 os
123 2932 222 2961 artes
237 2921 338 2971 suas,
368 2921 406 2962 &
430 2929 585 2972 manus,
612 2928 684 2974 pro
703 2927 853 2965 ratione
874 2925 1060 2971 muneris,
1092 2923 1200 2975 quod
1217 2924 1390 2964 obibant.
1450 2923 1611 2975 Spiritus
1629 2923 1680 2962 illi
1699 2922 1868 2973 septem,

61 2979 226 3022 Ministri
250 2982 354 3032 Dei,
384 2982 474 3022 misfi
492 2984 529 3022 in
548 2989 704 3023 omnem
726 2991 863 3024 terram
877 3014 889 3034 ,
910 2981 1014 3024 oculi
1033 2990 1141 3023 erant
1157 2984 1259 3036 Agni
1279 2982 1356 3037 (a)
1385 2983 1628 3026 immaculati.
1687 2980 1871 3031 Princeps

64 3043 196 3094 aliquis
222 3045 285 3083 cui
314 3054 391 3083 tam
417 3044 537 3084 multa
558 3043 726 3083 videnda
755 3044 892 3084 sunt&
921 3043 1130 3093 audienda,
1160 3051 1267 3083 totus
1295 3042 1456 3084 deberet
1477 3041 1553 3083 ess'e
1572 3042 1732 3088 oculus,
1761 3049 1871 3153 to(tu0

974 3102 1025 3143 M
1043 3115 1082 3142 m
1104 3115 1144 3142 m
1178 3114 1200 3142 2
1816 3101 1870 3150 a)

161 3243 218 3283 (a)
242 3239 554 3295 Agnumstantem
577 3250 754 3292 tanquam
775 3239 914 3287 occistcm
929 3268 938 3282 ,
963 3237 1150 3279 habentem
1164 3253 1294 3278 cornua
1306 3239 1440 3293 ᾖμεν
1451 3237 1515 3282 ,ό-
1533 3236 1639 3274 oculos
1650 3234 1793 3289 septem,
1809 3236 1880 3291 qul

23 3336 27 3350 ἰ
57 3285 279 3346 fimtftptem
296 3291 441 3347 spiritus
456 3295 526 3332 Dei
556 3293 666 3346 m'g'fft'.
695 3296 735 3332 in
748 3302 880 3332 onmem
903 3298 1053 3333 terram.
1081 3296 1199 3343 Apoc.
1225 3303 1259 3340 5.
1279 3298 1316 3332 6.
