2132 3730
230 235 318 289 37⁶
664 225 1013 273 DIDACI
1064 225 1603 273 SAAVEDRAE.

739 289 2016 306 ——ss———ss

224 320 329 364 nulla
344 318 486 372 patitur
502 312 696 354 obstacula
712 342 725 362 ,
755 311 795 352 δι
812 311 840 352 fi
857 314 941 363 quis
958 313 994 353 ei
1018 311 1193 362 obfistat,
1222 314 1304 353 haec
1322 313 1399 364 ipsa
1422 313 1595 355 detentio
1623 315 1725 355 vires
1755 312 1925 366 ejusdem
1956 323 2019 351 au·

223 388 292 434 get
310 409 322 428 ,
350 387 395 417 ut
418 373 545 415 omnia
557 380 796 425 perrumpat.
850 370 948 412 Earn
965 372 1018 412 ob
1033 383 1115 412 rem
1135 370 1297 424 Spiritus
1315 372 1461 413 sanctus
1481 385 1554 414 nos
1574 384 1709 415 monet
1725 403 1738 424 ‚
1767 385 1817 414 ne
1847 382 2020 425 oppona-

224 450 311 481 mus
325 446 397 477 nos
414 432 537 473 cursui
553 431 630 487 (a)
656 430 837 472 fluminis.
894 431 1080 473 Patientia
1093 432 1282 483 impetum
1303 433 1410 474 illum
1426 433 1598 487 superat,
1628 434 1694 486 qui
1710 432 1788 474 cito
1804 432 1954 481 transit,
1983 441 2022 470 e-

223 495 454 539 vanescente
468 490 604 533 ienfim
623 493 828 545 potentia:
854 491 961 533 unde
978 491 1016 532 δι
1037 491 1125 531 mali
1141 492 1284 543 augurii
1296 492 1387 531 loco
1406 493 1618 534 habebatur
1646 504 1720 547 pro
1742 493 1846 534 bello
1875 491 2023 532 Vitellii

226 558 267 598 in
304 553 467 595 Oriente
487 581 501 603 ,
530 552 639 605 quod
667 551 885 605 Euphrates
922 548 1127 604 tantopere
1159 549 1413 600 excreviss'et,
1443 552 1481 592 &
1510 553 1678 594 vortices
1706 552 1819 593 velut
1858 561 2023 594 coronas

225 612 408 668 quasdam
441 611 583 665 spumae
604 611 776 652 candidae
803 609 1050 663 ostenderet,
1078 609 1406 651 considerantibus
1431 612 1608 652 nimirum
1634 641 1648 662 ,
1692 612 1808 666 quam
1830 621 1924 651 mox
1954 609 2022 650 de-

223 675 389 717 fluerent
409 672 462 713 illi
486 671 688 712 fluminum
717 670 743 730 (
756 670 812 725 b)
841 672 1021 723 impetus.
1109 670 1281 724 Quando
1295 670 1406 723 igitur
1429 670 1558 710 multae
1577 670 1695 710 causae
1724 673 1763 712 in
1786 683 1904 712 unum
1927 681 2018 711 con*

222 734 406 788 spirantes
430 729 610 773 victorias
628 731 813 784 Principis
837 730 981 771 hostilis
1010 731 1267 780 comitantur,
1297 730 1335 770 &
1361 728 1515 770 felicem
1544 729 1852 782 expeditionibus
1887 728 2021 771 milita-

222 793 367 837 taribus
384 793 489 835 viam
500 791 740 846 patefaciunt
759 818 775 837 ‚
801 802 950 845 magnae
967 791 1039 833 erit
1054 789 1269 845 prudentiae
1283 819 1297 839 ,
1328 798 1482 844 tempus
1502 790 1548 830 iis
1572 788 1796 844 indulgere,
1831 799 1876 832 ut
1895 787 2021 844 seipsis

224 2217 357 2264 sensim
385 2215 565 2260 deficiant
579 2244 593 2267 ‚
620 2227 701 2259 non
718 2216 913 2270 quod‘sslae
936 2216 1193 2260 necessitatem
1210 2217 1372 2271 aliquam
1390 2216 1555 2260 inferant
1571 2216 1701 2260 liberae
1727 2216 1940 2267 voluntati,
1957 2218 2020 2259 sed

225 2283 315 2336 quia
327 2281 437 2332 huJ'us
460 2280 614 2319 libertas
641 2279 681 2319 in
699 2278 801 2320 solos
821 2279 936 2320 animi
964 2278 1003 2321 δι
1025 2280 1201 2332 corporis
1233 2290 1363 2320 motus
1389 2288 1497 2320 tenet
1524 2280 1726 2333 imperium
1742 2311 1756 2330 ,
1782 2290 1862 2321 non
1887 2280 1927 2320 in
1958 2279 2021 2319 illa

225 2343 429 2384 exteriora.
484 2338 633 2380 Poterit
651 2339 714 2379 illa
737 2337 893 2391 quidem
907 2350 988 2381 non
1011 2339 1153 2380 cedere
1173 2338 1319 2379 casibus
1330 2367 1344 2388 ,
1360 2348 1404 2378 ut
1419 2348 1548 2380 tamen
1563 2340 1611 2379 ab
1634 2338 1769 2382 iisdem
1790 2350 1869 2380 non
1884 2339 2023 2380 obrua-

223 2411 288 2444 tur
309 2430 324 2451 ‚
352 2401 502 2441 efficere
521 2398 668 2451 semper
688 2410 769 2440 non
784 2400 941 2452 poterit.
1000 2398 1089 2440 Plus
1112 2397 1319 2438 constantia
1339 2399 1379 2438 in
1405 2397 1591 2451 sperando
1616 2399 1720 2438 valet
1735 2427 1748 2448 ,
1777 2396 1892 2451 quam
1910 2396 2023 2439 forti-

225 2460 325 2504 tudo
345 2462 385 2501 in
413 2458 638 2513 proeliando.
715 2457 900 2499 Noverat
926 2457 1020 2499 illud
1042 2457 1181 2498 Fabius
1205 2457 1434 2510 Maximus}
1462 2457 1639 2511 adeoque
1668 2458 1773 2499 illum
1796 2457 2022 2499 Hannibalis

225 2530 438 2564 torrentem
467 2518 680 2572 praeterlabi
703 2516 828 2571 passus
843 2516 925 2568 est,
954 2518 1082 2558 donec
1099 2518 1220 2571 longis
1237 2515 1544 2558 cunctationibus
1569 2519 1812 2559 imminutum
1833 2519 1953 2568 vicit,
1982 2517 2022 2558 δε

225 2580 525 2634 Rempublicam
536 2579 752 2618 Romanam
770 2578 1024 2620 conservavit.
1084 2576 1259 2618 Eventus
1277 2578 1375 2618 vires
1387 2576 1728 2627 ,&incrementum
1746 2578 1897 2619 sumunt
1911 2578 1958 2618 ab
1966 2579 2022 2618 in·

226 2644 382 2689 vicem,
411 2640 450 2680 δι
473 2639 660 2691 opinione
678 2635 942 2680 auctoritatem
965 2637 1066 2678 nafti
1092 2639 1263 2678 crescunt
1281 2636 1405 2678 subito
1429 2667 1444 2687 ‚
1473 2647 1517 2679 ut
1536 2639 1637 2678 nulla
1656 2646 1761 2679 tanta
1783 2638 1828 2678 sit
1845 2640 2020 2690 potentia

227 2714 314 2754 quae
331 2702 375 2740 iis
401 2697 582 2739 obsistere
601 2698 685 2738 satis
704 2698 826 2751 possit.
883 2697 1065 2739 Carolum
1085 2698 1274 2752 Quintum
1296 2697 1571 2750 Imperatorem
1594 2697 1832 2738 fortunatum
1854 2698 2021 2738 reddidit

228 2762 269 2803 δι
284 2760 489 2813 gloriosum
513 2758 743 2798 Monarchia
764 2757 988 2810 Hispanica,
1017 2757 1111 2798 felix
1133 2756 1263 2797 effecit
1279 2757 1485 2811 Imperium
1505 2756 1675 2809 ejusdem
1698 2757 1921 2809 prudentia,
1940 2756 2020 2797 for-

227 2819 358 2861 titudo
375 2848 388 2866 ,
417 2818 455 2858 &
472 2819 665 2871 vigilantia
679 2818 840 2870 praesens
857 2819 896 2857 in
912 2819 1025 2857 rebus
1056 2818 1232 2858 omnibus
1245 2846 1258 2866 ,
1289 2829 1382 2869 quas
1401 2818 1558 2857 eximias
1580 2817 1677 2857 illius
1701 2816 1814 2857 dotes
1843 2828 2017 2857 commu·

227 2881 289 2922 nis
309 2878 525 2919 Nationum
539 2879 712 2919 omnium
733 2877 929 2930 applausus
944 2878 980 2917 &
998 2877 1292 2917 admurmuratio
1316 2877 1542 2929 sequebatur
1561 2886 1575 2922 ξ
1605 2887 1739 2917 omnes
1760 2876 1808 2917 ad
1824 2874 2018 2917 fortunam

230 2939 314 2991 ejus
341 2937 380 2977 se
400 2936 654 2989 adjungebant
673 2968 686 2986 ,
714 2936 853 2977 &Rex
870 2934 1036 2978 Franciae
1055 2937 1294 2979 aemulatione
1323 2945 1437 2976 tantae
1461 2937 1590 2990 gloriae
1624 2935 1785 2976 eandem
1812 2934 2018 2988 infringere

228 3006 416 3044 conatus,
439 2997 621 3036 suammet
636 2997 848 3037 libertatem
877 2997 1056 3049 perdidit.
1124 2996 1288 3049 Quantis
1321 3006 1505 3036 armatum
1526 2997 1635 3035 minis
1660 2994 1785 3047 fulgur
1810 2996 1975 3046 erumpit
1991 2995 2015 3035 e

229 3057 431 3100 nubibus!
459 3056 527 3096 ubi
558 3055 744 3096 obnixum
777 3058 946 3110 reperit,
975 3067 1057 3097 tum
1083 3057 1249 3109 primum
1269 3056 1376 3096 suum
1404 3057 1526 3096 exerit
1547 3056 1691 3102 robur3
1720 3056 1863 3106 absque
1888 3055 1953 3094 illo
1974 3057 2012 3095 in

354 3122 357 3124 ’
950 3135 954 3139 ·
1934 3115 2017 3165 ipso

332 3232 389 3275 (a)
409 3232 479 3264 Nec
499 3226 628 3264 coneris
644 3238 765 3264 contra
786 3230 898 3266 idum
914 3226 1040 3280 fluvii.
1065 3227 1160 3264 Eccl.
1179 3240 1212 3275 3.
1234 3240 1292 3276 32.
1344 3229 1406 3278 (b)
1431 3227 1625 3266 flaminum
1639 3221 1811 3277 instabilis
1826 3222 2016 3273 naturast·

228 3277 307 3319 mul
322 3278 508 3332 ‹stenderet
526 3281 643 3317 omnia
665 3307 677 3323 ,
701 3291 916 3335 raperetque.
932 3283 1018 3319 Tac.
1029 3281 1052 3318 l.
1065 3285 1100 3319 6.
1108 3280 1237 3318 Annal-
