2132 3730
246 210 302 256 48
674 197 1019 240 DIDACI
1079 197 1603 242 SAAVEDRAE

245 289 285 328 in
298 286 470 327 sermone
490 282 661 335 profiteri
678 281 822 320 debent
844 281 1020 320 homines
1040 309 1053 328 ‚
1084 280 1123 319 &
1142 281 1395 323 sinceritatem
1411 284 1581 322 veritatis
1596 312 1608 330 ,
1639 281 1819 334 gestando
1843 283 1881 322 in
1903 282 2037 334 pecto-

246 359 288 388 re
308 344 502 386 detes‘tum
526 340 629 392 quali
650 339 688 379 &
707 350 880 392 apertum
900 352 968 379 cor
987 372 1017 394 ,q
1029 341 1237 391 genuinum
1262 343 1430 382 veritatis
1463 342 1560 381 illius
1585 341 1825 391 Symbolum.
1906 342 2037 392 Atque

247 409 325 448 hoc
340 404 462 457 ipsum
478 399 532 440 est
550 429 563 449 ‚
594 398 703 451 quod
723 401 980 441 communiter
1001 400 1037 438 in
1105 410 1168 439 are
1191 402 1370 442 volumus
1385 432 1397 451 ,
1428 400 1517 440 cum
1535 402 1584 440 de
1614 401 1771 441 homine
1792 412 1931 442 verace
1947 400 2039 440 dici·

246 478 330 507 mus
349 494 362 513 ,
377 473 466 501 eum
490 471 558 499 cor
580 459 742 499 suumin
769 460 942 500 manibus
962 470 1027 512 ger
1053 469 1106 497 .e.
1166 456 1272 501 Idem
1299 461 1337 500 δε
1361 460 1577 501 sacerdotes
1600 459 1774 513 AEgyptii
1792 473 1862 514 per
1880 460 2040 512 Sapphi-

245 536 329 566 rum
351 521 559 562 innuebant
574 549 587 567 ,
618 531 733 571 quem
758 520 936 561 locabant
958 520 995 558 in
1011 517 1173 570 pectore
1200 518 1418 572 Principum
1439 519 1487 560 ad
1516 519 1677 560 eandem
1706 522 1908 560 veritatem
1940 520 2038 568 sym-

245 581 374 624 bolice
390 578 756 632 repraesentandam:
788 578 1115 632 quemadmodum
1147 576 1185 616 &
1210 576 1374 619 Ministri
1401 578 1549 631 justitiae
1581 581 1743 631 aliquam
1763 580 1933 631 ejusdem
1962 578 2041 617 effi.

243 645 343 696 giem
355 639 499 694 gestare
509 638 794 680 consueverant.
856 637 1004 690 Neque
1018 647 1146 677 tamen
1161 635 1251 676 ideo
1267 640 1429 690 cuipiam
1445 638 1569 679 videri
1581 639 1718 688 debet,
1728 639 1756 678 fi
1769 641 1948 691 Princeps
1963 647 2043 678 tam

244 703 405 754 simplex
425 699 465 741 δε
481 709 633 752 apertus
652 697 768 739 fuerit
785 699 955 738 veritatis
982 699 1132 745 cultor,
1162 695 1456 748 deceptionibus
1473 697 1578 739 forte
1600 699 1638 739 &
1661 697 1857 738 fraudibus
1875 710 1944 750 per
1959 697 2040 736 hoc

243 762 367 803 ansam
393 759 471 800 dari
489 772 501 799 ε
528 771 617 799 nam
638 767 772 798 contra
781 758 911 810 potius
928 758 1020 797 nihil
1038 758 1098 796 illa
1120 755 1310 795 efficacius
1327 756 1374 797 ad
1401 758 1513 798 dolos
1527 757 1617 798 istos
1635 758 1832 798 cavendos
1847 787 1862 807 ,
1890 756 1928 797 δε
1951 768 2041 809 pro-

243 824 306 863 cul
326 818 532 861 arcendum
558 817 801 858 mendacium
821 848 833 868 ,
865 817 972 869 quod
989 818 1027 857 in
1044 817 1215 856 veritatis
1233 815 1404 857 frontem
1415 818 1540 858 liberis
1554 819 1691 859 intueri
1709 819 1830 858 oculis
1847 827 2043 867 nunquam

242 881 370 923 audet.
430 878 584 919 Eodem
600 908 612 927 ,
643 879 804 930 opinor,
835 877 874 917 &
888 877 1114 928 Pythagorae
1138 876 1355 927 pertinebat
1377 878 1566 917 monitum
1587 907 1601 926 ,
1632 887 1676 918 ut
1700 889 1751 918 ne
1771 877 1922 917 aversus
1944 874 1965 914 *a
1983 876 2039 915 so-

241 945 279 982 le
297 942 381 993 quis
405 940 649 990 loqueretur;
677 945 756 985 quo
776 937 933 986 quidem
952 935 1158 988 significare
1182 935 1307 976 voluit
1323 965 1336 986 ‚
1366 937 1459 976 nihil
1479 934 1684 977 dicendum
1704 949 1871 990 unquam
1887 966 1903 986 ,
1931 933 2041 987 quod

241 1001 264 1042 a
287 999 384 1040 verb
406 1000 568 1038 alienum
592 993 637 1034 sit
656 1006 668 1033 .·
698 1005 788 1034 nam
808 995 873 1047 qui
895 994 963 1034 sibi
982 1008 1060 1035 non
1077 1005 1267 1046 temperat
1287 994 1308 1035 a
1328 996 1532 1037 mendacio
1550 1025 1564 1046 ,
1593 995 1695 1037 ferre
1709 1009 1788 1038 non
1812 995 1964 1036 sustinet
1987 996 2043 1034 lu-

242 1060 441 1100 cidiffimos
467 1055 636 1096 veritatis
654 1053 802 1104 radios,
831 1054 975 1107 duplici
996 1058 1154 1096 nomine
1174 1067 1245 1106 per
1271 1055 1401 1096 Solem
1429 1054 1684 1097 adumbratae:
1707 1064 1788 1096 tum
1817 1055 1923 1108 quod
1943 1055 2043 1094 solus

242 1121 281 1161 &
304 1120 438 1159 unicus
455 1116 518 1157 ille
536 1116 604 1163 sit,
635 1123 718 1155 tum
749 1113 855 1167 qubd
871 1115 1049 1156 tenebras
1075 1146 1088 1166 ,
1119 1114 1266 1167 dissipet
1283 1145 1297 1165 ‚
1326 1115 1366 1157 ὅτ.
1387 1115 1498 1171 fuget
1523 1115 1676 1155 umbras
1691 1144 1705 1165 ,
1733 1111 1966 1156 restituendo
1985 1124 2043 1153 re-

240 1179 313 1220 bus
332 1178 511 1219 omnibus
526 1186 658 1216 veram
672 1176 798 1214 lucem
814 1204 827 1224 ,
860 1174 897 1214 δε
913 1177 1067 1216 nativos
1092 1174 1180 1215 suos
1197 1176 1372 1227 colores,
1401 1177 1459 1216 uti
1477 1173 1680 1216 Emblema
1692 1175 1853 1227 praesens
1869 1173 2041 1219 exhibet3

241 1241 280 1281 in
302 1251 381 1291 quo
400 1238 570 1281 simulac
593 1234 701 1286 supra
717 1233 976 1276 Horizontem
998 1234 1064 1276 fax
1080 1234 1147 1275 ista
1171 1234 1359 1286 ascendit,
1388 1246 1484 1277 mox
1504 1233 1631 1276 noctis
1645 1235 1847 1287 diffugiunt
1858 1233 2039 1279 tenebras,

243 1299 283 1340 δε
302 1299 462 1339 obscura
483 1295 673 1346 sylvarum
696 1295 852 1334 latibula
870 1304 1053 1347 repetunt
1071 1293 1269 1335 noeturnae
1289 1307 1381 1335 aves
1398 1326 1410 1344 ,
1440 1306 1525 1347 quae
1546 1294 1634 1335 alias
1657 1307 1702 1335 ea
1725 1294 1898 1342 absente,
1924 1292 2041 1332 &no-

242 1359 312 1399 c'tis
335 1378 376 1391 --
389 1382 406 1390 ·
419 1365 488 1409 per
514 1357 624 1395 amica
647 1354 786 1407 filerztia
807 1355 887 1393 fiias
913 1355 1092 1407 tantisper
1112 1354 1317 1406 captabant
1338 1355 1496 1407 praedas,
1511 1353 1604 1394 dum
1621 1356 1800 1394 volucres
1826 1354 1904 1392 aliae
1925 1351 2043 1403 quieti

239 1418 481 1471 indulgerent
498 1446 509 1464 ‚
541 1414 578 1453 &
600 1414 747 1453 somnO.
810 1413 940 1466 Quam
961 1413 1211 1454 confunditur
1231 1412 1398 1458 noctua:
1428 1413 1457 1455 si
1479 1415 1565 1454 casu
1584 1414 1711 1466 aliquo
1730 1415 1769 1454 in
1782 1413 1866 1452 solis
1887 1411 2044 1463 conspe-

242 1477 347 1518 &um
369 1477 500 1516 veniat
522 1474 530 1511 Ι
559 1472 602 1513 In
622 1473 811 1512 clariffima
832 1474 911 1524 eJ'us
931 1474 1018 1513 luce
1031 1474 1095 1513 hic
1111 1474 1187 1513 illic
1205 1472 1390 1524 offendit,
1409 1474 1446 1514 δι
1465 1471 1540 1514 sese
1556 1474 1747 1527 implicat:
1779 1481 2044 1512 excoecateam

240 1539 399 1578 omnino
420 1533 598 1588 splendor
626 1530 694 1571 iste
721 1562 734 1582 ,
764 1544 979 1584 omnesque
997 1534 1095 1573 illius
1119 1531 1239 1572 eludit
1265 1542 1378 1578 artes.
1445 1532 1606 1574 Ullusne
1636 1532 1710 1573 effe
1739 1531 1866 1583 potest
1889 1531 2042 1583 ingenio

239 1607 318 1640 tam
335 1596 490 1636 versuto
518 1600 583 1632 aut
600 1590 736 1640 vafro,
768 1603 884 1643 quem
908 1595 947 1632 in
972 1592 1169 1645 praesentia
1179 1593 1334 1645 ingenui
1359 1592 1544 1645 Principis
1561 1625 1574 1644 ,
1606 1593 1644 1633 &
1661 1594 1722 1634 cui
1741 1592 1885 1634 smeera
1900 1592 2041 1637 veritas

237 1657 406 1700 maxime
423 1653 533 1696 cordi
548 1648 604 1692 est
617 1679 632 1701 ,
659 1662 742 1691 non
757 1651 861 1690 illico
882 1651 986 1692 fraus
1012 1653 1137 1693 omnis
1151 1660 1268 1704 atque
1288 1651 1422 1694 astutia
1436 1651 1614 1694 destituat
1627 1652 1651 1697 ἓ

721 1776 826 1796 ...-
858 1751 950 1819 (a)
982 1749 1172 1823 Magni
1193 1749 1445 1823 praesentia
1461 1760 1602 1813 vere’,

242 1876 293 1915 ait
305 1874 382 1916 ille.
440 1867 562 1909 Nulla
581 1875 661 1907 tam
677 1873 820 1918 potens
835 1866 895 1905 vis
911 1863 968 1904 est
980 1894 992 1912 ,
1023 1877 1108 1916 quae
1131 1863 1362 1906 candidioris
1381 1866 1496 1904 animi
1514 1865 1668 1906 consilia
1679 1874 1881 1919 penetret,
1910 1865 1939 1907 fi
1958 1876 2050 1906 can·.

243 1935 328 1974 dori
344 1931 395 1971 illi
417 1927 630 1982 prudentiae
657 1924 810 1977 quidam
827 1923 931 1976 quasi
955 1921 1120 1963 recessus
1139 1934 1220 1963 non
1240 1921 1447 1963 defuerint.
1508 1922 1919 1976 Quicquamnemundi
1930 1924 2042 1976 hujus

242 1994 365 2034 oculis
382 1990 498 2040 magis
517 1996 653 2039 patens
669 1994 784 2036 atque
805 1993 1004 2035 apertum,
1035 1984 1291 2034 quicquamne
1307 1981 1470 2022 lucidius
1487 2011 1500 2030 ‚
1529 1985 1698 2036 magisva
1719 1986 1861 2025 umbris
1875 1997 1919 2024 ac
1937 1994 2044 2024 tene-

242 2054 320 2094 bris
337 2049 559 2103 oppofitum
582 2058 597 2092 3
626 2056 739 2097 quam
757 2043 821 2082 Sol
839 2044 859 2081 ?
879 2042 930 2081 Et
953 2053 1080 2082 tamen
1095 2072 1107 2091 ,
1139 2042 1167 2082 fi
1187 2043 1269 2094 quis
1284 2043 1323 2081 in
1339 2041 1510 2092 ejusdem
1527 2042 1654 2082 radios
1672 2045 1792 2084 aciem
1811 2045 1906 2084 velit
1922 2045 2044 2083 inten-

243 2113 336 2153 dere
356 2141 370 2161 ,
401 2106 552 2158 abyffos
588 2105 692 2155 quali
711 2101 978 2154 deprehendet
995 2131 1009 2151 ,
1038 2101 1167 2141 nescio
1191 2100 1336 2153 quas&
1365 2102 1460 2139 lucis
1482 2101 1728 2142 obscuritates
1746 2132 1758 2152 ‚
1789 2115 1872 2155 quae
1900 2102 1951 2142 fic
1974 2105 2044 2143 ob-

242 2172 391 2214 fuscant
405 2199 419 2219 ,
450 2167 488 2207 &
504 2165 690 2206 hebetant
714 2163 850 2203 oculos
867 2190 879 2210 ‚
898 2171 941 2201 ut
959 2161 1052 2213 quid
1068 2160 1238 2202 viderint
1262 2158 1414 2200 edicere
1431 2159 1501 2212 ipsi
1523 2171 1730 2212 nequeant.
1800 2161 1918 2203 Haud
1929 2164 2042 2203 ,aliter

244 2233 294 2273 ad
322 2230 530 2270 candorem
555 2223 727 2265 veritatis
746 2231 965 2262 occoecatur
982 2222 1123 2262 malitia
1140 2250 1154 2271 ‚
1183 2219 1223 2260 δε
1248 2219 1321 2260 suis
1358 2222 1545 2260 evertitur
1566 2219 1850 2272 fundamentis,
1878 2234 1953 2262 nec
1964 2222 2042 2274 jam

244 2294 349 2333 viam
377 2297 443 2330 aut
469 2285 632 2326 modum
663 2284 806 2335 reperit
827 2311 841 2332 ,
886 2292 966 2333 quo
987 2281 1131 2322 artibus
1164 2280 1238 2321 suis
1254 2290 1374 2333 porro
1395 2278 1511 2319 fallat.
1569 2279 1788 2333 Digniffima
1800 2281 1973 2333 Principe
1985 2284 2045 2321 vi-

245 2351 367 2393 <storia
383 2378 396 2398 ‚
425 2344 579 2387 fraudes
600 2343 809 2383 &technas
825 2343 1080 2394 ingenuitate,
1108 2342 1273 2381 veritate
1291 2338 1534 2380 mendacium
1560 2341 1805 2394 triumphare.
1881 2340 2045 2382 Mentiri

246 2412 445 2454 servorum
462 2403 537 2451 est3
555 2412 671 2454 atque
690 2402 788 2441 adeo
806 2401 1032 2455 generosum
1059 2401 1243 2454 Principis
1260 2401 1427 2441 animum
1443 2399 1520 2454 (b)
1535 2399 1826 2452 haudquaquam
1841 2399 2044 2448 decet;cui

245 2473 311 2513 vel
329 2470 495 2510 maxime
511 2462 633 2504 danda
653 2474 771 2515 opera
787 2491 800 2510 ,
822 2470 866 2501 ut
895 2461 988 2502 Deo
1003 2491 1017 2512 ,
1045 2463 1109 2513 qui
1127 2462 1204 2514 ipsa
1219 2458 1274 2501 est
1288 2455 1442 2500 Veritas
1455 2489 1469 2510 ,
1497 2472 1610 2513 quam
1628 2460 1833 2501 simillimus
1856 2460 1916 2501 fit.
1973 2457 2043 2516 (c)

247 2529 350 2573 Onde
368 2528 415 2568 los
436 2525 551 2578 Reyes
589 2521 678 2576 (ait
698 2521 748 2562 de
771 2522 833 2561 illa
848 2521 1067 2573 Alphonsus
1088 2522 1178 2562 Rex
1195 2520 1294 2573 saepe
1309 2519 1522 2574 laudatus)
1548 2533 1614 2576 que
1633 2522 1743 2561 tienen
1763 2516 1810 2571 fh
1831 2521 1932 2573 lugar
1947 2533 1988 2561 en
2007 2520 2044 2559 la

246 2594 384 2638 nerra,
410 2599 435 2626 a
452 2587 553 2640 quien
567 2589 749 2635 pretetzeze
765 2580 805 2621 de
826 2581 860 2621 Ia
875 2581 1034 2633 guardar
1053 2581 1166 2622 mucha
1186 2611 1198 2629 ,
1227 2578 1305 2620 debe
1324 2588 1445 2632 parar
1469 2582 1606 2621 mientes
1619 2610 1633 2630 ,
1662 2592 1726 2634 que
1741 2592 1784 2620 no
1809 2576 1896 2631 Jiaean
1921 2585 2041 2620 contra

246 2652 309 2693 ella
328 2645 482 2689 diZsWdO
498 2641 670 2697 Palabm
689 2637 895 2691 menttrqfas,
962 2641 1089 2699 „Quare
1107 2653 1205 2693 reges
1218 2671 1230 2689 ,
1259 2641 1320 2693 qm·
1337 2638 1481 2693 ejusdem
1497 2641 1534 2680 in
1551 2647 1651 2680 terra
1664 2640 1766 2680 locum
1787 2639 1953 2687 obtinent,
1983 2651 2041 2678 ca-

246 2723 330 2752 vere
359 2706 478 2749 dehent
491 2700 617 2754 solicite
636 2732 649 2751 ,
679 2713 720 2740 ne
742 2699 829 2755 quid
848 2703 883 2741 in
901 2703 1114 2750 veritatem,
1142 2700 1255 2740 verba
1276 2698 1449 2739 mendacia
1462 2696 1669 2752 profhrendo
1690 2730 1702 2748 ,
1724 2711 1872 2753 unquam
1889 2705 2040 2750 peccent.

248 2769 301 2810 Et
314 2765 433 2821 paulo
448 2763 546 2804 infra
558 2763 597 2802 in
617 2760 753 2800 eadem
769 2762 856 2813 lege
874 2762 982 2800 aliam
1000 2760 1079 2812 ejus
1095 2761 1149 2799 rei
1166 2757 1289 2799 adfert
1307 2759 1492 2798 rationem
1511 2768 1524 2803 x
1554 2755 1632 2812 (d)
1651 2758 1692 2800 E
1704 2757 1744 2798 de
1758 2772 1842 2806 mas,
1857 2756 1990 2811 quando
2014 2755 2046 2796 el

246 2823 402 2880 mintieffi
418 2838 460 2865 en
476 2820 538 2875 fits
557 2820 729 2873 palahras
746 2850 758 2869 ,
776 2832 816 2860 πο
838 2819 867 2860 Ie
888 2821 1044 2861 creerian
1057 2820 1104 2861 Ios
1131 2819 1257 2868 Omes,
1286 2832 1350 2872 que
1365 2819 1392 2858 Ie
1422 2816 1531 2871 oyefi‘n
1545 2849 1558 2868 ,
1586 2830 1723 2870 maguer
1743 2814 1865 2869 [ἰὼ-ψ
1882 2816 2040 2866 verdad,

248 2903 267 2929 e
281 2886 448 2928 tamaricen
462 2882 544 2923 ende
569 2888 820 2931 carrerapara
837 2882 971 2920 mentir·
1039 2881 1223 2921 Praeterea
1244 2890 1371 2931 quoque
1385 2908 1397 2928 ,
1416 2878 1454 2931 st
1473 2877 1606 2932 quando
1623 2875 1768 2931 excichffi
1798 2875 1860 2928 zpfi
1871 2875 2043 2916 mendacia

249 2949 392 2990 homines
409 2943 469 2983 alii
492 2939 773 2993 deprehenderent
790 2953 804 2987 ,·
832 2946 959 2979 certum
973 2937 1020 2993 est
1047 2940 1106 2980 hos
1123 2939 1155 2978 ei
1162 2935 1268 2990 fidem
1287 2937 1436 2989 deinceps
1458 2950 1581 2978 omnem
1595 2968 1608 2986 ,
1637 2938 1736 2976 etiam
1760 2946 1849 2974 vera
1869 2936 2042 2989 loquenti,

249 3012 444 3060 negaturos,
459 2997 719 3054 ficttpturosque
737 2999 813 3039 hinc
830 2997 889 3053 effi
905 2998 1083 3039 audaciam
1095 2997 1220 3046 libere,
1248 3005 1352 3051 atque
1366 2999 1497 3049 impune
1510 2994 1698 3037 mentiendi.
1755 2991 1947 3048 Expertus
1965 2995 2045 3094 ὶέοσ

1990 3061 2047 3093 ult

244 3133 1781 3169 ww*—

354 3196 412 3244 (a)
432 3194 615 3245 Virgilius.
665 3196 726 3244 (b)
737 3200 813 3232 Non
821 3193 940 3232 decent
942 3191 1099 3246 stultum
1113 3189 1227 3229 verba
1235 3189 1413 3244 compedita
1424 3217 1434 3232 ‚
1446 3203 1505 3228 nec
1518 3187 1708 3239 Principe‘m
1721 3183 1855 3224 labium
1872 3181 2040 3221 mendax.

249 3246 361 3286 Prov.
388 3258 423 3283 1.
475 3247 538 3296 (c)
556 3247 636 3285 Lib.
660 3260 688 3293 3.
717 3258 744 3283 t.
759 3262 795 3296 4.
815 3259 895 3297 pag.
923 3260 959 3284 2.
1010 3246 1070 3293 (d)
1095 3244 1193 3281 idem
1207 3243 1354 3282 ibidem.
1414 3241 1426 3246 ’
