2132 3730
179 250 316 302 ·'348
662 242 1017 286 DJDACJ
1066 245 1602 295 SAAVEDRAE

231 327 452 370 dominandi
480 326 668 378 cupiditas
692 328 910 379 praecipites
935 341 1007 368 nos
1026 338 1141 381 agunt
1164 360 1178 379 ,
1208 334 1354 385 quippe
1387 336 1525 387 quibus
1548 335 1641 376 nihil
1661 337 1813 378 videtur
1832 338 1990 380 arduum
2016 351 2029 389 ς

230 388 365 441 postea
391 388 544 427 demum
570 386 818 427 incommoda
836 389 1060 428 incurrimus
1078 418 1092 437 ,
1123 401 1208 440 quae
1224 392 1313 432 ante
1338 394 1593 434 animadversa
1618 408 1698 436 non
1724 397 1887 439 fuerant.
1974 399 2032 439 O·

232 451 333 489 mnia
349 445 430 486 fere
457 446 560 485 bella
582 446 718 486 evitari
745 445 922 498 possent,
961 447 988 488 fi
1011 459 1106 488 mox
1128 449 1176 488 ab
1209 451 1317 491 initio
1343 453 1438 493 fines
1472 455 1684 496 eorundem
1726 457 1765 497 &
1812 458 1936 499 media
1965 471 2031 500 ex-

231 507 527 560 penderentur3
588 516 705 558 atque
743 506 842 547 adeo
882 507 985 559 prius
1033 506 1146 560 quam
1182 509 1456 562 suscipiantur,
1506 525 1663 567 oportet
1692 525 1734 556 ut
1766 517 1944 571 Princeps
1971 520 2029 558 vi-

229 578 289 606 res
347 565 428 604 suas
484 567 702 617 exploratas
755 566 895 607 habeat
932 597 945 616 ,
1001 567 1089 608 cum
1140 567 1346 610 offensrvas
1377 601 1391 620 ‚
1444 582 1526 613 turn
1577 575 1791 616 defensivas
1820 605 1834 624 ‚
1889 579 2029 619 militiae

229 626 302 665 suae
330 623 642 667 constitutionem
658 656 672 678 ‚
694 625 836 667 Duces
849 657 864 677 ,
883 638 982 680 quos
998 629 1049 668 illi
1068 628 1179 680 poffit
1199 628 1396 685 praeficere
1416 661 1430 681 ‚
1458 634 1674 675 aerariorum
1700 638 1851 678 suorum
1872 637 2029 679 faculta-

219 2078 280 2110 tes
295 2097 308 2119 ,
337 2074 520 2120 quantum
543 2062 694 2109 subsidii
722 2068 930 2121 pecuniarii
963 2066 1112 2122 sperare
1139 2076 1254 2121 queat
1290 2066 1313 2109 ὲ
1344 2067 1500 2112 subditis
1516 2100 1530 2122 ‚
1558 2079 1650 2112 num
1680 2068 1894 2112 eorundem
1925 2068 2020 2112 fide-

220 2128 305 2168 litas
332 2130 370 2168 in
412 2126 568 2168 fortuna
593 2128 747 2169 adversa
778 2126 952 2170 constans
997 2128 1237 2181 permansura
1264 2129 1335 2179 fit,
1364 2142 1437 2169 nec
1462 2142 1526 2171 ne.
1613 2129 1746 2171 Multo
1769 2133 1859 2171 item
1876 2130 2023 2182 studio,

219 2186 389 2228 lefflone
409 2187 447 2227 &
469 2188 820 2228 communicatione
842 2188 1023 2229 adnotata
1040 2188 1181 2228 habeat
1211 2187 1496 2240 dispositionem
1519 2188 1557 2228 &
1577 2188 1688 2229 fitum
1714 2191 2024 2241 provinciarum,

219 2256 348 2288 mores
369 2246 585 2288 Nationum
604 2277 619 2297 ,
646 2245 814 2288 hostium
836 2247 987 2288 suorum
1012 2257 1185 2296 naturas,
1216 2243 1391 2298 divitias,
1423 2245 1580 2297 auxilia,
1609 2249 1810 2290 societates
1838 2262 1882 2290 ac
1903 2248 2023 2290 foede·

218 2319 272 2349 ra.
332 2305 646 2360 Uniuscujusque
660 2306 826 2360 gladium
847 2308 1025 2348 metiatur
1042 2335 1056 2357 ‚
1087 2305 1175 2347 &in
1196 2318 1275 2358 quo
1294 2309 1395 2347 vires
1414 2308 1495 2359 ejus
1523 2306 1726 2349 consistant
1744 2337 1757 2357 ‚
1786 2307 1910 2360 probe
1925 2321 2018 2349 exa-

220 2370 353 2408 minet.
415 2366 490 2421 (a)
519 2365 712 2408 Henricus
734 2365 1186 2424 CasteilaeRex‚adversa
1196 2368 1371 2416 quamvis
1387 2363 1609 2407 valetudine
1629 2366 1845 2419 oppressus,
1865 2367 2021 2408 minime

204 2435 350 2468 *tamen
366 2424 458 2466 illud
479 2428 669 2479 neglexit,
701 2429 791 2479 quin
810 2428 848 2468 in
869 2425 993 2468 Asiam
1013 2436 1135 2478 usque
1152 2422 1377 2477 frequentes
1399 2426 1501 2466 'misit
1518 2425 1699 2479 Legatos,
1716 2426 1837 2478 quide
1848 2427 2023 2467 moribus

223 2487 449 2537 viribusque
462 2484 748 2527 provinciarum
759 2488 903 2527 illarum
919 2481 967 2526 ad
983 2485 1102 2538 ipsum
1114 2483 1318 2525 referrent:
1333 2485 1439 2526 Idem
1453 2484 1477 2525 'a
1492 2485 1634 2536 Moyse
1653 2484 1797 2526 fastum
1817 2496 2023 2539 antequam

218 2548 257 2588 in
275 2556 412 2587 terram
429 2544 647 2598 promiffam
663 2541 834 2586 Israelitae
853 2543 922 2603 (h)
939 2544 1078 2600 pedem
1102 2543 1298 2585 inferrent.
1357 2545 1458 2586 Etne
1469 2544 1662 2598 Princeps,
1677 2557 1790 2597 quem
1804 2545 1862 2586 his
1880 2545 2022 2586 forma-

219 2616 306 2648 mus
342 2604 536 2657 Symbolis
552 2633 567 2657 ‚
595 2607 698 2647 illam
719 2617 877 2659 quoque
905 2607 1099 2648 materiam
1127 2602 1329 2656 desideret,
1345 2602 1553 2660 generatim
1579 2604 1863 2658 quaedamillius
1874 2605 2019 2659 puncta

219 2667 284 2708 hic
307 2669 485 2719 attingam
504 2678 548 2707 ea
558 2665 726 2708 brvitate
743 2694 757 2716 ,
786 2677 899 2719 quam
909 2667 1070 2719 praesens
1089 2663 1297 2705 institutum
1315 2664 1492 2718 postulat..

398 2727 433 2778 ἕ.
457 2725 608 2767 Natura
631 2739 715 2780 quae
736 2728 775 2767 in
790 2738 917 2768 rerum
934 2727 1120 2767 varietate
1141 2725 1242 2766 suam
1264 2724 1429 2776 prodere
1455 2724 1580 2765 voluit
1607 2722 1831 2777 elegantiam
1855 2721 1891 2764 &
1903 2723 2023 2772 vires,

220 2797 302 2827 non
330 2785 634 2828 soloshominum
657 2788 800 2837 vultus,
817 2786 932 2827 sed&
948 2788 1094 2827 animos
1118 2782 1224 2826 varie
1248 2783 1632 2837 distinxit,fiquidem
1656 2784 1894 2824 diversiffima
1922 2782 2019 2831 sunt,

220 2844 261 2886 &
287 2844 532 2897 discrepantia
551 2849 649 2886 inter
669 2846 704 2885 se
720 2845 937 2887 Nationum
951 2847 1100 2899 ingenia
1120 2856 1163 2884 ac
1180 2856 1318 2884 mores.
1380 2845 1422 2885 ln
1448 2854 1536 2885 eum
1561 2841 1678 2884 finem
1696 2844 1801 2883 aliter
1822 2850 1935 2895 atque
1951 2843 2016 2882 ali·

224 2915 283 2945 ter
301 2903 395 2956 ipsas
417 2905 544 2945 causas
565 2896 768 2957 disposuit.-
796 2915 884 2946 na'm
903 2916 968 2946 aut
991 2916 1125 2946 omnes
1148 2902 1287 2956 iunetae
1317 2903 1355 2944 in
1380 2903 1607 2958 quibusdam
1631 2912 1836 2955 operantur
1855 2902 2015 2942 Provin-

225 2966 291 3005 ciis
314 2994 326 3012 ,
358 2974 422 3003 aut
450 2966 486 3004 in
502 2965 560 3004 his
579 2965 654 3005 istae
682 2994 695 3015 ‚
723 2967 762 3006 in
784 2968 862 3007 aliis
879 2964 970 3005 aliae.
1032 2964 1254 3018 Geographi
1278 2973 1386 3006 terrae
1408 2965 1542 3004 orbem
1571 2965 1610 3004 in
1630 2962 1775 3003 diversa
1788 2963 1916 3016 partiti
1930 2961 2017 3002 sunt

220 3026 374 3066 climata
403 3053 417 3073 ‚
459 3032 626 3076 quorum
668 3023 809 3080 singula
850 3027 946 3066 certi
977 3024 1130 3076 alicujus
1156 3025 1324 3069 Planetae
1355 3024 1549 3076 subjacent
1583 3022 1755 3064 dominio
1785 3052 1799 3073 ,
1834 3031 2017 3073 tanquam

1923 3093 2018 3133 prae-

328 3203 385 3250 (a)
410 3205 500 3241 Mar.
511 3202 599 3241 Hist.
615 3203 713 3254 Hisp.
740 3203 764 3239 1.
786 3214 843 3248 19.
866 3214 897 3239 c.
920 3215 976 3244 η.
1029 3199 1102 3251 (b)
1131 3199 1352 3245 Considerate
1375 3210 1513 3239 terram
1528 3228 1539 3243 ,
1563 3198 1678 3253 qualis
1680 3196 1736 3248 fit
1750 3213 1763 3236 :
1787 3196 2015 3253 &populum.

221 3254 282 3304 qui
296 3251 480 3294 habitator
506 3254 554 3308 cst
573 3256 645 3305 qjus
659 3282 669 3295 .
701 3264 824 3293 utrum
832 3251 1005 3306 fortisstt
1018 3281 1029 3296 .
1057 3267 1108 3292 an
1135 3252 1299 3303 infirmus
1312 3270 1327 3294 -:
1341 3252 1383 3305 st
1394 3255 1503 3309 pauci
1523 3265 1664 3292 numero
1681 3264 1732 3290 an
1738 3250 1871 3305 plures.
1897 3253 2010 3291 Num,
2078 3262 2099 3306 ῃ

229 3316 372 3352 13.19.

2128 475 2132 565 Ι

2127 575 2131 671 f
