2132 3730
230 272 315 322 326
677 257 1028 302 DJDACJ
1080 256 1616 299 SAAVEDRAE.

743 320 1997 331 —m—ffi—ss——ss—
2017 322 2027 330 ,

376 352 412 403 §,
443 346 609 401 Quoties
635 342 731 383 vero
755 339 947 383 seditionis
974 342 1165 382 flammam
1181 342 1305 395 sopire
1322 342 1502 393 Princeps
1532 341 1726 390 statuerit,
1756 342 1961 393 plurimum
1975 352 2034 381 re·
2102 330 2103 338 ¹

222 418 327 465 fert,
358 421 400 451 ut
429 416 562 446 omnes
593 402 804 455 intelligant
824 433 835 451 ,
866 403 912 441 ab
942 402 1051 454 ipso,
1092 398 1248 453 ejusque
1281 404 1425 443 virtute
1452 402 1650 442 confilium
1684 401 1781 441 istud
1815 400 2034 455 proficisci,

221 489 304 519 non
327 483 375 513 ex
396 469 555 507 aliorum
572 463 814 517 persuasione
832 491 845 509 ,
875 473 917 502 ut
943 461 1049 502 tanto
1071 461 1259 501 efficacius
1280 463 1344 512 fit,
1360 464 1477 515 magis
1497 463 1597 502 enim
1620 461 1755 514 populi
1774 462 1879 502 furor
1898 472 2035 501 accen·

225 537 265 577 di
296 531 388 573 solet
403 557 415 576 ‚
448 525 476 565 s1
493 523 680 566 existimet
701 524 748 562 ab
772 524 815 562 iis
832 552 846 570 ,
879 534 977 574 quos
994 523 1137 561 circum
1158 524 1196 561 se
1213 522 1332 561 habet
1348 551 1361 571 ,
1391 521 1588 563 inductum
1603 522 1712 563 fuisse
1734 522 1970 574 Principem,
1990 532 2035 560 ut

223 598 263 637 in
284 591 548 639 delinquentes
574 585 637 624 tali
658 583 780 623 modo
800 583 1089 621 animadvertat.

389 647 424 699 §.
447 644 651 697 Postquam
672 642 768 683 vero
788 642 900 682 venia
922 643 1104 693 generalis
1134 638 1309 681 concessa
1326 639 1440 679 semel
1465 638 1581 680 fuerit
1597 639 1812 680 constanter
1831 639 1957 681 eidem
1978 640 2034 679 in·
2065 641 2068 643 ’

223 709 350 753 sistere
376 707 494 747 debet
514 705 695 756 Princeps
711 733 724 752 ,
753 714 826 742 nec
844 703 955 742 ullam
979 714 1147 753 unquam
1169 714 1247 754 prae
1278 700 1315 740 se
1339 699 1439 740 ferre
1458 698 1711 738 offensionem
1736 709 1800 739 aut
1835 710 2037 752 acceptam
2104 719 2105 741 ;

223 771 426 822 injuriam:
454 766 507 806 sic
530 765 633 805 enim
659 762 865 814 majoribus
888 762 1216 813 conjurationibus
1243 761 1367 801 ansam
1393 759 1527 805 daret;
1558 760 1614 798 uti
1639 758 1745 798 dedit
1774 758 2038 800 Ferdinandus
2104 797 2106 803 ,

225 831 315 872 Rex
335 827 618 878 Neapolitanus
639 853 651 872 ‚
682 823 770 862 cum
789 823 827 861 in
846 822 1032 873 quosdam
1052 822 1178 875 Regni
1210 821 1395 862 Proceres
1414 849 1426 870 ,
1458 818 1531 873 (a)
1563 819 1701 870 quibus
1723 819 1797 870 jam
1820 821 2038 872 ignoverat,
2104 811 2106 818 ’

223 892 368 943 quique
388 889 426 927 in
445 887 562 938 Regis
590 881 818 923 Ferdinandi
840 881 1031 922 Catholici
1057 883 1215 922 tutelam
1230 882 1266 922 se
1292 890 1518 932 receperant
1534 909 1546 929 ,
1578 878 1697 919 vellet
1718 878 2037 919 animadvertere.
2106 921 2107 934 ἵ

221 947 391 992 Tametsi
412 944 566 999 postea,
599 943 626 984 s1
647 942 748 982 aliud
773 939 878 981 forte
897 941 1078 982 delictum
1105 941 1318 982 admiserint
1336 970 1348 990 ,
1379 938 1467 980 cum
1491 941 1595 979 omni
1618 940 1710 990 legis
1741 939 1866 991 rigore
1888 938 2038 992 castiga·

222 1023 264 1053 re
281 1009 414 1051 licebit
436 1037 448 1055 ,
480 1014 524 1045 ut
553 1004 823 1043 contineantur
841 1003 878 1041 in
903 1003 1053 1051 officio,
1077 1014 1150 1041 nec
1165 1002 1347 1053 principis
1371 1001 1606 1051 benignitate
1645 999 1863 1043 abutantur.
2113 1033 2115 1048 ἶ

379 1067 452 1120 (b)
486 1064 592 1105 Nihil
602 1065 637 1104 in
646 1061 857 1102 istiusmodi
878 1059 1047 1113 discordiis
1068 1062 1226 1102 civilibus
1234 1059 1457 1116 festinatione
1474 1061 1585 1099 tutius
1599 1091 1612 1109 ,
1641 1059 1703 1109 ubi
1706 1056 1799 1106 fabro
1808 1060 1929 1111 magis,
1939 1069 2041 1110 quam
2110 1071 2115 1089 s

220 1129 358 1171 conulto
384 1135 464 1178 opus
480 1123 550 1179 est:
580 1123 691 1175 plebs
711 1123 813 1162 enim
831 1122 976 1161 animos
998 1122 1134 1170 sumit,
1164 1121 1202 1161 δε
1230 1120 1416 1161 insolescit
1443 1117 1604 1172 amplius
1633 1148 1645 1167 ,
1675 1119 1744 1158 nisi
1770 1131 1863 1158 mox
1890 1117 2039 1157 audaci·
2108 1120 2114 1147 ἰ

222 1204 284 1231 am
309 1190 410 1229 suam
429 1185 554 1237 puniri
573 1182 705 1223 videat
727 1212 739 1231 ,
771 1191 835 1221 aut
855 1182 1143 1234 oppositionem
1160 1182 1390 1233 experiatur.
1454 1179 1581 1218 Semel
1598 1178 1681 1218 ausa
1697 1177 1805 1231 plura
1830 1179 1942 1218 etiam
1959 1186 2042 1216 ten-

221 1260 277 1291 tat
293 1279 306 1298 ‚
336 1248 374 1288 &
391 1259 479 1286 cum
495 1254 673 1295 tempore
688 1243 725 1282 in
749 1251 923 1293 apertum
945 1242 982 1281 se
999 1240 1194 1294 produnt,
1226 1242 1289 1294 qui
1308 1238 1472 1292 primum
1491 1239 1595 1278 dubii
1608 1239 1822 1287 haerebant,
1850 1238 1886 1278 δι
1903 1240 1966 1290 qui
1983 1239 2041 1277 ni·

222 1314 340 1352 mium
361 1304 589 1353 considunt,
619 1304 656 1342 in
671 1302 868 1342 discrimen
894 1303 1070 1346 veniunt.
1132 1301 1226 1344 Ideb
1257 1300 1473 1340 Artabanus
1500 1311 1635 1351 magna
1675 1312 1763 1339 cum
1788 1298 1979 1352 diligentia
2001 1297 2040 1337 ὅτ.

223 1369 420 1410 celeritate
444 1365 570 1417 Regni
597 1363 650 1402 sui
671 1372 801 1402 motus
823 1373 1061 1413 componere
1091 1360 1174 1414 (c)
1203 1360 1359 1403 studuit.
1428 1359 1547 1398 Sicuti
1582 1358 1786 1398 seditiones
1810 1360 2040 1410 plerumque

223 1432 397 1470 oriuntur
424 1423 549 1464 subito
576 1451 588 1471 ,
616 1423 667 1461 ita
691 1419 815 1460 subito
836 1420 1097 1459 adhibendum
1116 1418 1342 1462 remedium.
1403 1416 1530 1468 Magis
1546 1416 1650 1457 facto
1668 1427 1781 1467 tunc,
1812 1430 1926 1470 quam
1947 1430 2040 1457 con·
2097 1418 2099 1421 ’

222 1491 321 1530 sulto
345 1497 444 1538 opus
461 1483 514 1524 est
539 1512 552 1530 ,
585 1491 787 1532 antequam
806 1479 952 1518 radices
978 1491 1061 1531 agat
1092 1478 1234 1518 malitia
1254 1508 1265 1525 ‚
1297 1486 1361 1516 aut
1389 1477 1566 1516 tarditate
1587 1490 1631 1515 ac
1655 1474 1807 1517 licentia
1829 1479 2041 1517 incremen-
2091 1495 2094 1503 ·

223 1559 306 1590 tum
325 1547 456 1587 sumat.
519 1541 601 1581 Ubi
620 1541 733 1580 semel
754 1538 947 1587 caedibus,
979 1540 1142 1589 rapinis,
1160 1540 1316 1588 aliisque
1335 1537 1437 1574 vitiis
1453 1565 1465 1584 ,
1495 1547 1580 1586 quae
1596 1534 1731 1575 seditio
1751 1537 1878 1577 lecum
1903 1535 2041 1584 adfert,
2100 1555 2102 1558 ·

223 1607 355 1649 assueti
379 1603 555 1645 homines
578 1600 720 1638 fuerint
741 1627 754 1647 ,
784 1597 987 1636 difficulter
1006 1596 1055 1636 ad
1094 1596 1356 1636 obedientiam
1375 1596 1513 1634 iterum
1534 1593 1571 1634 ὅτ.
1594 1596 1763 1646 quietem
1790 1595 1922 1636 reduci
1953 1597 2040 1648 pos·

224 1669 323 1712 sunt.
385 1659 514 1705 Probe
529 1658 625 1699 istud
642 1665 807 1698 noverat
829 1656 916 1695 Rex
937 1656 1015 1710 (A)
1046 1655 1240 1695 Henricus
1263 1686 1274 1704 ,
1306 1655 1461 1706 quando
1484 1653 1672 1696 defuncto
1704 1654 1821 1695 fratre
1838 1656 1906 1696 suo
1930 1656 2041 1707 Rege

223 1728 340 1768 Petro
365 1721 582 1777 potioribus
598 1718 723 1771 Regni
745 1716 903 1757 urbibus
940 1716 976 1756 δε
1002 1717 1299 1769 propugnaculis
1318 1717 1518 1767 occupatis
1536 1745 1550 1765 ,
1580 1727 1675 1756 mox
1699 1716 1839 1769 Regno
1873 1718 2040 1767 tranqui-

223 1789 369 1828 litatem
388 1781 561 1823 restituit.
2082 1807 2084 1809 ‚

378 1843 415 1896 §.
446 1842 578 1894 Quare
601 1835 689 1877 cum
706 1836 910 1876 seditiones
942 1834 979 1875 &
1004 1835 1104 1876 bella
1140 1835 1267 1875 civilia
1293 1833 1388 1875 nihil
1421 1832 1521 1873 aliud
1556 1833 1659 1884 sint,
1699 1832 1817 1887 quam
1841 1834 2040 1876 infirmitas
2103 1835 2105 1837 '

226 1905 425 1961 quaedam,
456 1913 539 1953 quae
560 1898 798 1949 Reipublicae
814 1897 933 1937 vitam
958 1894 1029 1948 (e)
1060 1896 1268 1941 consumit,
1313 1894 1352 1934 δι
1380 1894 1556 1934 exhaurit
1572 1894 1787 1947 Principem
1809 1897 1947 1947 partim
1976 1895 2041 1935 da·
2091 1890 2105 1938 ,ᾖ

227 1968 348 2014 mnis,
371 1975 454 2015 quae
472 1961 639 2011 patitur,
669 1958 807 2009 partim
824 1957 938 1995 etiam
962 1956 1108 2006 gratiis,
1131 1966 1223 2006 quas
1242 1954 1320 1993 aliis
1338 1951 1512 2004 praestare
1532 1957 1704 2007 cogitur,
1734 1954 1934 2007 prudentis
1955 1958 2041 2004 erit,
2084 2000 2086 2002 v
2105 1980 2106 1984 ,

230 2026 370 2079 quovis
401 2023 517 2061 etiam
536 2019 662 2070 pretio
685 2029 729 2055 ea
746 2025 1012 2068 componere:
1043 2028 1126 2066 quae
1157 2025 1217 2053 res
1239 2014 1365 2052 movit
1392 2013 1540 2065 Regem
1567 2012 1848 2054 Ferdinandum
1868 2014 2043 2055 Catholi-
2098 2036 2100 2039 ·
2128 2019 2132 2028 “

229 2099 318 2126 cum
345 2115 357 2133 ,
388 2092 432 2121 ut
451 2092 537 2119 cum
560 2075 761 2128 Alphonso
781 2076 981 2115 Lusitaniae
1002 2075 1111 2127 Rege
1128 2074 1176 2114 de
1207 2075 1269 2121 iis,
1301 2085 1384 2124 quae
1400 2073 1436 2111 in
1459 2071 1629 2112 Castellae
1655 2073 1831 2126 Regnum
1853 2074 2043 2115 obtende·
2094 2118 2096 2121 f

228 2148 296 2186 bat
321 2175 332 2191 .,
363 2139 484 2181 amice
519 2137 751 2189 transigeret.
813 2133 904 2188 (f)
930 2134 1066 2191 Qtsppe
1085 2137 1121 2174 itz
1144 2133 1270 2173 turbas
1291 2132 1427 2171 ssmiles
1455 2130 1505 2174 &⁹
1544 2129 1725 2182 discordias
1744 2134 1880 2188 peffimo
1922 2137 2042 2188 cuique
2086 2162 2092 2172 ,

221 2207 373 2259 plurima
394 2203 465 2242 vis.
523 2198 719 2249 Principes
749 2225 761 2245 ,
792 2196 830 2235 in
845 2206 980 2234 eorum
998 2195 1082 2235 sunt
1100 2191 1306 2246 potestate,
1321 2193 1385 2244 qui
1401 2191 1511 2231 armis
1532 2191 1698 2245 praesunt
1721 2221 1735 2242 ,
1763 2192 1839 2247 (g)
1871 2192 1908 2234 δι
1931 2194 2042 2235 civili-
2093 2215 2095 2219 ,

229 2266 294 2307 hus
310 2264 393 2317 plus
417 2258 578 2301 militibus
594 2287 606 2306 ,
625 2257 728 2311 quam
739 2254 900 2295 Ducibus
920 2253 1004 2293 licet.

336 2445 394 2490 (a)
412 2444 502 2479 Mar.
520 2440 611 2477 Hist.
628 2440 728 2489 Hisp.
753 2440 776 2476 l.
797 2450 858 2484 25.
878 2450 909 2474 c.
927 2448 963 2483 7.
1018 2435 1085 2484 (b)
1099 2434 1216 2472 Tacit.
1228 2435 1252 2472 l.
1275 2448 1307 2476 1·
1324 2433 1415 2472 Hist.
1472 2435 1532 2484 (c)
1556 2434 1677 2487 Pergit
1685 2442 1871 2487 properus,
1900 2431 1946 2474 ίῳ
1955 2443 2042 2486 pra.

232 2500 378 2538 veniens
403 2496 622 2532 inimicorum
647 2491 740 2544 astus
760 2518 770 2532 ,
796 2491 988 2528 amicorum
1006 2490 1217 2541 potentiam.
1263 2489 1363 2524 Idem
1394 2487 1456 2526 lib.
1496 2492 1530 2525 6.
1558 2487 1684 2524 Annal.
1755 2486 1831 2535 (d)
1863 2487 1955 2524 Mar.
1973 2486 2042 2523 Hi-
2128 2505 2132 2515 Α

231 2554 317 2590 stor.
373 2547 470 2596 Hisp.
501 2546 561 2582 lib.
603 2556 661 2582 17.
695 2558 770 2595 cap.
806 2558 863 2591 ¹4·
942 2542 1036 2590 (e)
1076 2539 1188 2592 Qod
1203 2538 1236 2586 si
1246 2541 1401 2578 invicem
1423 2539 1588 2578 mordetis
1614 2537 1660 2581 ό·
1681 2538 1860 2577 comeditis
1879 2554 1893 2577 τ
1916 2536 2041 2576 videte
2085 2569 2103 2578 ,.

232 2595 801 2695 ἔξὲῌζηνέῗεῖῌῇοζξιηωψὶκὶ.
829 2597 931 2639 Paul.
955 2596 999 2633 ad
1017 2594 1159 2633 Galatli.
1189 2605 1222 2641 5.
1253 2606 1310 2643 15.
1365 2593 1431 2644 (f)
1456 2592 1573 2632 Tacit.
1600 2591 1662 2630 lib.
1686 2606 1723 2641 4.
1744 2591 1879 2630 Histor.
1928 2594 1991 2641 (g)
2008 2593 2041 2629 1-
2085 2591 2108 2665 ἰ”ςἸ
