2132 3730
279 241 342 289 80·
717 228 1064 278 DID'ACI
1111 227 1664 278 SAZVEDRAE‘

277 334 366 372 um,
395 334 479 374 quae
500 315 777 370 colliquefactae
803 314 944 357 deinde
970 314 1141 356 defluant
1154 316 1203 357 ab
1219 316 1355 357 iisdem
1369 315 1419 357 ad
1435 315 1710 358 moderandam
1736 316 1870 359 aestivo
1891 327 2072 372 tempore

278 393 456 435 agrorum
480 379 604 426 fitim,
631 375 671 418 δε
688 377 809 417 valles
826 373 1050 429 irrigandas;
1075 382 1192 426 atque
1208 384 1253 416 ut
1269 375 1399 417 eve&
1419 374 1532 419 altius
1547 376 1776 429 corporibus
1799 376 1871 419 suis
1893 377 2071 421 umbram

277 440 420 482 faciant
436 438 515 478 aliis
528 466 544 487 ‚
573 434 613 477 δι
627 433 651 475 a
672 434 761 476 solis
782 434 980 476 ardoribus
1000 432 1070 491 (a)
1087 445 1157 475 eos
1177 443 1365 476 tueantur.
1452 434 1548 476 Ideo
1571 435 1681 475 sacrae
1714 438 1860 491 paginae
1877 435 2075 490 Principes

277 499 465 552 Gigantes
490 494 562 552 (b)
579 505 725 536 vocant
742 504 761 538 z
788 494 978 548 grandiori
996 496 1099 536 enim
1114 491 1252 534 statura
1277 507 1377 547 opus
1391 495 1536 536 habent
1554 524 1568 544 ‚
1598 506 1697 547 quos
1717 505 1850 537 natura
1879 497 1920 537 in
1944 498 2074 538 lucem

277 557 398 600 edidit
420 586 434 607 ,
466 564 511 597 ut
528 554 764 610 gubernandi
788 566 888 596 onus
908 555 1076 594 humeris
1102 552 1173 594 suis
1197 552 1407 596 sustineant.
1467 553 1653 607 Gigantes
1667 553 1772 599 sunt,
1787 565 1832 596 ut
1854 555 2074 597 laboresfe.

277 626 386 667 rant,
409 615 613 669 &gemant
631 613 660 668 ζ
673 613 999 667 quemadmodum
1016 613 1135 666 Jobus
1157 608 1220 668 (c)
1242 611 1454 668 loquitur)
1482 613 1551 655 sub
1575 614 1683 666 aquis
1697 642 1712 664 ‚
1741 615 1879 666 quibus
1893 613 1984 671 (d)
2001 627 2075 668 po·

276 678 359 730 puli
385 675 424 717 δι
445 685 580 729 gentes
593 673 790 728 fignificari
810 675 932 714 solent
953 687 965 722 ,-
995 674 1118 726 anguli
1139 672 1308 724 denique
1321 671 1387 729 (e)
1408 673 1493 714 sunt
1511 702 1526 724 ‚
1555 674 1695 726 quibus
1713 672 1898 727 Reipubl.
1920 673 2073 716 aedifici.

276 747 344 777 um
370 737 554 778 innititur.
614 728 817 787 Princeps,
829 734 895 787 qui
908 742 1040 773 natum
1062 732 1186 773 senon
1199 740 1310 784 putat
1326 732 1375 772 ad
1393 732 1606 774 tolerandas
1619 744 1692 786 pro
1704 743 1840 774 eorum
1861 732 2076 775 commodo

276 804 498 849 temporum
515 794 666 846 injurias
688 823 703 844 ‚
732 795 875 835 montis
903 791 1125 845 dignitatem
1149 800 1265 832 exuat
1279 820 1294 841 ,
1321 791 1516 832 &vallem
1537 795 1668 846 potius
1697 800 1894 846 praeoptetv
1918 804 2031 846 agere
2055 803 2072 842 ς
2130 802 2132 808 ·

277 855 308 898 fi
329 865 456 897 tamen
485 854 534 895 ad
551 854 674 894 otium
690 855 884 906 privatum
906 852 1068 904 aspirare
1090 853 1126 892 ei
1142 852 1254 892 liceat
1272 880 1287 901 ,
1313 861 1430 903 quem
1446 853 1583 893 coelum
1604 851 1726 905 ipsum
1745 851 1793 893 ad
1817 852 1977 894 aliorum
2000 863 2072 904 gu.

274 915 542 957 bemationem
562 913 640 965 jam
656 912 773 953 semel
789 910 1004 953 destinavit.
1065 908 1248 952 Wambae
1270 908 1398 951 eleeto
1419 911 1458 951 in
1476 908 1627 963 Regem
1645 941 1658 960 ‚
1687 910 1726 952 ὅτ.
1749 922 1935 955 coronam
1961 924 2074 954 recu·

222 1020 229 1023 s
274 975 368 1017 santi
393 973 416 1014 ὲ
432 972 575 1014 Gothis
591 971 820 1013 Proceribus
843 970 941 1012 Dux
957 969 1112 1024 quidam
1139 970 1267 1024 gladio
1289 968 1481 1019 districte,
1499 971 1539 1010 ni
1564 981 1711 1011 morem
1736 981 1906 1025 gereret,
1922 974 2072 1014 minita-

207 1028 218 1039 '
274 1036 306 1076 ri
329 1035 459 1087 coepit.
526 1028 691 1087 <fJA⁷²
704 1043 795 1073 unus
807 1032 1004 1083 inquiens,
1017 1033 1125 1072 totius
1138 1033 1251 1083 gentis
1262 1030 1436 1072 voluntati
1453 1037 1620 1082 repugnes
1633 1060 1647 1079 ,
1675 1036 1808 1085 tuaeque
1825 1030 2078 1087 tranquillitati

273 1105 469 1134 connmmem
485 1087 781 1143 omniumfhlutem
791 1089 995 1144 posthabeas
1014 1092 1036 1131 ἱ)
1064 1088 1211 1130 Eadem
1241 1089 1292 1131 de
1313 1089 1420 1130 caula
1445 1100 1519 1130 nec
1547 1088 1647 1142 Regi
1674 1086 1810 1141 Joanni
1827 1089 2009 1132 Secundo
2032 1092 2074 1136 in

273 1152 517 1194 Parlamento
540 1149 742 1191 Caracenfi
755 1149 974 1204 permiss'um
1000 1148 1075 1190 fuit
1093 1177 1108 1199 ‚
1137 1158 1181 1189 ut
1200 1159 1360 1202 regnum
1374 1148 1471 1190 Filio
1491 1147 1664 1189 Henrico
1684 1148 1969 1195 transcriberet:
1982 1151 2073 1203 quia

274 1215 457 1254 nimirum
469 1212 535 1252 hic
546 1209 757 1251 admodum
775 1218 856 1250 erat
867 1209 1052 1262 juvenis;
1079 1210 1142 1249 ille
1162 1220 1259 1250 vero
1278 1220 1324 1249 ea
1339 1208 1466 1250 adhuc
1488 1209 1662 1262 corporis
1688 1206 1962 1251 constitutione
1983 1238 1998 1260 ,
2026 1219 2075 1253 ut

272 1271 429 1326 praeess'e
445 1270 566 1324 porro
586 1281 674 1312 cum
694 1269 809 1310 laude
825 1267 965 1323 poffet.
1022 1267 1059 1309 E
1076 1269 1214 1321 quibus
1235 1268 1383 1320 liquido
1402 1277 1562 1322 apparet
1574 1297 1587 1317 ,
1615 1267 1810 1321 Principes
1823 1268 1899 1311 esse
1921 1279 2075 1324 partem

271 1331 534 1385 Reipublicae,
550 1331 589 1372 &
602 1339 713 1372 certo
734 1329 903 1382 quodam
911 1327 1033 1369 modo
1050 1329 1085 1369 ei
1099 1326 1352 1377 subordinari,
1368 1336 1548 1381 tanquam
1563 1325 1809 1368 instrumenta
1821 1327 1871 1369 ad
1886 1328 1966 1381 ejus
1977 1341 2075 1370 con.

273 1392 527 1433 servationem
543 1389 769 1439 necessaria,
797 1390 851 1429 ita
865 1398 910 1428 ut
929 1388 1032 1428 bona
1044 1389 1218 1439 malaque
1227 1387 1439 1428 eorundem
1462 1386 1510 1427 ad
1529 1386 1822 1439 Rempublicam
1842 1390 2075 1440 pertineant,

273 1450 601 1504 quemadmodum
620 1448 797 1489 Tiberius
812 1445 882 1505 (g)
898 1446 946 1487 ad
967 1445 1068 1487 filios
1083 1447 1170 1487 suos
1178 1447 1318 1500 ajebat.
1376 1446 1457 1501 Qui
1470 1445 1664 1487 Davidem
1680 1445 1892 1499 poscebant
1906 1448 2073 1500 Regem,

273 1511 327 1553 fic
348 1513 398 1552 illi
420 1509 679 1551 acclamabant
700 1522 711 1548 ε
740 1507 816 1562 (h)
829 1508 920 1549 Ecce
938 1520 998 1548 nos
1019 1519 1057 1548 os
1073 1514 1187 1556 tuum,
1201 1506 1253 1552 ἐξ)
1266 1518 1349 1548 caro
1367 1512 1433 1548 tua
1440 1503 1580 1560 fiemus-3
1593 1514 1637 1546 ut
1655 1504 1930 1558 significarent,
1948 1506 2073 1560 ipsum

272 1567 368 1620 effe,
386 1572 451 1623 qui
477 1570 623 1611 viribus
639 1568 711 1609 suis
728 1566 932 1608 sustentare
947 1577 1016 1607 eos
1034 1565 1175 1607 debeat
1186 1595 1202 1616 ,
1230 1577 1444 1619 omnesque
1471 1577 1607 1610 eorum
1631 1564 1786 1607 dolores
1801 1577 1846 1608 ac
1861 1567 2014 1609 labores
2029 1568 2073 1611 in

272 1629 474 1682 semetipso
498 1625 791 1680 quodammodo
815 1626 990 1678 experiri.

423 1687 462 1739 ς.
493 1685 614 1727 Ροιτὸ
642 1686 856 1737 Principem
874 1684 1034 1737 {aspuero
1053 1683 1106 1725 fic
1118 1683 1326 1727 informare
1347 1694 1582 1738 oportet‚ut
1606 1685 1877 1729 dominatIonis
1898 1695 2076 1738 equumfi

270 1746 363 1790 dum
387 1757 496 1788 tener
513 1744 569 1787 est
586 1775 601 1796 ‚
629 1744 787 1786 domare
805 1743 921 1784 discat
946 1756 991 1783 ac
1015 1755 1147 1798 regere
1161 1757 1175 1783 .-
1201 1756 1290 1785 nam
1315 1744 1345 1785 fi
1361 1744 1409 1784 ad
1430 1744 1544 1785 solius
1563 1742 1704 1787 arbitrii
1731 1747 1881 1787 libitum
1901 1745 2074 1786 enutrire

269 1819 360 1849 eum
381 1807 575 1848 voluerit:
604 1804 679 1846 una
697 1816 786 1846 cum
804 1803 885 1856 ipso
899 1814 1073 1856 praeceps
1097 1813 1196 1844 ruet.
1252 1804 1428 1844 Rationis
1443 1802 1569 1845 stoeno
1593 1804 1657 1845 hic
1681 1816 1782 1859 opus
1810 1802 1888 1855 est,
1910 1804 2074 1846 habenis
2128 1843 2132 1846 .

269 1867 436 1910 scientiae
452 1866 621 1918 politicae
639 1893 654 1913 ,
683 1865 788 1916 virga
800 1861 949 1913 justitiae
963 1891 976 1910 ‚
1006 1862 1044 1901 δι·
1057 1863 1264 1902 calcaribus
1275 1863 1386 1903 fortis
1405 1864 1656 1916 generosique
1674 1865 1788 1906 animi
1813 1876 1828 1912 ;
1857 1875 1959 1918 opus
1972 1893 1988 1914 ‚
2013 1864 2074 1905 in·

271 1937 387 1979 quam
401 1954 415 1975 ‚
446 1934 489 1964 ut
507 1923 686 1975 Princeps
702 1920 916 1975 prudentiae
940 1918 1160 1972 stapedibus
1179 1919 1310 1960 firmus
1332 1922 1481 1973 semper
1499 1920 1649 1962 infistat.
1707 1922 1807 1963 Non
1826 1921 2008 1976 quicquid
2030 1920 2072 1964 el

269 1987 310 2027 in
330 1994 500 2025 mentem
516 1984 668 2024 venerit
690 2010 705 2033 ,
731 1979 950 2023 faciendum
974 1977 1030 2020 est
1049 1979 1152 2019 illico
1169 2008 1184 2029 ‚
1213 1979 1277 2020 sed
1304 1980 1411 2031 quod
1425 1978 1627 2022 honestum
1647 1978 1702 2021 est
1717 1980 1837 2021 solum
1851 2010 1866 2032 ‚
1892 1993 1944 2023 ne
1964 1981 2074 2023 forte

271 2047 458 2100 pietatem
473 2041 584 2083 laedat
598 2072 614 2092 ‚
640 2051 706 2083 aut
719 2038 1055 2087 existimationem,
1072 2046 1138 2078 aut
1149 2039 1443 2088 verecundiam,
1471 2048 1537 2079 aut
1550 2049 1684 2080 contra
1704 2040 1833 2081 bonos
1850 2051 1978 2080 mores
2005 2036 2076 2097 (i)

270 2105 489 2145 committat
501 2100 656 2154 aliquid.
714 2098 785 2141 Ne
805 2097 1021 2140 existiment
1041 2097 1237 2150 Principes
1251 2126 1266 2147 ‚
1292 2096 1524 2151 potestatem
1549 2098 1652 2138 suam
1674 2100 1832 2139 omnino
1858 2099 2071 2143 absolutam

269 2163 374 2213 effe,
405 2161 468 2202 sed
489 2159 707 2202 obstrictam
733 2159 843 2200 bono
860 2158 1021 2214 publico
1035 2186 1047 2206 ,
1077 2156 1117 2198 δε
1138 2159 1333 2198 communi
1354 2153 1485 2197 Status
1512 2157 1691 2198 utilitati:
1718 2170 1799 2199 non
1822 2159 2071 2210 immensam,v

259 2215 337 2265 'sed
362 2223 475 2263 certis
496 2218 676 2262 arctatam
693 2218 833 2261 finibus
845 2247 862 2269 ‚
888 2218 928 2259 δε
943 2214 1072 2258 multis
1097 2216 1245 2258 cafibus
1265 2215 1493 2270 expositam.
1552 2215 1740 2270 Insignem
1757 2228 1981 2272 apparatum
2001 2230 2069 2261 na-

269 2286 398 2325 valem
416 2281 534 2335 Regis
562 2280 728 2335 Philippi
744 2277 912 2320 Secundi
939 2275 1117 2317 adversus
1130 2277 1304 2329 Angliam
1322 2277 1457 2317 unicus
1472 2284 1614 2317 ventus
1630 2276 1830 2329 diffipavit.

422 2340 459 2394 §.
489 2336 611 2381 Norit
625 2337 811 2393 praeterea
830 2333 1012 2389 Princeps
1037 2336 1305 2376 authoritatem
1328 2335 1432 2378 suam
1449 2337 1502 2377 ita
1524 2334 1722 2389 supreman
1746 2348 1826 2377 non
1850 2335 1951 2385 ess’e,
1971 2338 2070 2388 quin

271 2400 415 2453 aliquid
433 2399 532 2441 illius
547 2401 586 2440 in
593 2399 682 2452 ipsis
696 2398 912 2439 remanserit
927 2396 1084 2438 subditis
1091 2425 1103 2445 ,
1112 2395 1217 2448 quod
1226 2395 1339 2436 autab
1347 2396 1457 2436 initio
1467 2397 1494 2436 ii
1502 2394 1571 2436 fibi
1587 2394 1823 2436 reservarunt
1830 2426 1843 2446 ,
1851 2406 1917 2436 aut
1926 2395 2068 2441 iisdem

270 2459 449 2501 conceffit
457 2458 590 2513 postea
603 2459 700 2499 ratio
717 2459 795 2511 ipsa
802 2457 999 2505 naturalis,
1019 2454 1067 2496 ad
1080 2454 1342 2496 defensionem
1359 2454 1734 2496 &conservationem
1741 2458 1916 2508 propiam
1927 2465 2065 2497 contra

266 2520 484 2572 Principem
497 2518 622 2573 palam
631 2516 829 2569 injustum,
849 2526 915 2557 aut
931 2525 1148 2566 tyrannum.
1211 2515 1450 2567 Principibus
1464 2515 1576 2556 bonis
1584 2526 1663 2556 non
1678 2515 2064 2568 omninodisplicetli·

267 2579 398 2623 bertas
424 2581 549 2634 aliqua
562 2579 603 2621 in
619 2576 790 2619 subditis.
844 2575 1116 2629 Tyrannorum
1138 2574 1215 2631 (k)
1243 2573 1299 2616 est
1315 2573 1490 2618 absolute
1508 2574 1693 2616 dominari
1716 2575 1831 2620 velle.
1889 2574 2066 2642 Amode-

1936 2645 2064 2676 mmus

365 2761 427 2803 (a)
440 2753 684 2809 Qinfad't'us
704 2754 948 2848 effrata&
966 2757 1117 2810 pauperi
1131 2783 1142 2798 ,
1151 2753 1336 2807 fortitudo
1354 2769 1457 2810 egeno
1477 2758 1518 2796 in
1543 2753 1772 2794 tribulatione
1779 2758 1878 2808 sua.
1893 2749 2022 2806 species
2035 2752 2063 2792 ὲ

268 2806 412 2847 tter-bine
429 2836 441 2851 .
465 2806 706 2848 umbraculum
788 2822 811 2846 ι
838 2822 864 2846 u
876 2810 917 2847 ΠΖ
933 2821 996 2855 25.
1009 2822 1048 2858 4.
1099 2810 1161 2858 (b)
1177 2809 1345 2861 Gigantes
1368 2818 1490 2848 autem
1502 2817 1608 2847 erant
1611 2807 1716 2861 fflper
1734 2817 1870 2846 terram
1890 2806 1930 2842 in
1942 2802 2062 2844 diebus

269 2859 351 2898 iuis.
403 2859 464 2913 fii
476 2859 565 2908 fiant
580 2861 775 2915 potentes-d
799 2860 907 2902 ecula,
923 2862 1003 2899 viri
1008 2859 1153 2911 famofi.
1194 2860 1289 2903 Gen.
1321 2866 1357 2899 6.
1378 2875 1417 2910 4.
1467 2864 1527 2907 (c)
1548 2865 1628 2899 Ecce
1672 2861 1810 2912 &antes
1854 2866 1975 2895 emunt
1992 2856 2061 2904 fich

270 2912 385 2964 aquis.
409 2913 491 2962 Job.
516 2917 579 2959 26,
601 2925 635 2960 5.
689 2915 754 2962 (d)
765 2919 887 2967 Aqua,
902 2926 990 2966 quas
1002 2912 1128 2965 vidisti
1139 2939 1150 2954 .
1173 2910 1235 2950 ubi
1249 2915 1423 2951 meretrix
1427 2911 1544 2960 fidet,
1549 2922 1639 2966 popu
1651 2914 1667 2950 i
1674 2911 1782 2960 ficut.
1803 2870 1855 2954 ἐ

268 2961 299 3000 li
346 2975 403 3001 ια.
429 2966 546 3015 Apoc.
575 2977 632 3014 17.
653 2976 712 3013 15.
761 2970 822 3013 (e)
833 2965 1015 3018 Applicate
1033 2963 1099 3003 huc
1112 2963 1290 3011 unbverfis
1299 2964 1444 3017 angulos
1458 2965 1586 3019 populi.
1612 2967 1743 3012 1.Reg.
1760 2969 1886 3010 1438.
1907 2961 2059 3006 (DMar.

268 2975 349 3054 hi}
376 3015 467 3053 Hist.
486 3016 548 3054 lib.
562 3022 598 3056 6.
613 3030 646 3055 c.
673 3031 731 3058 12.
781 3021 845 3067 (g)
854 3023 914 3055 Ita
925 3019 1010 3055 nati
1020 3016 1109 3070 estis,
1124 3021 1167 3058 ut
1183 3014 1271 3054 bona
1290 3018 1455 3071 malaque
1467 3016 1589 3070 vestra
1603 3015 1655 3054 ad
1674 3011 1924 3067 Rempublicam
1946 3016 2062 3067 perti-

268 3076 393 3105 neant.
434 3068 551 3105 Tacit.
563 3068 625 3106 lib.
643 3084 681 3119 4.
693 3070 827 3109 Annal.
885 3072 949 3119 (h)
967 3084 1004 3108 2.
1019 3072 1112 3119 Reg.
1130 3072 1166 3120 ἴ.
1193 3082 1224 3108 1.
1273 3069 1324 3116 (i)
1343 3070 1455 3107 FalJa
1471 3096 1481 3111 ,
1500 3083 1568 3124 qua
1579 3067 1704 3106 ladunt
1711 3068 1886 3119 pietatem
1899 3093 1912 3112 ,
1938 3064 2059 3118 extsti·

267 3120 460 3158 mationem
470 3145 483 3161 .
504 3120 756 3160 verecundiam
767 3120 920 3174 nostram
933 3150 943 3164 ,
958 3121 1005 3165 ά-
1018 3131 1062 3158 ut
1067 3120 1286 3174 generaliter
1308 3121 1465 3160 dixerim
1483 3148 1494 3163 ‚
1517 3129 1639 3158 contra
1653 3117 1750 3156 bonos
1765 3130 1874 3156 mores
1882 3116 2060 3169 fiuntmec

259 3167 389 3222 faeere
408 3184 468 3210 nos
483 3171 688 3210 credendum
702 3172 841 3226 est,lib.
862 3186 876 3212 ι
886 3186 919 3221 5.
943 3174 982 3212 ff.
1000 3174 1044 3211 de
1060 3173 1196 3212 condit.
1205 3173 1281 3212 inst.
1333 3175 1398 3222 (k)
1422 3170 1601 3226 ,Quomodo
1641 3167 1764 3222 effi‘mis
1791 3167 2059 3223 Imperatoribus

258 3219 429 3316 {taen-KQ
449 3223 744 3268 dominationem,
779 3227 839 3264 ita
861 3227 1029 3277 quamvis
1048 3227 1197 3279 egregiis
1215 3225 1354 3264 modum
1378 3224 1556 3264 libertatis
1576 3233 1604 3276 p
1617 3235 1727 3262 acere.
1779 3222 1897 3261 Tacit.
1928 3221 1991 3262 lib.
2017 3234 2055 3270 4.

1855 2918 1981 2963 gentes
1990 2936 2000 2951 ,
2014 2909 2062 2954 ό·
2128 2933 2132 2939 ·
