2132 3730
445 202 1411 250 SYM'BOLAPOLITICA.
1735 214 1823 264 267

50 291 146 361 deff
158 295 193 332 in
205 290 315 340 regnis
335 283 455 331 nostris
475 289 572 326 viros
593 286 707 339 dignos
724 286 773 331 ἐξ)
789 288 1023 329 habiles.1d
1038 290 1142 342 quod
1168 294 1405 342 temporibus
1425 291 1553 332 Caroli
1579 291 1631 332 V.
1661 291 1826 344 impera-

7 351 11 393 ἐ
49 355 142 392 toris
159 347 322 389 Castessae
346 346 513 385 motibus
531 346 651 385 ansam
669 346 785 386 dedit.
845 347 949 388 Idem
963 349 1116 398 accidit,
1146 350 1299 400 quando
1315 353 1506 392 honorum
1523 352 1675 420 partitio
1699 354 1824 392 minus

0 418 9 471 ρ,
47 409 152 450 reete
169 405 383 447 instituitur.
413 402 486 461 (a)
517 417 596 444 nam
610 405 785 446 multitudo
808 407 937 459 quidem
956 412 1120 462 grauiter
1137 406 1219 459 fert
1247 411 1510 464 inaequalitatem
1522 419 1612 464 patr
1613 414 1824 478 momorum,

0 477 10 523 l
37 466 242 522 praestantes
257 474 371 504 mrtem
385 467 459 505 viri
486 465 643 503 honorum
663 466 945 533 hiseqztalir'atem,
976 468 1012 508 δε
1028 479 1101 520 pro
1118 478 1343 522 contemptu
1367 471 1528 518 habent,
1557 471 1663 523 quod
1679 470 1741 513 alii
1755 471 1825 512 mi-

42 540 115 569 nus
138 525 186 566 de
205 525 418 576 Republica
440 523 694 563 benemeriti
684 526 727 564 iis
756 525 828 580 (h)
844 526 1100 579 praeferantur.

193 584 365 624 Maxima
379 584 614 635 Reipublicae
631 582 824 625 infirmitas
848 585 902 626 est
925 587 1196 627 incontinentia
1215 587 1254 626 δε
1281 588 1431 628 lascivia
1458 600 1609 639 eorum,
1639 593 1704 643 qui
1727 605 1823 644 prae-

0 638 11 706 ιξ
45 647 138 687 sunt.
196 643 299 683 Hinc
318 644 518 683 seditiones
539 643 766 695 nascuntur,
793 646 1014 699 Regnorum
1042 648 1346 696 immutationes,
1376 648 1414 687 δε
1436 650 1551 689 ruinae
1580 650 1822 703 Principum,

7 719 10 760 ;
7 706 131 757 quia
146 706 351 744 multorum
374 705 562 743 honorem
588 712 769 756 tangunt,
798 705 836 744 &
862 705 1088 745 severiffimis
1107 708 1227 757 poenis
1247 705 1269 744 ὲ
1285 707 1376 746 Deo
1399 706 1634 761 castigantur.
1694 711 1825 751 Unica

6 758 10 813 ξ
40 763 237 816 turpitudo
251 777 320 816 per
337 766 456 803 multa
475 762 606 801 saecula
625 761 842 815 Hispaniam
860 765 1046 805 cineribus
1071 766 1211 808 obruit
1268 766 1429 818 Propter
1449 769 1546 808 illam
1556 769 1703 820 plagae
1692 782 1825 822 mgen-

43 835 101 865 tes
126 822 189 879 (c)
219 824 430 876 AEgyptum
454 832 738 870 exercuerunt3
766 824 818 863 ob
852 824 1012 864 eandem
1033 826 1176 876 magnis
1198 837 1284 864 cum
1310 829 1481 866 aerumnis
1515 837 1596 867 tum
1626 829 1827 870 Davidem

38 884 180 936 ipsum,
211 894 291 923 tum
312 884 389 935 ejus
416 881 489 937 (A)
508 881 702 933 posterOS,
715 882 796 922 -diu
812 885 1049 935 multumque
1065 883 1272 924 conflictari
1291 888 1482 937 oportuit,
1511 888 1562 926 ita
1588 897 1630 927 ut
1647 890 1826 940 plerique

40 955 174 984 omnes
193 945 230 983 in
254 954 438 995 perpetua
457 944 620 982 vixerint
639 942 924 1010 persecutione,
955 943 992 983 &
1009 943 1133 995 gladio
1152 945 1371 985 interierint.

214 1003 312 1043 Non
331 1003 452 1043 minus
468 1003 651 1054 periculi
639 1015 679 1042 in
699 1002 910 1054 Republica
929 1015 976 1042 ex
991 1015 1038 1042 eo
1056 1002 1130 1052 est,
1160 1003 1187 1043 fi
1205 1005 1312 1044 multi
1333 1006 1379 1044 ab
1401 1005 1530 1045 officiis
1553 1006 1826 1047 excludantur:

38 1061 109 1114 (e)
133 1075 208 1101 cum
228 1065 312 1102 enim
340 1062 513 1103 multitudo
528 1064 657 1113 inopum
675 1060 727 1116 {st
744 1065 779 1102 in
802 1075 841 1100 ea
863 1064 1025 1111 ciuitate,
1055 1032 1230 1116 εαίΖΖἮιιμιε
1258 1063 1302 1102 ab
1327 1065 1504 1106 honoribus
1529 1067 1676 1117 exclua,
1705 1065 1826 1120 nectffb

35 1120 84 1176 est
104 1135 175 1161 eam
192 1125 242 1162 cit
243 1125 366 1162 itatem
381 1120 438 1175 effi’
443 1122 577 1173 plenam
599 1119 735 1175 hcstmm
754 1122 810 1161 Re
811 1122 980 1172 publicet,-
1009 1134 1081 1162 nec
1107 1119 1202 1161 ullus
1221 1123 1341 1162 homo
1373 1134 1449 1164 tam
1478 1127 1636 1177 ignavus
1659 1124 1733 1174 est,
1754 1126 1823 1176 qui

42 1182 180 1220 honori
198 1193 278 1221 non
296 1181 513 1230 incumbat,
542 1191 608 1220 aut
635 1181 705 1220 isto
726 1181 762 1221 se
777 1182 918 1232 privari
944 1194 1023 1221 non
1047 1183 1210 1234 graviter
1235 1181 1316 1237 (f)
1346 1183 1488 1224 sentiat
1550 1185 1653 1225 idem
1672 1187 1823 1237 pericu-

37 1242 116 1280 lum
133 1241 292 1281 subeunt
311 1240 569 1293 Respublicae,
598 1242 635 1281 in
652 1241 787 1292 quibus
804 1251 928 1281 certus
952 1241 1071 1281 solum
1092 1253 1271 1282 numerus
1298 1242 1320 1281 ὲ
1335 1241 1554 1283 Nobilitate
1565 1243 1715 1297 gaudet
1731 1244 1821 1284 Ma-

37 1299 208 1351 gistratu‚
236 1300 396 1341 exclusis
425 1301 514 1339 aliis.
1575 1275 1626 1322 δ’·

211 1357 248 1410 §
278 1358 406 1398 Tertia
428 1357 535 1396 causa
550 1359 854 1398 immutationum
878 1358 915 1398 δε
930 1358 1157 1398 seditionum
1177 1360 1216 1398 in
1232 1358 1374 1424 Regnis
1389 1359 1444 1400 est
1468 1373 1574 1401 amor
1596 1363 1824 1401 conservan-

39 1417 99 1458 dae
121 1419 231 1468 vitae,
257 1421 413 1469 quando
433 1417 605 1456 nimirum
624 1417 757 1456 subditi
780 1418 991 1469 Principem
1018 1419 1121 1458 suum
1146 1429 1222 1457 tam
1242 1419 1420 1470 ignavum
1448 1421 1485 1460 ὅτ.
1515 1420 1722 1460 vecordem
1747 1420 1828 1460 effe

35 1477 223 1527 credunt,
245 1489 287 1517 ut
307 1480 424 1517 vitam
451 1475 601 1516 suorum
619 1476 826 1517 defendere
844 1490 891 1518 ac
908 1479 1004 1517 tueri
1018 1491 1098 1517 non
1120 1477 1249 1529 poffit3
1278 1487 1320 1516 ut
1344 1480 1430 1518 alias
1445 1490 1534 1519 eum
1562 1479 1655 1519 odio
1679 1481 1828 1520 habent:

38 1539 90 1577 ob
117 1537 372 1584 severitatem,
400 1544 443 1575 ut
458 1535 605 1587 Regem
627 1537 864 1589 Alphonsum
891 1537 1121 1588 Decimum,
1152 1547 1217 1575 aut
1231 1538 1283 1576 ob
1297 1537 1579 1587 crudelitatem,
1609 1549 1652 1578 ut
1673 1541 1828 1592 Regem

37 1597 214 1643 Petrum;
246 1607 309 1635 aut
329 1594 538 1636 existimant
555 1594 729 1646 injustum
757 1595 851 1645 effe,
882 1596 920 1636 &
945 1598 1097 1650 ingenio
1120 1598 1337 1645 tyrannice,
1366 1598 1405 1636 in
1427 1598 1531 1649 cujus
1546 1600 1719 1638 manibus
1743 1600 1827 1637 vita

41 1659 207 1696 omnium
235 1657 488 1708 periclitetur,
515 1656 569 1693 uti
598 1656 746 1707 Regem
771 1654 1010 1703 omnnium,
1036 1655 1112 1709 (g)
1137 1655 1192 1693 ob
1219 1657 1446 1705 trucidatos,
1477 1657 1517 1696 δε
1547 1657 1645 1697 male
1671 1658 1829 1697 habitos

35 1716 208 1757 Castellae
230 1716 426 1765 Comites,
457 1714 559 1753 unde
580 1716 695 1755 totius
714 1716 903 1766 regiminis
929 1715 1142 1754 immutatio
1161 1723 1286 1755 ortum
1304 1717 1449 1759 habuit.

202 1776 236 1826 ς.
271 1775 413 1815 Ultima
434 1774 540 1813 causa
562 1775 663 1813 bona
684 1774 722 1813 ὃς
739 1774 903 1814 fortunae
918 1775 1023 1823 sunt,
1055 1774 1081 1813 fi
1098 1775 1272 1813 nimirum
1305 1776 1483 1828 Princeps
1516 1775 1750 1816 subditorum
1766 1775 1825 1816 sa-

36 1837 200 1876 cultates
224 1837 360 1875 leviter
385 1834 607 1880 consumat;
637 1846 721 1885 quae
741 1833 848 1873 causa
865 1832 960 1882 fuit,
989 1846 1056 1872 cur
1079 1833 1235 1872 Garcias
1263 1833 1437 1876 Galaeciae
1474 1834 1546 1888 (h)
1573 1836 1659 1875 Rex
1683 1837 1824 1888 Regno

38 1898 179 1947 pariter
198 1899 247 1934 ac'
263 1891 340 1934 vitii
354 1903 490 1933 exutus
513 1893 570 1932 fit.
630 1895 708 1934 Aut
725 1893 753 1932 fi
774 1892 914 1932 reditus
932 1895 1056 1945 regios
1078 1893 1257 1932 inutiliter
1273 1895 1474 1947 prodigat,
1502 1906 1616 1945 quam
1636 1897 1825 1935 rationem.

38 1956 163 1995 Ramo
184 1953 406 2006 praetendit,
436 1964 526 1991 cum
542 1951 696 1991 fratrem
716 1953 820 1991 suum
848 1964 1066 2004 germanum
1091 1949 1283 1992 Sane-&tium
1315 1953 1499 1993 Navarrae
1525 1954 1672 2006 Regem
1695 1955 1823 1993 interi-

38 2024 169 2054 meret.
231 2014 310 2052 Aut
327 2012 352 2052 fi
373 2011 449 2064 ipse
467 2012 504 2049 in
521 2022 674 2050 omnem
695 2011 912 2050 aviditatem
931 2023 1074 2063 pronus
1094 2011 1163 2058 fit,
1195 2013 1518 2063 quemadmodum
1545 2014 1630 2051 Rex
1650 2015 1821 2063 Alphon.

37 2074 94 2113 sus
115 2072 283 2124 Sapiens.
342 2074 422 2111 Aut
443 2070 470 2110 fi
489 2070 541 2109 ob
561 2073 696 2110 malam
715 2072 1029 2123 gubernationem
1056 2071 1288 2122 Respublica
1315 2073 1495 2113 laboret
1487 2085 1643 2113 nnonae
1667 2076 1822 2125 inopia,

33 2134 65 2173 fi
98 2143 221 2172 rerum
248 2133 414 2183 pretium
446 2130 701 2177 accendatur,
732 2130 758 2168 fi
791 2130 931 2170 cessent
956 2142 1211 2178 mercaturae,
1243 2131 1281 2170 &
1315 2135 1613 2184 negotanones‚
1643 2133 1681 2172 id
1715 2135 1822 2184 quod

22 2192 203 2232 eundem
225 2192 372 2242 Regem
391 2188 660 2241 Alphonsum
653 2190 811 2228 invisum
840 2188 1018 2233 reddidit.
1075 2190 1156 2228 Aut
1179 2189 1207 2229 fi
1231 2202 1387 2231 moneta
1415 2195 1537 2243 proba
1563 2207 1645 2232 non
1671 2194 1736 2242 fit,
1763 2196 1822 2233 uti

36 2252 276 2305 temporibus
309 2251 424 2303 Regis
443 2249 546 2289 Petri
567 2249 748 2300 Aragonii
771 2248 958 2298 Secundi,
984 2247 1271 2301 multorumque
1297 2253 1454 2291 aliorum
1485 2254 1637 2306 Regum
1663 2256 1823 2303 accidit3

38 2322 105 2352 aut
121 2323 276 2352 munera
296 2309 488 2362 proficua,
521 2307 559 2347 &
576 2320 672 2360 opes
697 2306 796 2348 male
823 2307 1109 2355 distribuantur3
1136 2308 1277 2349 invidia
1298 2313 1400 2350 enim
1425 2312 1462 2351 &
1480 2315 1673 2354 necessitas
1691 2324 1825 2354 contra

40 2373 309 2424 locupletiores
338 2380 437 2409 arma
464 2367 642 2417 sumunt,
672 2366 711 2407 δι
744 2366 946 2408 seditiones
972 2367 1050 2422 (i)
1082 2370 1260 2408 excitant.
1317 2370 1418 2422 Quae
1447 2375 1534 2413 oriri
1559 2377 1670 2414 etiam
1703 2375 1825 2416 solent

40 2443 91 2469 ex
108 2432 205 2469 mala
234 2428 548 2469 administratione
562 2426 732 2478 justitiae,
761 2439 811 2467 ex
841 2429 1104 2468 hibernatione
1124 2429 1306 2479 militum,
1335 2432 1490 2484 aliisque
1520 2435 1718 2483 oneribus,
1745 2436 1826 2485 qai.

41 2491 112 2528 bus
130 2488 364 2528 subditorum
382 2487 544 2535 reditus,
577 2487 613 2526 δε
634 2487 734 2525 bona
760 2488 924 2540 graviter
945 2498 1115 2528 onerant.

213 2546 249 2598 §.
281 2547 417 2587 Praeter
444 2546 567 2587 causas
584 2545 668 2585 istas
688 2547 913 2586 universales
943 2546 979 2586 &
998 2559 1246 2596 communes,
1274 2551 1354 2588 aliae
1379 2562 1533 2602 quoque
1569 2551 1653 2591 ‘sunt
1682 2553 1825 2592 unicui-

40 2619 116 2658 que
134 2619 156 2646 e
177 2609 294 2646 tribus
324 2608 431 2674 supra
450 2608 565 2646 allatis
590 2606 823 2658 gubernandi
840 2606 972 2646 formis
985 2608 1194 2658 peculiares
1211 2620 1255 2646 ac
1270 2610 1456 2660 propriae,
1481 2622 1578 2661 quas
1594 2610 1707 2651 facile
1720 2613 1824 2651 colli-

40 2678 129 2719 gere
146 2667 275 2706 licebit
291 2667 423 2715 exiis,
452 2678 535 2718 quae
562 2677 632 2717 pro
648 2665 781 2706 iisdem
799 2665 1065 2705 conservandis
1089 2668 1280 2706 attulimus
1296 2669 1334 2707 in
1352 2668 1537 2709 medium.
1567 2682 1654 2711 nam
1683 2669 1754 2727 (k)
1788 2671 1827 2710 il-

947 2725 1052 2764 XXX
1085 2738 1107 2763 2
1770 2730 1831 2770 lud

139 2835 200 2883 (a)
227 2835 329 2872 Arist.
348 2836 408 2874 lib.
430 2851 463 2876 2.
479 2837 587 2874 Polit.
638 2839 699 2883 (b)
725 2843 822 2876 Nam
841 2837 991 2874 homines
1013 2847 1115 2876 tum,
1146 2836 1236 2889 quod
1253 2836 1317 2897 ipsi
1328 2836 1528 2875 inhonorati
1535 2837 1660 2887 fiant,
1684 2850 1827 2878 movent

32 2884 245 2932 seditiones,
270 2898 348 2924 tum
365 2888 454 2941 quod
467 2888 554 2925 alios
573 2888 724 2925 videant
749 2892 788 2927 1202
809 2889 942 2927 honore.
968 2889 1073 2926 Arist
1091 2889 1151 2930 lib
1176 2901 1211 2935 5.
1230 2890 1338 2927 Polit
1363 2903 1394 2926 e.
1416 2901 1452 2937 3.
1524 2891 1592 2938 (c)
1618 2889 1828 2941 flagellavit

38 2948 159 2976 autem
171 2940 338 2976 Dominus
355 2932 570 2977 Pharaonem
579 2939 695 2993 plagis
714 2956 773 2979 ma-
774 2943 894 2986 ximis,
907 2941 951 2984 όν
964 2941 1100 2979 domum
1109 2942 1179 2988 ejus
1190 2952 1338 2994 ,propter
1350 2917 1433 2978 Sar.⁹
1426 2944 1457 2978 zi
1471 2956 1614 2980 uxorem
1624 2940 1700 2979 Ab)
1703 2940 1824 2980 ahmn.

40 2991 132 3028 Gen.
159 3005 212 3028 12.
249 3005 304 3028 τε)
358 2994 417 3040 (d)
441 2999 517 3030 Non
529 2972 662 3029 recedet
674 2993 818 3045 gladius
835 2993 876 3031 de
895 2993 988 3031 domo
1008 3004 1073 3030 tua
1093 3006 1128 3030 tt
1120 3006 1196 3045 vae
1214 2996 1254 3030 in
1282 3010 1310 3031 cs
1299 2996 1532 3047 mpiternum,
1555 3008 1592 3031 eo
1617 3008 1662 3047 qn
1642 2993 1706 3030 ‘aad
1721 2992 1826 3044 despe-

41 3044 137 3079 xeris
159 3057 236 3089 me,
262 3043 308 3087 05*-
329 3044 451 3082 tuleris
466 3058 608 3082 uxorem
631 3047 978 3095 Uriae.2.Reg.1:.
1009 3059 1063 3083 10.
1117 3046 1186 3095 (e)
1214 3045 1318 3083 Aiist.
1342 3047 1394 3094 l.3
1403 3047 1506 3083 ..Pol
1523 3059 1552 3084 c.
1571 3059 1592 3082 7
1662 3045 1737 3092 (f)
1764 3049 1828 3080 Ho-

43 3107 118 3130 mrt
112 3094 298 3132 incumbit
316 3107 394 3134 tam
415 3100 589 3147 ionavus,
610 3110 715 3149 auam
731 3093 844 3135 bonus.
875 3099 978 3136 Arist.
995 3098 1055 3135 La
1062 3098 1169 3134 ..Pol
1196 3111 1226 3134 c.
1254 3111 1285 3143 5.
1337 3103 1383 3148 (g
1386 3101 1508 3142 )Mar.
1527 3099 1616 3135 Hist
1634 3097 1771 3146 Hisp.1.
1791 3109 1825 3140 9.

45 3152 122 3203 ιβ·
174 3148 239 3192 (h)
266 3149 364 3186 Idem
381 3150 470 3188 Hist.
480 3149 576 3198 Hilp.
598 3150 620 3185 l.
637 3156 669 3191 8.
687 3151 757 3191 e.8.
813 3150 862 3194 (i)
888 3150 981 3203 Insicp
983 3165 1019 3187 er
1035 3148 1176 3190 [ι”Ᾰὶῑὶονι
1178 3163 1211 3186 es
1228 3153 1390 3187 oriuntur
1405 3165 1470 3187 πονε
1474 3150 1585 3197 stilum
1605 3147 1642 3184 ob
1660 3158 1736 3199 ριιιῖ
1727 3150 1829 3185 ‘imo-

45 3197 196 3286 malrum,
221 3213 345 3238 rerum
369 3205 481 3242 etiam
500 3200 538 3238 ob
550 3200 712 3240 honorum
732 3161 999 3255 inaequalitates.
1050 3202 1154 3240 Arist.
1172 3203 1232 3240 l
1214 3217 1250 3240 2.
1267 3203 1369 3254 polit.
1390 3217 1464 3254 cap
1482 3215 1515 3251 5
1554 3203 1620 3251 (14.)
1632 3200 1735 3238 Aust
1757 3202 1825 3247 1·>“·

47 3263 92 3300 po
109 3260 137 3286 it
161 3262 232 3299 cup.
252 3260 282 3293 S.
