2132 3730
224 348 311 404 426
676 341 1602 386 DJDACPSAAVEDRAE

219 436 369 470 tuorum
394 438 503 466 urnas
524 428 722 466 inveniunt
738 457 751 476 ,
780 428 873 466 certi
899 428 1076 466 nimirum
1106 435 1254 478 optatas
1274 438 1368 479 opes
1393 428 1430 465 in
1463 427 1505 467 iis
1532 428 1616 468 fore
1644 427 1736 481 (a)
1764 426 1989 471 reconditas.

217 489 369 529 Etenim
397 487 433 525 in
457 486 655 538 sepulchro
670 489 792 526 anima
823 497 959 526 verum
979 494 1127 525 aeternae
1154 486 1289 537 quietis
1321 487 1534 528 thesaurum
1562 488 1713 541 reperit.
1774 486 1873 526 Istud
1897 486 1992 526 indi-

215 559 301 587 care
330 546 453 587 voluit
482 545 613 586 Simon
644 544 894 586 Machabaeus
921 543 1211 598 hieroglyphico
1241 546 1308 590 illo
1335 544 1561 596 sculptarum
1582 549 1736 586 navium
1760 545 1867 598 supra
1889 549 1992 586 colu-

214 619 348 655 mnas,
379 606 514 657 quibus
544 606 659 645 Patris
683 607 736 645 sui
754 605 792 646 &
809 605 964 646 fratrum
992 604 1068 660 (b)
1095 603 1294 644 Mausolea
1309 605 1405 656 cingi
1419 603 1536 655 jussit3
1564 607 1722 647 innuens
1741 606 1878 646 scilicet
1899 606 1989 646 vitae

213 665 347 706 nostrae
366 678 501 704 navem
526 665 656 705 mundi
677 665 786 717 hujus
811 665 990 709 fluctibus
1010 667 1240 705 innatantem
1251 662 1592 715 fluctuantemque,
1623 675 1702 705 tum
1724 666 1877 706 demum
1900 676 1991 707 con-

213 726 421 777 quiescere,
453 727 537 764 eum
557 724 603 765 ad
625 726 728 765 littus
744 727 877 766 mortis
903 725 1055 778 appulsa
1073 724 1197 766 fuerit.
1255 722 1306 762 Et
1323 723 1413 775 quid
1429 725 1508 762 vira
1537 723 1635 764 aliud
1669 724 1745 774 est,
1775 724 1888 778 quam
1906 736 1992 777 per-

210 796 348 837 petuus
370 786 498 824 mortis
516 784 661 825 timor?
690 786 782 826 nihil
811 786 994 838 siquidem
1025 783 1100 834 est,
1128 782 1238 837 'quod
1263 781 1477 824 diuturnam
1513 784 1592 834 ejus
1621 782 1854 825 durationem
1884 782 1993 824 certo

210 845 321 884 nobis
345 846 515 897 polliceri
532 845 653 897 possit.
712 844 841 886 Multa
857 846 957 898 figna
986 847 1119 886 mortis
1151 843 1388 897 portendunt
1418 844 1673 890 vicinitatem3
1703 852 1740 882 at
1765 844 1906 883 nullum
1933 855 1991 883 re·

208 906 370 957 peritur,
398 904 503 955 quod
525 914 650 944 certos
673 906 762 945 vitae
780 907 961 946 terminos
979 903 1051 945 rite
1072 904 1253 958 designet.
1312 901 1698 943 Florentiffirnaetiam
1709 912 1817 951 zetas,
1843 902 1989 953 &opti-

207 976 269 1003 ma
300 964 470 1015 corporis
493 963 713 1004 constitutio
743 976 817 1006 nec
839 977 953 1006 unam
981 966 1071 1007 vitae
1097 965 1230 1005 horam
1245 962 1341 1003 satis
1365 961 1453 1003 tuto
1482 961 1656 1015 praestare
1686 963 1797 1002 nobis
1827 959 1989 1015 poss‘unt.

210 1024 333 1074 Ipsum
349 1034 438 1073 cor,
467 1024 574 1074 quod
598 1026 633 1063 in
652 1026 787 1075 quietis
803 1027 894 1066 loco
917 1023 972 1065 est
994 1026 1033 1065 in
1061 1025 1139 1065 hoc
1162 1024 1336 1076 corporis
1359 1022 1584 1076 horologio,
1613 1022 1812 1076 praesentes
1840 1020 1993 1073 quidem

206 1083 345 1122 indicat
374 1082 485 1122 horas
504 1112 516 1131 ,
546 1092 584 1122 at
613 1096 692 1123 non
722 1083 877 1126 futuras,
937 1083 1029 1124 Nec
1056 1084 1175 1125 debet
1202 1081 1510 1125 incertitudinem
1534 1080 1640 1122 istam
1673 1079 1832 1122 Naturae
1860 1079 1992 1120 odium

206 1142 401 1193 quisquam
428 1143 685 1195 interpretari,
716 1143 780 1185 sed
813 1144 990 1185 favorem
1016 1146 1168 1196 potius:
1199 1156 1286 1185 nam
1315 1143 1344 1182 fi
1380 1154 1489 1193 aeque
1513 1140 1741 1194 praefinitum
1762 1138 1853 1181 esset
1880 1141 1993 1180 mori-

205 1201 293 1241 endi
325 1210 498 1253 tempus,
530 1214 574 1241 ac
602 1203 798 1253 nascendi,
829 1203 1043 1245 destruendi
1072 1206 1268 1257 corporis,
1301 1214 1346 1241 ac
1369 1200 1616 1251 efformandi,
1646 1202 1756 1241 nimis
1788 1201 1946 1239 alienam
1971 1199 1995 1240 ὲ

205 1259 307 1300 recta
332 1261 478 1300 ratione
512 1263 629 1301 vitam
662 1263 786 1303 homo
812 1263 990 1312 duceret;
1021 1273 1136 1317 atque
1161 1263 1261 1304 adeo
1301 1273 1351 1301 ne
1375 1262 1530 1301 unicum
1561 1260 1715 1313 quidem
1744 1269 1889 1299 certum
1914 1271 1996 1299 mo-

202 1329 372 1360 mentum
389 1320 436 1359 ad
456 1321 711 1374 respirandum
733 1324 786 1364 illi
816 1323 939 1373 dedit,
971 1324 1034 1364 sed
1050 1334 1184 1364 contra
1201 1324 1330 1375 potius
1344 1322 1382 1361 in
1409 1321 1524 1361 rebus
1548 1320 1726 1361 omnibus
1742 1318 1878 1360 indicia
1911 1320 1995 1371 plu-

201 1381 293 1419 rima
311 1379 435 1432 posuit
457 1381 546 1420 vitae
569 1382 769 1423 brevioris.
827 1383 944 1423 Terra
963 1385 1060 1424 hanc
1079 1385 1114 1423 ei
1135 1384 1376 1439 rapraesentat
1402 1379 1544 1421 florum
1582 1380 1734 1420 suorum
1767 1379 1993 1431 Juventute‚

203 1438 240 1480 &
260 1440 396 1478 canitie
415 1440 601 1488 messium3
633 1454 727 1492 aqua
747 1442 933 1482 undarum
959 1443 1185 1494 fugacitate;
1215 1443 1278 1481 ae'r
1304 1441 1470 1492 ignibus,
1502 1449 1600 1490 quos
1625 1441 1664 1478 in
1681 1446 1879 1479 momento
1913 1438 1994 1478 suc-

203 1497 352 1547 cendit,
381 1498 418 1537 &
441 1499 583 1539 rursum
601 1501 809 1551 extinguit3
842 1499 978 1539 coelum
1007 1502 1045 1538 in
1068 1502 1133 1537 illo
1161 1502 1335 1549 principe
1350 1500 1517 1543 lumine,
1548 1497 1655 1547 quod
1686 1508 1784 1536 unus
1814 1496 1994 1549 idemque

203 1556 282 1595 dies
301 1558 339 1595 in
367 1559 486 1596 aureis
506 1556 674 1596 Orientis
695 1557 802 1596 cunis
826 1557 926 1596 nasci
957 1556 1095 1605 videt,
1127 1555 1163 1596 &
1190 1557 1289 1595 mori
1331 1556 1371 1594 in
1388 1553 1560 1603 'obscuro
1586 1553 1809 1595 Occidentis
1833 1559 1992 1597 tumulo.

201 1614 348 1654 Verum
374 1614 400 1654 fi
432 1627 534 1655 mors
556 1617 741 1654 malorum
757 1616 929 1655 omniurn
944 1617 1084 1657 malum
1111 1625 1325 1656 extremum
1349 1611 1428 1661 est,
1456 1614 1496 1653 in
1525 1610 1709 1654 felicitate
1731 1617 1824 1666 poni
1852 1615 1990 1668 debet,

201 1673 307 1726 quod
322 1683 397 1713 tam
420 1675 590 1714 celeriter
606 1674 776 1715 advolet.
837 1674 996 1728 Quanto
1016 1676 1139 1715 minus
1153 1687 1268 1714 cunas
1287 1675 1385 1715 inter
1410 1671 1447 1713 &
1466 1674 1655 1723 tumulum
1682 1675 1881 1715 intercedit
1893 1685 1987 1717 tem-

199 1735 326 1785 poris,
355 1743 460 1773 tanto
484 1736 608 1774 minor
629 1734 802 1774 laborum
818 1734 855 1775 6:
875 1747 1122 1775 aerumnarum
1141 1738 1265 1774 curlus
1279 1733 1345 1774 est.
1408 1731 1618 1784 Propterea
1628 1731 1749 1784 Jobus
1769 1732 1989 1776 translatum

199 1793 237 1833 se
271 1793 428 1846 optabat
460 1792 509 1833 de
532 1803 644 1834 utero
668 1795 797 1834 matris
820 1796 893 1835 suae
921 1791 989 1849 (c)
1020 1794 1068 1834 ad
1082 1791 1282 1835 tumulum.
1342 1791 1462 1846 Simul
1481 1796 1527 1831 ac
1538 1790 1745 1842 nascimur,
1775 1793 1990 1848 constringi·

200 1865 283 1892 mur
303 1854 483 1900 vinculis,
521 1852 559 1893 &
578 1855 745 1894 vivimus
761 1852 896 1906 postea
918 1856 1017 1894 curis
1046 1852 1123 1910 (d)
1154 1853 1354 1906 impliciti,
1384 1852 1460 1895 nec
1477 1853 1614 1902 melior
1631 1863 1674 1891 ea
1688 1854 1725 1892 in
1752 1865 1793 1892 re
1815 1855 1991 1895 nascendi

199 1912 370 1952 conditio
402 1912 617 1965 Principum
634 1943 646 1961 ,
677 1924 722 1952 ac
751 1911 822 1968 (e)
850 1922 1088 1955 caeterorum.
1149 1913 1187 1953 Si
1213 1916 1250 1953 in
1276 1907 1460 1966 longaeva'
1481 1912 1560 1951 vita
1582 1911 1746 1951 humana
1772 1913 1991 1954 consisteret
2054 1941 2059 1947 .
2087 1918 2095 1926 “

199 1972 378 2020 felicitas,
409 1975 532 2013 homo
558 1971 715 2012 vivendi
734 1972 979 2013 diuturnitate
1003 1975 1116 2014 etiam
1149 1985 1287 2013 cervos
1316 1970 1544 2013 excederet:
1574 1970 1769 2025 indignum
1798 1974 1896 2013 enirn
1931 1974 1991 2012 fo„

200 2042 280 2080 ret,
310 2032 423 2069 ullum
445 2033 578 2072 animal
596 2030 743 2071 felicius
760 2031 858 2082 esse,
886 2033 1000 2085 quam
1020 2034 1217 2073 hominem
1243 2035 1281 2073 in
1305 2033 1411 2084 cujus
1436 2030 1661 2082 obsequium
1687 2032 1748 2071 illa
1763 2034 1889 2073 omnia
1902 2033 1986 2074 sunt

199 2088 282 2145 (f)
316 2090 480 2129 condita.
557 2089 800 2131 Defiderium
830 2092 920 2131 illud
941 2094 1131 2141 naturale,
1162 2102 1203 2132 ut
1222 2092 1326 2132 horae
1353 2090 1528 2131 celeriter
1559 2090 1765 2140 transeant,
1795 2103 1992 2146 argumen-

199 2160 242 2190 to
263 2148 316 2188 est
336 2161 415 2188 non
442 2148 515 2189 effe
538 2158 708 2201 ternpus,
739 2150 846 2200 quod
878 2151 1079 2190 humanam
1111 2149 1330 2190 felicitatem
1368 2149 1593 2197 constituat,
1624 2150 1710 2189 alias
1735 2153 1836 2192 enim
1873 2153 1911 2193 in
1939 2165 1989 2191 eo

199 2209 485 2260 conquiesceret
509 2211 662 2249 animus.
728 2209 849 2262 Quod
872 2220 1007 2261 praetcr
1025 2220 1175 2264 tempus
1208 2211 1373 2262 appetit,
1403 2209 1454 2248 illi
1488 2208 1614 2248 adhuc
1638 2208 1756 2252 deest.
1813 2210 1857 2251 In
1885 2211 1987 2251 Prin-

199 2269 367 2319 cipibus,
398 2269 541 2321 quippe
566 2270 630 2320 qui
657 2268 861 2320 majoribus
880 2270 1143 2322 expositisunt
1160 2270 1325 2319 casibus,
1356 2270 1472 2321 magis
1490 2267 1602 2320 quam
1631 2270 1669 2307 in
1698 2270 1780 2309 ullis
1807 2272 1900 2312 alias.
1920 2282 1984 2312 ex-

197 2329 383 2382 perientia
405 2327 694 2377 commonstrat,
724 2328 830 2381 qnod
847 2331 887 2369 in
919 2330 1081 2384 longiori
1098 2330 1178 2370 vita
1192 2329 1360 2370 Fortuna
1375 2328 1630 2383 periclitetur,
1661 2329 1742 2373 haec
1768 2331 1877 2371 enim»
1909 2338 1985 2372 tam

197 2388 386 2441 prosperis
416 2387 593 2440 fatigatur
613 2418 624 2436 ,
655 2400 768 2441 quam
792 2387 968 2430 adverfis.
1050 2387 1281 2429 Fortunatus
1323 2385 1453 2428 fumet
1485 2385 1713 2426 Ludovicus‘
1744 2387 1985 2431 Undecimus

199 2448 362 2486 Franciae
384 2447 473 2487 Rex
490 2448 520 2487 fi
535 2457 623 2487 ante
649 2457 828 2489 extremae
842 2449 913 2489 suae
934 2449 1050 2487 oetatis
1063 2449 1292 2487 calamitates
1303 2477 1317 2496 ‚
1346 2446 1383 2486 &
1401 2445 1563 2485 miserias
1579 2444 1680 2486 diem
1699 2444 1805 2488 suurn
1821 2448 1982 2491 obiiss'et.

199 2506 312 2546 Mare
340 2505 534 2556 quoddam
558 2506 854 2559 tempestuosum
882 2506 937 2547 est
960 2501 1076 2547 omne
1102 2506 1306 2559 Imperium
1330 2535 1344 2556 ,
1372 2504 1480 2559 quod
1510 2505 1673 2559 longiori
1698 2508 1788 2547 vitae
1823 2507 1981 2549 decursu

200 2567 439 2617 tranquillum
456 2567 669 2606 conservari
691 2579 772 2606 non
788 2566 939 2620 potest.>
986 2561 1065 2622 Qui
1086 2568 1185 2607 vivit
1207 2566 1367 2618 diutius,
1393 2563 1504 2618 plura
1525 2562 1695 2618 pericula
1721 2567 1979 2621 tempestates-

198 2637 273 2677 que
294 2622 501 2676 experitur.
561 2623 709 2665 Verum
737 2626 905 2678 spectato
936 2625 1013 2667 fine
1040 2626 1078 2668 &
1104 2625 1343 2678 perfectione
1367 2624 1552 2675 Naturae,
1581 2620 1754 2666 'felix'est
1778 2621 1859 2668 vita
1880 2624 1982 2675 ''diu—

198 2697 332 2733 turha,
362 2684 515 2736 quando
535 2684 738 2725 secundum
758 2683 845 2737 Jobi
866 2686 1120 2727 testimonium
1151 2685 1295 2727 matura
1313 2685 1360 2725 ad
1378 2685 1615 2738 sepulchrum
1630 2682 1828 2737 pervenit,
1847 2684 1979 2734 'veluti

198 2744 430 2784 frumentum
454 2744 500 2782 ad
533 2743 604 2798 (g)
634 2747 863 2797 granarium,
893 2748 1092 2798 antequam
1116 2745 1283 2786 seniecstus
1313 2742 1505 2798 decrepita
1530 2742 1865 2788 eam‘flaccesceie
1891 2743 1985 2793 fact⁴

199 2813 253 2844 at:
282 2813 373 2843 tunc
395 2805 495 2843 enim
516 2805 591 2843 una
610 2817 697 2845 curn
717 2807 882 2846 tenebris
898 2807 1182 2847 mortisvitales
1210 2805 1452 2859 refrigescunt
1478 2805 1645 2860 spiritus,
1674 2818 1816 2859 corpus
1836 2807 1884 2848 ad
1911 2809 1980 2851 ob-

795 2879 796 2882 ¹
1032 2878 1034 2883 ’
1073 2871 1077 2885 ²
1304 2863 1314 2869 ”
1388 2876 1389 2879 ’
1571 2862 1586 2880 ”
1614 2875 1618 2878 ’
1785 2870 1788 2876 ’
1891 2880 1980 2913 eun,

301 2984 363 3034 (a)
389 2985 510 3036 Qus?
521 2983 706 3036 efhdientes
727 2984 940 3033 thesaurum,
959 2985 1184 3041 gaudentque
1195 2985 1429 3032 vehementer,
1455 3004 1530 3027 cum
1542 2991 1745 3028 invenerint
1750 2984 1977 3044 sspulehium

198 3038 277 3087 Job.
296 3049 327 3084 3.
346 3048 406 3075 21.
458 3039 517 3086 (b)
546 3038 784 3091 circumposuit
806 3040 977 3077 columnas
1001 3053 1167 3093 magnas:
1191 3040 1236 3082 <5²-
1244 3040 1348 3093 super‘
1377 3042 1550 3081 columnas
1561 3055 1684 3083 arma,
1709 3042 1761 3081 ad
1777 3039 1980 3082 memoriani

197 3099 361 3126 aeternam
376 3104 388 3127 .·
411 3089 577 3138 &juxta
592 3106 696 3129 arma
715 3091 997 3145 712zmessc‘tael10tus'.
1010 3104 1018 3123 ἐ
1031 3105 1063 3129 1.
1077 3094 1194 3129 Mach.
1227 3106 1279 3140 13.
1296 3102 1373 3139 129.¹
1419 3099 1476 3142 (c)
1499 3098 1628 3147 Qare
1649 3093 1691 3132 de
1715 3095 1834 3133 wlva
1855 3095 1977 3133 eduxi·

186 3142 239 3194 sti
260 3144 338 3181 me?
353 3144 421 3230 Jui
435 3145 578 3180 minam
591 3141 798 3197 consumptus
814 3144 919 3192 effi’m.
949 3149 992 3182 'ne
1007 3145 1118 3193 oculus
1133 3158 1186 3181 me
1206 3147 1357 3183 videm!
1383 3146 1520 3193 fuiffim
1541 3145 1641 3199 quast
1650 3160 1716 3184 non
1732 3146 1832 3194 'ff’m
1847 3147 1890 3184 dc
1900 3158 1970 3185 ute-

196 3208 233 3231 ro
249 3204 353 3231 trans
367 3204 448 3230 atus
461 3194 512 3238 ad
531 3196 714 3240 tumulum,
739 3197 819 3246 Job.
845 3211 900 3236 10.
927 3206 982 3241 18.
1032 3197 1102 3244 (d),
1119 3202 1158 3233 In
1178 3197 1427 3242 involumentis
1447 3196 1703 3246 nutritus-,fiam
1724 3199 1776 3242 ὀὴ
1788 3202 1881 3237 curis
1900 3213 1977 3240 ma·-

191 3248 285 3298 gm's.
311 3248 387 3296 Sap.
410 3258 443 3293 7.
462 3262 496 3296 4.
551 3253 616 3297 (e)
642 3252 746 3286 Nemo
769 3250 862 3287 enim
879 3263 925 3287 ex
941 3246 1084 3302 Regibus
1097 3248 1200 3287 aliud
1214 3246 1338 3286 habuit
1351 3252 1567 3288 nativitatis
1580 3251 1734 3288 initium.
1762 3251 1850 3288 Ibid.
1903 3253 1973 3302 (f)

198 3297 285 3350 lpfizs
302 3312 412 3335 omnes
420 3299 527 3349 feras
541 3298 713 3338 hominum
732 3299 832 3347 causta
840 3299 970 3353 fadar
987 3298 1235 3352 naturafujffi’
1250 3302 1367 3349 neceffe*
1392 3302 1449 3353 est.
1477 3302 1580 3340 Arist.
1603 3302 1664 3339 lib.
1696 3320 1723 3340 ι.
1748 3303 1825 3340 Pol.
1847 3316 1922 3354 cap,
1943 3317 1971 3350 5.

197 3354 256 3399 (g)
289 3353 398 3386 Venics
420 3353 458 3387 1'7:
465 3351 678 3402 finialchrum
693 3363 861 3405 tanquam
867 3352 1091 3405 frumentum
1108 3364 1306 3400 maturum,
1333 3355 1423 3405 quod
1433 3358 1472 3392 in
1484 3365 1630 3407 tempore
1652 3354 1866 3401 mtffuerunt.
1893 3357 1971 3405 Job,

200 3416 233 3453 5.
261 3404 385 3439 zesec-
421 3406 534 3440 Lxx.
1334 3429 1337 3432 >
1709 3429 1712 3432 -
