2132 3730
457 194 1444 246 SYMBO-LAPOLITJCA.
1786 220 1864 262 171

1613 268 1868 283 *ᾖ*

79 276 246 337 Semper.
266 274 466 322 veritatem
504 278 640 319 diserte
659 282 809 332 eloqui,
837 282 1047 333 periculosa
1066 282 1156 323 effet
1173 284 1384 336 sinceritas,
1400 286 1487 327 cum
1509 291 1764 339 taciturnitas,
1778 304 1873 343 prae-

80 345 234 397 cipuum
257 337 496 391 sitregnandi
511 338 817 383 instrumentum.
878 341 1060 393 Quisquis
1076 343 1262 383 secretum
1280 346 1418 386 leviter
1437 350 1642 389 committit
1663 351 1782 397 alteri,
1793 351 1871 391 sce-

79 398 349 457 ptrumeidem
367 396 442 438 una
463 399 588 451 tradit.
649 399 811 440 Mentiri
838 399 1050 453 Principem
1072 414 1152 442 non
1166 402 1294 442 ¹decet
1313 417 1324 451 ς
1354 406 1483 446 licebit
1506 418 1632 449 tamen
1653 409 1872 460 interdum,

79 473 122 503 ut
144 468 264 501 taceat
278 485 291 506 ‚
316 460 606 503 antveritatem
623 461 751 506 celet;
781 472 860 499 non
876 460 971 501 vcro
995 470 1037 500 ut
1056 463 1194 501 leviter
1216 463 1373 512 credat,
1403 475 1468 505 aut
1492 468 1638 508 temere
1665 469 1835 509 confidat
1857 482 1871 518 ;

77 522 169 574 quja
179 516 308 570 potins
326 516 588 571 maturusfit,
614 528 772 570 oportet
790 549 803 569 ,
834 519 872 559 ἃ
894 520 1020 560 tardus
1039 550 1050 569 ,
1081 530 1123 560 ut
1138 521 1431 564 considerationi
1445 524 1554 566 locus
1578 528 1646 576 fit,·
1678 530 1714 569 δι
1735 529 1813 581 ipse
1828 531 1871 570 in

75 576 396 622 &andernzinduci
415 587 610 629 nequeam
641 590 726 629 quae
747 580 874 619 cautio
897 579 1010 620 valde
1038 579 1238 620 necessaria
1260 581 1314 621 est
1330 582 1518 636 principi,
1549 586 1626 626 fine
1648 600 1722 639 qua
1740 591 1870 629 multis

6 643 8 654 '
73 640 197 689 iisque:
210 637 389 688 gravibus
406 636 604 689 expositus
625 636 739 677 foret·
753 640 942 691 periculis.
1024 639 1104 692 Qui
1124 642 1231 691 plura
1259 644 1371 680 novit
1392 671 1405 690 ,
1436 644 1473 683 &
1494 645 1591 685 vidit
1604 675 1616 693 ,
1646 649 1770 688 minias
1789 660 1869 689 cre-

75 697 131 738 dit
143 725 157 746 ,
177 695 401 741 &confidit
414 726 426 747 ,
441 698 529 749 quia
543 707 608 737 aut
626 697 854 749 speculatio,
874 708 937 739 aut
953 701 1077 750 praxis
1097 698 1134 738 ἃ
1159 702 1394 752 experientia
1414 712 1575 744 cautum
1587 717 1675 746 euin
1691 708 1870 748 reddunt„

0 751 7 785 f
67 755 133 811 :Sit
141 757 254 810 igitur
273 756 459 809 Principis
467 760 618 801 animus
632 757 818 808 fincerus,
850 759 887 798 &
904 757 1086 797 candidus
1115 772 1127 805 ς
1157 760 1325 811 prudens
1343 772 1469 801 tamen
1484 763 1522 802 in
1541 765 1701 813 artibus,
1719 767 1756 806 &
1770 767 1871 807 frau-

5 851 7 856 .
70 815 183 857 dibus
201 815 344 856 alienis.
404 816 652 869 Experientia
668 819 746 870 ipsa
771 819 928 858 docebit
946 817 1048 857 casus
1066 846 1079 864 ,
1108 819 1147 857 in
1164 821 1304 871 quibus
1327 822 1383 860 his
1406 823 1548 862 artibus
1577 825 1631 863 uti
1652 824 1871 877 Principem

5 870 9 921 ἶ
67 875 241 924 deceat,
263 874 419 928 quando
444 878 619 917 nimirum
646 877 954 919 animadverterit
970 906 984 926 ,
1013 879 1191 919 malitiam
1211 879 1249 919 δι
1275 882 1432 920 technas
1442 893 1576 922 eorum
1596 913 1609 932 ‚
1638 885 1871 934 quibuscum

68 936 173 988 agit,
203 937 255 975 ita
272 938 439 987 exigere.
499 936 691 977 Caeterum
713 939 752 977 in
768 938 846 977 aliis
879 937 1058 976 omnibus
1086 937 1300 979 actionibus
1327 942 1479 980 elucere
1500 941 1616 981 debet
1635 942 1871 996 inPrincipe

67 993 213 1035 candor
228 995 382 1047 quidam
409 997 552 1048 regius,
573 1009 652 1048 quo
677 996 861 1038 utendum
885 995 940 1036 est
956 997 1146 1038 interdum
1166 1010 1255 1052 erga
1270 1011 1338 1039 eos
1367 1000 1467 1052 ipsos
1482 1031 1493 1050 ,
1513 1003 1588 1053 ,qui
1609 1001 1740 1042 fallere
1764 1006 1873 1056 cogi-

69 1064 174 1094 tant:
202 1055 242 1094 hi
263 1056 364 1097 enim
385 1085 398 1104 ‚
429 1055 455 1095 fi
479 1058 514 1096 in
531 1058 726 1097 meliorem
746 1067 892 1108 partem
911 1055 950 1096 id
971 1057 1268 1110 interpretentur
1288 1089 1301 1108 ,
1331 1061 1369 1099 in
1396 1060 1468 1100 suis
1484 1063 1755 1113 perturbantur
1771 1075 1871 1103 con-

68 1113 154 1156 siliis
171 1142 184 1164 ‚
201 1114 252 1157 ἀ
274 1117 456 1155 vacillare
472 1117 685 1168 incipiunt3
715 1126 966 1169 praeterquam
984 1118 1091 1168 quod
1114 1120 1214 1158 nulla
1234 1118 1336 1159 fraus
1365 1120 1585 1172 generosior
1603 1152 1618 1172 ,
1649 1121 1764 1174 quam
1791 1122 1873 1175 ipsa

65 1175 261 1223 veritas—3>
275 1174 315 1216 &
329 1175 357 1215 fi
377 1175 426 1215 de
443 1188 487 1215 ea
502 1176 621 1216 securi
641 1175 714 1216 fint
732 1207 744 1226 ,
773 1178 894 1222 intimi
913 1176 1040 1216 cordis
1062 1177 1112 1218 sui
1131 1178 1180 1219 illi
1199 1179 1352 1219 tradunt
1370 1180 1571 1233 imperium
1592 1212 1604 1230 ,
1633 1194 1708 1223 nec
1732 1193 1871 1223 contra

66 1234 611 1281 sese;·aliis=artibusmuniunt.
700 1236 799 1289 Quae
822 1238 916 1280 retia
942 1248 1022 1276 non
1054 1235 1162 1278 fuere
1188 1249 1372 1280 contexta
1382 1240 1409 1279 ²?
1440 1253 1525 1293 quae
1546 1253 1626 1282 non
1649 1245 1874 1294 excogitata

67 1293 327 1344 stratagemata
344 1305 478 1333 contra
513 1294 684 1342 astutiam
705 1297 743 1335 &
758 1298 936 1343 malitiam
956 1299 1082 1349 vulpis
1097 1298 1117 1339 *ἓ
1145 1300 1228 1350 quis
1246 1313 1413 1352 unquam
1432 1301 1636 1342 sinceritati
1652 1301 1876 1342 domesticae

65 1353 307 1395 hirundinum
328 1352 460 1392 struxit
476 1354 638 1397 insidias.
1135 1356 1139 1360 ”
1846 1400 1859 1404 q

219 1411 255 1464 §.
285 1412 313 1451 Ii
332 1421 458 1451 tamen
483 1413 677 1465 Principes
692 1442 705 1461 ,
737 1411 774 1453 δε
799 1413 1075 1464 moderatores,
1094 1428 1192 1467 quos
1210 1414 1231 1455 a
1249 1417 1452 1469 prudentia
1475 1416 1512 1458 &
1532 1419 1686 1471 ingenio
1705 1419 1877 1460 mundus

68 1470 222 1513 estimat
244 1502 256 1523 ,
284 1471 400 1511 isthac
423 1482 501 1512 arte
518 1473 573 1510 uti
591 1484 939 1525 nequeunt3nemo
959 1477 1060 1515 enim
1076 1475 1144 1515 fibi
1165 1477 1393 1528 persuadet,
1423 1478 1530 1529 quod
1546 1488 1609 1517 aut
1627 1479 1712 1519 casu
1730 1480 1877 1531 aliquid

66 1540 178 1584 agant
191 1541 254 1571 aut
267 1531 427 1573 sincere.
485 1531 604 1571 Unde
629 1561 641 1580 ,
671 1533 698 1573 fi
713 1545 786 1589 qua
804 1535 854 1573 in<
864 1546 905 1575 re
920 1533 1127 1580 candorem
1155 1537 1259 1590 suum
1287 1536 1413 1589 palam
1430 1537 1882 1590 velintostendere,pr0‚

68 1591 162 1633 fieto
185 1592 358 1632 habetur.
417 1590 717 1644 Circumspeffio
734 1588 775 1632 'in
791 1594 860 1633 illis
881 1598 894 1642 ',
925 1596 1085 1644 malitia,
1112 1595 1342 1644 Prudentia,
1373 1595 1630 1647 diffimulatio,
1649 1597 1688 1637 &
1712 1600 1840 1638 cautio
1855 1628 1873 1647 ,

71 1651 182 1693 dolus
200 1649 273 1691 effe
292 1651 466 1692 creditur.
526 1650 696 1691 Fuerunt
709 1681 720 1701 ,
737 1653 800 1702 qui
816 1655 898 1691 haec
912 1654 1067 1692 crimina
1087 1654 1184 1705 Regi
1203 1653 1407 1693 Catholico
1425 1656 1680 1706 imponerent,
1697 1656 1747 1697 eo
1763 1657 1875 1709 quod

65 1714 202 1768 partim
223 1713 380 1751 naturali
401 1711 531 1762 judicii
550 1711 603 1749 sui
622 1712 794 1750 acumine
811 1739 823 1757 ,
855 1712 992 1761 partim
1012 1711 1196 1751 diuturnis
1215 1713 1303 1752 belli
1321 1714 1504 1764 pacisque
1519 1717 1762 1766 experientiis
1783 1717 1873 1756 satis

67 1772 299 1827 perspiceret
328 1771 501 1811 fallacem
517 1769 652 1823 agendi
675 1769 833 1809 modurn
851 1770 888 1810 &
911 1772 1070 1810 intutam
1090 1770 1205 1811 fidem
1220 1772 1358 1811 horum
1385 1781 1617 1825 temporum,
1639 1785 1754 1826 atque
1768 1775 1873 1816 adeo

67 1842 172 1873 tanta
197 1833 394 1885 sagacitate
411 1831 487 1870 sese
517 1829 744 1870 defenderet
766 1859 778 1878 ‚
808 1839 850 1868 ut
868 1831 990 1870 aemuli
1010 1831 1088 1880 ejus
1113 1843 1157 1870 ac
1179 1829 1306 1870 hostes
1330 1831 1482 1871 suismet
1506 1835 1647 1874 artibus
1680 1834 1755 1874 sese
1774 1837 1872 1875 irre-

65 1894 202 1940 tirent,
230 1902 295 1931 aut
316 1903 370 1930 eae
389 1888 493 1928 certe
507 1901 594 1927 cum
616 1899 793 1939 tempore
811 1888 848 1927 ἃ
871 1889 1030 1928 consilio
1050 1891 1208 1929 omnino
1229 1890 1292 1941 spe
1306 1890 1368 1929 sua
1382 1890 1641 1937 frustarentur,
1702 1891 1798 1934 Eam
1814 1895 1870 1934 ob

66 1964 148 1995 tem
161 1951 308 2003 fingunt
331 1948 502 1989 nonnulli
526 1947 720 1997 Principes
739 1946 991 1987 sinceritatem
1012 1948 1050 1987 ἀ
1072 1947 1296 1989 modestiam
1313 1978 1325 1997 ,
1353 1949 1400 1988 ad
1427 1951 1609 1991 celandos
1625 1954 1743 2005 magis
1761 1953 1873 2004 fines,

67 2023 164 2064 quos
181 2011 248 2049 fibi
267 2008 408 2048 habent
432 2005 652 2058 propositos
668 2035 680 2054 ,
711 2016 775 2045 aut
791 2017 839 2045 ne
861 2008 944 2046 illos
958 2009 1096 2047 malitia
1113 2018 1190 2048 tam
1216 2007 1326 2048 facile
1340 2010 1449 2060 poffit
1476 2009 1626 2063 assequi.
1689 2010 1870 2053 Faciebat

66 2071 108 2114 id
124 2070 368 2111 Domitianus
391 2097 404 2116 ,
434 2064 846 2120 sa>finmlstnq>licimtis
862 2099 874 2117 ,
890 2080 931 2106 ac
945 2064 1108 2121 wwdcstiae
1115 2069 1256 2121 imagine
1263 2071 1298 2109 in
1313 2068 1526 2110 altituainem
1545 2069 1700 2112 conditus
1715 2104 1728 2122 ,
1747 2072 1868 2127 studi-

66 2144 187 2187 umque
209 2130 388 2170 literarum
407 2158 420 2176 ,
450 2126 502 2170 &²
520 2139 664 2165 amorem
692 2128 880 2166 carminum
916 2126 1057 2167 zmulans
1078 2156 1091 2176 ,
1121 2141 1185 2182 quo
1205 2129 1339 2168 velaret
1362 2129 1520 2169 animum.
1582 2128 1695 2171 Velle
1722 2132 1867 2173 Princi-

64 2203 154 2245 pem
173 2192 210 2230 in
229 2190 405 2229 omnibus
423 2187 628 2238 sapientem
650 2186 797 2234 videri,
829 2184 883 2226 est
899 2188 1105 2238 sapientem
1132 2187 1206 2228 effe
1231 2188 1412 2228 definere.
1474 2187 1598 2229 Nosse
1629 2190 1695 2230 suo
1715 2200 1868 2244 tempo·

67 2264 109 2294 re
134 2251 170 2291 &
189 2252 277 2290 loco
295 2251 529 2301 ignorantem
549 2244 622 2285 esse
643 2276 653 2294 ,
699 2246 839 2285 summa
867 2248 1069 2298 prudentia
1084 2246 1148 2286 est·
1219 2247 1330 2287 Nihil
1355 2248 1481 2287 utilius
1497 2278 1508 2297 ,
1542 2249 1633 2289 nihil
1650 2252 1766 2303 magis
1793 2250 1866 2292 dif-

64 2311 165 2353 ficile
181 2340 194 2360 ,
225 2321 268 2349 ac
284 2307 470 2361 sapientiae
498 2305 656 2345 modum
671 2309 834 2346 retinere
852 2318 861 2344 z
892 2306 930 2345 id
960 2306 1065 2358 quod
1086 2308 1124 2347 in
1144 2307 1323 2360 Agricola
1340 2307 1494 2348 Tacitus
1519 2308 1611 2363 (b)
1632 2310 1867 2351 collaudavit

62 2372 210 2413 Omnes
242 2372 278 2409 in
316 2380 403 2408 euin
431 2367 674 2418 conspirant:
703 2367 767 2418 qui
795 2367 880 2418 plus
906 2365 985 2406 aliis
1013 2367 1104 2406 scire
1131 2367 1168 2407 se
1196 2367 1411 2415 existimat,
1439 2368 1520 2408 five
1549 2381 1599 2409 ex
1626 2369 1789 2419 invidia,
1818 2372 1859 2411 si-

65 2443 121 2473 ve
141 2430 360 2484 ignorantiae
385 2429 548 2480 propriae
580 2425 803 2466 defensione
825 2428 967 2466 oriatur
987 2438 1000 2473 ς
1032 2436 1096 2466 aut
1117 2425 1221 2467 forte
1237 2457 1248 2477 ,
1274 2427 1361 2479 quia
1388 2427 1600 2480 suspefftum
1623 2429 1766 2469 habent
1791 2429 1830 2470 id
1850 2461 1866 2479 ,

67 2491 175 2546 quod
196 2488 265 2542 ipsi
286 2488 424 2540 assequi
440 2496 650 2539 nequeunt,
721 2484 791 2541 (c)
821 2486 955 2528 Wdens
973 2483 1061 2527 Saul
1073 2515 1087 2537 ,
1116 2487 1210 2542 quad
1218 2488 1374 2539 prudens
1398 2486 1472 2541 effla*
1485 2491 1584 2529 nimis
1606 2489 1751 2539 David,
1764 2493 1865 2542 coepit

65 2565 192 2595 cavere
215 2562 299 2590 eum.
1041 2583 1044 2586 Δ

220 2610 255 2662 §.
286 2609 479 2662 Principes
505 2606 564 2647 alii
589 2606 741 2658 negotia
763 2603 824 2646 sua
857 2605 1019 2646 trastant
1044 2635 1057 2654 ,
1087 2603 1191 2657 quasi
1217 2606 1317 2646 aliud
1342 2607 1468 2646 animo
1496 2607 1679 2660 agitantes
1699 2635 1711 2656 ,
1741 2616 1784 2646 ut
1812 2606 1868 2648 fic

68 2671 154 2713 casu
174 2681 283 2724 agere
305 2669 515 2709 videantur.
573 2665 722 2706 Verum
739 2676 842 2706 tanta
860 2665 914 2706 est
938 2666 1077 2705 malitia
1096 2665 1286 2717 praesentis
1306 2666 1474 2705 Politicae
1492 2676 1534 2706 ut
1562 2665 1645 2706 istas
1666 2674 1763 2706 artes
1784 2678 1867 2707 non

68 2730 217 2773 tantum
230 2737 432 2782 penetret,
461 2727 523 2768 sed
540 2727 814 2778 integerrimam
835 2729 948 2765 etiam
971 2725 1223 2766 sinceritatem
1250 2726 1447 2765 cavilletur
1463 2738 1550 2766 cum
1566 2726 1697 2778 insigni
1725 2727 1865 2766 verita-

68 2795 118 2832 tis
141 2821 154 2841 ,
184 2790 221 2831 &
241 2789 516 2841 tranquillitatis
536 2786 698 2839 publicae
718 2786 948 2826 detrimento
967 2800 976 2825 ι
1006 2797 1095 2825 cum
1114 2786 1205 2824 nihil
1223 2785 1380 2826 omnino
1398 2785 1442 2825 sit
1458 2816 1470 2835 ,
1501 2785 1608 2838 quod
1628 2784 1733 2825 τεὲὶὲ
1747 2795 1865 2838 atque

69 2862 115 2893 ut
134 2858 291 2904 oportet
312 2879 326 2899 ,
354 2850 650 2899 interpretentur
667 2847 751 2896 alii„
782 2857 948 2898 cumque
964 2846 1103 2885 veritas
1117 2846 1155 2884 in
1177 2857 1256 2884 uno
1287 2843 1463 2884 consistat
1486 2845 1633 2897 pun&o
1656 2859 1665 2886 :
1695 2858 1739 2885 ea
1753 2846 1866 2895 vero,

71 2924 156 2964 quae
176 2911 214 2951 in
232 2907 536 2950 circumferentia
561 2907 802 2946 continentur
831 2907 902 2946 sint
918 2937 930 2955 ,
960 2904 1104 2946 infinita
1123 2935 1135 2954 ‚
1167 2917 1245 2956 quo
1269 2905 1470 2944 collineare
1499 2906 1609 2958 posfit
1631 2904 1771 2945 malitia
1787 2935 1800 2955 ,
1827 2907 1868 2945 in

73 2979 205 3025 graves
223 2981 368 3010 errores
392 2966 563 3007 incidunt
582 2967 605 3005 ii
624 2996 635 3013 ‚
665 2967 728 3016 qui
752 2968 788 3005 in
805 2963 913 3006 fastis
937 2971 974 3008 &
995 2966 1121 3006 verbis
1151 2963 1319 3005 diversos
1340 2965 1549 3005 scrutantur
1569 2964 1691 3006 sensus
1716 2967 1763 3004 ab
1784 2977 1833 3003 eo
1852 2993 1866 3012 ,

74 3031 276 3084 quod‘prae
291 3031 329 3073 se
343 3029 502 3078 ferunt,-
533 3036 597 3066 aut
620 3025 771 3074 sonant;
795 3026 841 3067 ,&
861 3027 1083 3126 acceptizin
1106 3023 1336 3065 deteriorem
1358 3035 1508 3078 partem
1523 3028 1682 3066 aliorum
1700 3024 1868 3122 judicii}Z

216 3109 222 3114 „
1067 3097 1094 3126 v
1124 3098 1153 3128 2

92 3224 95 3239 ³
145 3238 147 3240 ·
173 3227 380 3273 QaQ'Tac.·l.-
399 3240 436 3276 4.
456 3226 546 3266 Hist.
598 3226 658 3271 (b)
686 3222 1025 3278 Retinuitque,quod
1035 3219 1264 3273 dffcilimwz
1279 3216 1343 3271 ests
1368 3232 1416 3257 ex
1443 3213 1599 3272 apientici
1608 3211 1864 3252 modumTac.

77 3276 209 3320 invita
222 3277 343 3328 Agric.
403 3283 460 3327 (c)
541 3291 571 3315 1.
593 3281 685 3327 Reg.
713 3284 836 3320 ¹8⁴5·
