2132 3730
497 200 1474 246 SYMBOLAPOLJTJCA.
1824 210 1902 252 161

543 403 1184 471 SYMBOLUM
1227 404 1385 471 XLI.

86 1869 416 2011 CELEBRE
436 1876 509 1917 fuit
528 1877 630 1926 apud
652 1878 829 1926 antiquos
846 1876 987 1916 lemma
1001 1875 1194 1927 praesentis
1219 1875 1484 1917 Emblematis.
1544 1875 1739 1918 Nonnulli
1756 1877 1794 1917 id
1819 1877 1894 1928 Py„

233 1938 401 1989 thagorae
420 1937 614 1981 tribuunt3
645 1936 705 1973 alii
722 1934 866 1983 Bianti,
895 1934 1073 1983 Thaleti,
1105 1935 1143 1976 &
1162 1935 1363 1982 Homero,-
1396 1938 1523 1976 verius
1553 1946 1680 1977 tamen
1698 1940 1795 1976 inter
1811 1951 1894 1977 ora-

233 1998 317 2035 cula
337 1994 531 2047 Delphica
558 1992 837 2034 numerandum
859 1994 1109 2047 crediderim3
1138 2007 1266 2048 neque
1285 1997 1386 2036 enim
1411 2008 1493 2036 vox
1520 1997 1684 2036 humana
1719 1997 1892 2046 videtur,

80 2056 146 2096 sed
167 2056 317 2104 divina,
349 2054 480 2108 digna,
511 2066 594 2105 quae
611 2055 649 2093 in
665 2055 839 2102 coronis,
868 2054 1044 2106 sceptris,
1074 2055 1111 2094 δε
1135 2057 1281 2095 annulis
1305 2057 1478 2096 omnium
1508 2056 1725 2110 Principum
1749 2057 1893 2097 incida-

82 2125 157 2162 tur.
216 2115 279 2155 Ad
299 2113 403 2154 illam
423 2125 504 2154 tota
522 2113 757 2167 gubernandi
784 2114 938 2154 scientia
959 2114 1174 2164 reducitur,
1205 2128 1289 2167 quae
1313 2116 1412 2168 fugit
1431 2126 1623 2165 extrema,
1655 2117 1692 2156 &
1725 2116 1895 2158 consistit

81 2178 119 2216 in
141 2188 267 2217 rerum
289 2174 441 2224 medio,
470 2174 574 2214 unde
591 2175 752 2213 virtutes
773 2175 955 2226 sphaeram
983 2175 1086 2215 suam
1105 2174 1264 2215 ducunt.
1325 2176 1498 2226 Rogatus
1531 2176 1736 2227 aliquando
1757 2177 1894 2217 Socra-

81 2246 162 2285 tes,
193 2247 416 2287 ecquaenam
439 2236 562 2274 virtus
599 2233 766 2274 maxime
793 2234 950 2274 deceret
987 2234 1290 2285 adolescentem,
1320 2235 1539 2288 respondit:
1571 2236 1633 2276 Ne
1662 2234 1750 2290 quid
1767 2238 1894 2286 nimis,-

81 2308 162 2348 quo
180 2294 284 2336 dicto
308 2306 442 2334 omnes
463 2293 769 2346 comprehendit.
827 2295 870 2335 In
895 2295 993 2334 hanc
1021 2295 1244 2336 sententiam
1262 2295 1415 2336 videtur
1429 2293 1577 2347 optime
1598 2296 1782 2348 quadrare
1800 2295 1894 2349 figu-

82 2368 123 2394 ra
152 2356 344 2407 praesentis
371 2353 641 2403 Emblematis,
670 2353 815 2408 segetes
835 2356 1013 2395 nimirum
1037 2355 1216 2396 imbrium
1243 2354 1600 2408 intempestivorum
1625 2355 1801 2408 pondere
1829 2356 1895 2396 de-

81 2414 212 2466 press'ae
237 2416 276 2455 in
299 2424 438 2455 terram
454 2446 466 2464 ,
497 2427 586 2455 curn
618 2414 770 2467 benigni
798 2413 871 2469 (a)
898 2426 1003 2455 rores
1029 2416 1074 2455 iis
1103 2415 1326 2460 sufficerent,
1388 2415 1574 2455 Honores
1605 2416 1760 2468 quidam
1786 2416 1890 2465 sunt,

84 2475 150 2526 qui
174 2474 280 2525 quod
300 2475 411 2515 nimis
430 2474 503 2516 smt
517 2475 662 2527 magni,
690 2474 862 2527 personae
881 2486 961 2515 non
989 2477 1249 2526 conveniunt,
1279 2478 1359 2516 imo
1388 2478 1506 2528 magis
1532 2476 1736 2516 obscurant
1769 2477 1893 2525 illam,

83 2532 199 2585 quam
215 2532 406 2575 iuustrant.
466 2534 562 2575 Sunt
585 2533 624 2573 δι
640 2533 827 2575 beneficia
841 2536 965 2587 aliqua
981 2545 1058 2576 tam
1088 2545 1196 2576 extra
1226 2536 1407 2585 modum,
1438 2546 1482 2575 ut
1510 2547 1582 2588 pro
1609 2536 1740 2587 injuria
1761 2536 1895 2576 haberi

82 2593 232 2646 poffint.
294 2593 401 2646 Quid
418 2594 537 2635 refert
556 2593 770 2647 Principem
791 2595 926 2648 gratias
943 2596 1087 2648 largiri,
1115 2596 1144 2635 fi
1171 2596 1360 2649 lapidibus
1376 2598 1510 2648 pluere
1529 2595 1727 2644 videatur,
1759 2596 1811 2635 ob
1829 2608 1893 2635 au-

79 2651 222 2694 sterum
246 2655 418 2702 vultum,
450 2655 489 2695 δι
505 2655 624 2693 verba
638 2654 857 2704 incondita,
888 2655 1043 2708 quando
1062 2667 1125 2695 eas
1145 2655 1317 2708 praestat;
1349 2666 1413 2695 ant
1444 2655 1471 2694 fi
1500 2664 1607 2694 extra
1631 2665 1783 2707 tempus
1801 2667 1895 2696 con-

85 2713 270 2762 ferantur,
285 2713 441 2764 quando
459 2711 642 2766 prodesse
657 2715 881 2768 nequeunt?
911 2714 1148 2756 Beneficium
1169 2718 1291 2768 perit,
1321 2717 1358 2756 &
1387 2714 1600 2767 gratitudo,
1634 2717 1725 2767 quin
1760 2727 1895 2756 manus

81 2773 161 2826 ipsa
182 2772 275 2813 odio
292 2771 372 2822 est,
403 2786 487 2825 quae
506 2773 598 2814 illud
614 2776 787 2816 contulit.
844 2774 942 2815 Eam
969 2775 1020 2814 ob
1043 2787 1125 2816 rem
1155 2788 1235 2815 non
1263 2776 1456 2816 immerito
1482 2774 1577 2815 dixit
1601 2775 1690 2815 Rex
1718 2776 1895 2828 Alphon·

82 2833 142 2873 sus
162 2832 321 2885 Sapiens
346 2832 454 2884 quod
471 2833 610 2874 debeat
630 2833 703 2889 (b)
720 2831 780 2886 ᾖν
807 2834 860 2875 tal
882 2835 914 2876 el
941 2834 1129 2888 galardon,
1157 2850 1175 2874 e
1190 2834 1278 2876 dado
1304 2838 1328 2876 ὰ
1354 2837 1470 2887 tiempo
1484 2867 1497 2885 ,
1524 2849 1589 2889 que
1604 2833 1642 2888 se
1653 2833 1772 2888 puella
1793 2840 1894 2888 apro-

82 2893 211 2933 vechar
225 2891 296 2943 del,
325 2892 427 2946 aque!
447 2906 471 2932 a
489 2895 588 2948 quien
617 2892 644 2933 lo
663 2893 765 2935 diere.
829 2895 906 2936 Tale
924 2892 983 2948 effi’
996 2897 1179 2947 proemizmz
1189 2926 1203 2945 ,
1233 2904 1338 2951 atque
1358 2897 1411 2935 ita
1427 2897 1568 2947 tempori
1584 2894 1865 2937 accommodatum
1876 2927 1890 2945 ‚

82 2960 122 2991 ut
134 2950 300 3004 frustum
322 2951 398 2992 inde
419 2954 490 3002 ille,
521 2955 575 2993 cui
588 2957 740 2994 collatum
743 2951 864 3006 fuerat
877 2985 890 3005 ,
917 2963 1038 3007 capere
1044 2953 1156 3009 pfft„

900 3066 903 3067 ⁷
948 3014 1007 3067 ξε
1682 3012 1716 3064 §.
1744 3013 1889 3064 Quem-

92 3171 101 3178 *
179 3124 236 3169 (a)
255 3125 388 3176 ¹Magni
402 3126 518 3162 animi
534 3120 596 3172 est,
621 3136 756 3175 magna
769 3136 999 3179 contemnere,
1015 3125 1202 3180 prudentis
1216 3124 1280 3179 est,
1295 3126 1482 3164 mediocria
1495 3126 1611 3166 malle,
1635 3139 1742 3178 quam
1758 3129 1891 3166 nimia:

85 3169 262 3231 1staejm‘m
275 3176 386 3214 utilia
397 3173 486 3223 stant
501 3204 510 3218 ,
535 3174 597 3213 iffa
612 3173 940 3230 qubdsttperfluun‘t,
965 3190 1102 3216 nocent:
1118 3175 1172 3227 fic
1184 3175 1340 3231 si’gestem
1357 3179 1478 3217 nimia
1491 3178 1625 3230 sternit
1651 3175 1814 3220 ubertas,
1833 3178 1891 3229 stc

84 3224 548 3326 ἱῖῖιιῦιζνῖχξιηξηπτκν,
563 3227 617 3279 fic
631 3228 684 3267 ad
696 3232 950 3269 maturitatem
974 3245 1040 3269 non
1049 3232 1220 3285 pervenit
1233 3234 1352 3270 nimia
1370 3230 1606 3284 foecundt'tas.
1636 3232 1716 3268 sen.
1740 3230 1802 3283 Ep.
1828 3245 1886 3281 39„

127 3314 129 3316 .
250 3305 258 3316 ι
300 3308 308 3317 .
322 3301 336 3318 ι
354 3296 388 3321 «2
424 3311 432 3323 .
443 3296 479 3334 p.
494 3296 530 3321 2.
