2132 3730
504 230 954 304 ngBoLA
1011 234 1489 278 POLJTJCA.
1798 255 1876 292 ψ

85 333 168 373 guae
194 315 347 371 peritia,
377 327 591 368 eorumque
609 319 751 369 probet
766 317 983 358 industriam
1007 331 1113 358 extra
1130 321 1237 359 suum
1262 321 1441 373 Regnum
1458 323 1498 360 in
1515 321 1626 360 variis
1643 321 1797 369 officii33
1815 336 1884 373 po-

80 380 160 425 stea
181 376 274 418 verb
294 375 340 415 ad
364 378 458 415 aulae
471 376 668 416 secretaria
686 388 755 416 eos
780 388 948 427 evocet,
979 380 1044 418 ubi
1068 378 1267 419 Ministros
1295 391 1423 433 agant,
1451 381 1566 433 seque
1590 380 1811 433 perficiant,
1841 393 1883 421 ut

79 438 153 479 effe
177 436 313 488 poffint
343 435 542 475 Secretarii
572 434 722 486 Status,
753 438 990 491 aliorumque
1025 438 1303 489 Conffltomm,
1334 451 1377 480 ut
1405 439 1595 481 Custodes
1624 443 1716 482 item
1748 443 1884 491 aerarii,

79 493 350 545 Cominiffarii,
379 508 544 547 quorum
568 498 715 536 notitiae
745 497 782 537 &
811 500 1057 550 experientiae
1082 499 1288 551 plurimun]
1320 500 1526 540 conferunt
1557 501 1604 540 ad
1626 502 1728 542 bene
1747 503 1885 554 guber-

75 555 264 604 nandum,
295 555 334 594 &
359 556 602 607 expedienda
631 560 798 609 negotia.
858 561 990 610 Atque
1010 561 1061 598 ita
1077 559 1284 598 evitabitur
1304 563 1399 600 mala
1413 559 1713 603 Secretariorum
1732 561 1886 611 electio,

77 616 194 667 qualis
219 617 446 667 plerumque
469 615 489 654 a
514 615 700 657 Ministris
717 616 799 657 fieri
826 618 977 669 ass'olet,
1009 630 1143 658 eorum
1178 618 1296 670 opera
1318 621 1540 669 utentibus,
1570 634 1667 672 quos
1696 623 1773 675 jam
1798 624 1887 663 ante

75 676 295 725 habebant,
327 678 470 728 quique
492 676 683 716 ordinarie
700 678 823 719 minus
842 678 887 718 ad
905 679 943 718 id
969 691 1102 718 manus
1129 679 1213 718 sunt
1237 679 1386 729 idonei,
1417 681 1466 720 eb
1489 681 1595 732 quod
1619 694 1686 721 eos
1714 683 1795 723 fere
1821 686 1887 723 eli-

74 747 164 788 gere
186 735 350 785 soleant,
381 738 445 787 qui
468 738 676 789 elegantius
701 740 863 791 pingunt
886 739 1032 787 literas,
1063 751 1143 778 non
1155 742 1219 790 qui
1250 738 1404 779 scientia
1433 740 1619 791 praestant.
1682 743 1799 783 Unde
1830 744 1887 794 fit,

71 806 114 835 ut
141 798 228 847 plus
257 797 356 836 obsit
388 797 555 848 Principi
579 796 758 838 Minister
786 800 917 849 aliquis
944 799 1094 847 bonus,
1126 801 1190 850 qui
1222 801 1442 852 imperitum
1457 801 1574 839 habet
1603 801 1854 843 Secretarium
1873 835 1886 852 ,

74 854 186 907 quam
213 855 388 897 Minister
410 858 541 908 aliquis
556 859 701 907 malus,
732 860 794 897 cui
812 859 937 897 bonus
958 858 1013 898 est
1033 858 1278 899 Secretarius.
1340 862 1505 901 Accedit
1526 858 1616 900 illud
1634 863 1888 915 etiam,qubd

71 916 100 957 fi
127 916 359 957 Secretarius
386 918 432 956 ab
457 917 539 968 ipso
568 919 713 970 legatur
739 917 944 969 Principe,
976 918 997 957 ὲ
1026 931 1105 970 quo
1133 920 1354 960 ulteriorem
1387 921 1510 972 sperat
1537 921 1733 962 fortunam
1756 925 1888 974 majori

73 988 161 1016 cum
180 976 317 1022 studio,
377 975 542 1016 Ministri
560 977 632 1017 suis
650 975 900 1029 invigilabunt
916 979 1070 1028 officiis,
1100 981 1296 1031 magisque
1316 982 1451 1020 attenti
1475 991 1585 1021 erunt
1603 982 1651 1021 ad
1685 995 1889 1024 munerum

74 1037 228 1079 suorum
247 1039 521 1090 obligationem
536 1067 548 1086 ,
580 1038 617 1078 &
635 1039 778 1078 bonam
798 1037 1161 1078 administrationem
1191 1038 1432 1080 fortunarum
1459 1041 1655 1093 Principis.
1718 1043 1805 1084 Rex
1822 1045 1888 1083 Al·

72 1098 240 1149 phonsus
259 1097 418 1150 Sapiens
437 1099 525 1138 cum
542 1097 667 1149 probe
693 1098 821 1146 sciret,
855 1109 1040 1150 quantum
1066 1101 1104 1139 in
1137 1100 1245 1138 bono
1278 1102 1405 1152 aliquo
1436 1101 1649 1141 Secretario
1679 1101 1769 1142 esset
1788 1105 1889 1155 posi-

72 1168 177 1206 tum,
200 1158 295 1198 dixit
316 1158 519 1210 aliquando
537 1188 549 1207 ,
580 1158 658 1212 (a)
687 1172 752 1212 que
768 1157 847 1197 debe
863 1158 893 1197 el
919 1160 998 1211 Regv
1017 1156 1138 1212 (scoger
1163 1159 1216 1199 tal
1232 1173 1299 1199 ome
1309 1169 1409 1212 para
1425 1160 1489 1215 esto
1502 1191 1513 1210 ,
1545 1175 1607 1214 que
1618 1160 1680 1213 sta
1704 1163 1829 1204 delmen
1851 1165 1889 1204 la·-

69 1219 169 1272 mzje,
191 1233 209 1257 e
234 1232 295 1271 eya
315 1216 472 1269 huenseffi
491 1220 654 1258 natural:
681 1232 698 1256 e
715 1215 777 1269 fta
804 1218 877 1258 bien
903 1219 1084 1259 razanado
1095 1251 1108 1269 ,
1139 1233 1157 1259 e
1186 1219 1226 1258 de
1248 1220 1359 1260 buena
1385 1234 1528 1260 manera
1549 1221 1589 1260 de
1610 1223 1737 1262 haeum*
1753 1223 1889 1278 costum·

66 1277 146 1316 bres
159 1309 171 1326 ,
201 1293 218 1317 e
230 1275 313 1329 pra
334 1279 424 1326 leer,
455 1293 472 1317 e
502 1275 646 1328 egli-rivir-
663 1308 674 1326 ‚
707 1278 854 1317 tmnhien
877 1292 917 1318 en
939 1278 1078 1328 Latin,
1108 1292 1191 1319 como
1219 1293 1259 1319 en
1280 1281 1469 1320 Romame.
1551 1282 1658 1322 mem
1685 1284 1761 1323 haic
1778 1298 1889 1325 nume-

67 1338 102 1376 ri
134 1338 158 1376 ὰ
181 1349 258 1387 rege
267 1336 526 1389 prceficiendum
548 1367 560 1386 ‚
590 1340 651 1390 qm'
669 1336 798 1391 honesto
826 1339 888 1377 loco
909 1347 1038 1387 natus,
1067 1341 1195 1391 ingenio
1217 1353 1257 1378 ac
1271 1340 1582 1394 jzldiciostngalm·i
1595 1372 1606 1390 ,
1635 1343 1888 1397 αἶὶἱςῳῐεηαΐιμ

68 1410 121 1437 rae
138 1396 272 1436 dotibus
302 1395 492 1450 ilssmfflus
518 1427 529 1445 ,
561 1396 710 1436 moribus
722 1404 900 1447 prceterea
928 1400 1073 1449 insegris
1095 1412 1190 1451 (eque
1204 1412 1245 1436 ac
1267 1403 1409 1440 mnoenis
1426 1431 1438 1449 ,
1469 1400 1519 1445 ἐξ
1532 1400 1660 1440 demum
1673 1402 1889 1455 legendlstri-

67 1456 230 1510 hendjque
238 1459 379 1507 peritus
394 1456 444 1508 fit
458 1487 470 1505 ,
494 1455 595 1509 idque
623 1470 688 1496 non
713 1456 903 1496 vernacula
920 1453 1029 1507 fhlmn
1057 1489 1069 1506 ,
1088 1455 1154 1508 sed
1175 1457 1284 1497 latina*
1299 1461 1401 1498 esiam
1423 1458 1548 1511 linguei.
1607 1459 1706 1502 Non
1736 1464 1890 1504 videtur

68 1516 161 1556 Rex
193 1517 415 1568 Alphonsus
432 1516 554 1557 solum
570 1515 734 1556 voluiffe
758 1546 771 1566 ‚
801 1526 844 1555 ut
862 1516 1096 1558 secretarius
1117 1517 1258 1556 Latine
1276 1516 1379 1558 norit
1404 1519 1592 1571 scribere,
1622 1523 1686 1561 sed
1704 1525 1810 1574 loqui
1822 1527 1890 1564 eti-

67 1589 129 1616 am
153 1590 162 1615 :
195 1575 233 1616 id
257 1578 359 1616 enim
377 1575 549 1627 apprime
563 1575 657 1616 utile
680 1579 741 1625 ei,
771 1588 887 1627 quem
927 1589 1015 1617 cum
1041 1580 1147 1617 omni
1183 1576 1401 1618 Nationum
1426 1592 1567 1631 genere
1585 1594 1697 1634 agere
1716 1594 1890 1634 oportet.

68 1636 121 1677 Et
147 1637 224 1677 hoc
242 1637 446 1688 praesertim
482 1647 660 1688 tempore
677 1669 690 1686 ,
722 1635 926 1688 postquam
950 1636 1208 1677 Monacrchia
1231 1636 1434 1689 Hispanica
1465 1652 1534 1690 per
1564 1640 1786 1682 Provincias
1807 1674 1818 1692 ‚
1850 1645 1888 1683 ὅτ

68 1697 204 1749 Regna
232 1706 363 1736 extera
384 1697 532 1748 longius
565 1696 717 1736 dilatata
732 1696 806 1735 fuit
823 1726 834 1744 ‚
858 1695 952 1735 illud
980 1697 1095 1737 valde
1123 1695 1370 1737 necessarium
1404 1697 1459 1737 est
1487 1728 1500 1748 ‚
1531 1701 1583 1740 ob
1605 1700 1787 1754 frequens
1805 1705 1887 1744 lite—x

69 1769 196 1797 rarum
209 1756 430 1796 Latinarum
449 1758 698 1796 comercium.

246 1815 281 1867 §.
314 1816 465 1856 Verbm
496 1817 590 1855 nihil
612 1818 731 1869 magis
756 1815 947 1856 essentiale
970 1815 1224 1867 &proprium
1259 1814 1492 1867 Secretario,
1523 1817 1636 1870 quam
1664 1818 1886 1874 Secretum,

69 1875 172 1915 unde
193 1876 387 1917 &nomen
406 1878 576 1923 invenit,
607 1886 651 1916 ut
675 1888 724 1915 eo
739 1876 870 1915 audito
893 1877 1080 1914 continuo
1097 1876 1372 1927 obligationem
1390 1878 1492 1917 suam
1513 1879 1581 1918 fibi
1606 1881 1644 1918 in
1662 1886 1886 1925 memoriam

69 1936 284 1976 reduceret.
345 1936 495 1987 Lingua
515 1935 554 1974 &
573 1936 738 1974 calamus
755 1935 967 1986 periculosa
985 1934 1110 1973 cordis
1132 1935 1379 1975 instrumenta
1407 1937 1508 1985 sunt,
1541 1938 1578 1977 δε
1598 1951 1667 1990 per
1689 1943 1750 1980 illa
1781 1943 1884 1984 foras

68 1996 106 2035 se
135 1995 292 2046 prodit,
323 2007 388 2035 aut
416 1997 576 2035 levitate
600 1995 752 2046 judicii,
784 1992 1052 2043 mysteriorum
1065 1995 1289 2046 incapaces,
1321 2006 1384 2034 aut
1401 2008 1451 2035 ex
1469 1998 1569 2036 inani
1594 2000 1718 2050 aliqua
1743 2003 1884 2053 gloria,

70 2055 162 2095 dum
179 2057 355 2095 nimirum
380 2055 581 2095 Secretarii
603 2067 821 2107 magnarum
843 2065 969 2093 rerum
990 2054 1093 2104 quast
1112 2054 1329 2106 depositarii
1347 2056 1469 2095 videri
1486 2059 1664 2108 cupiant,
1696 2072 1760 2100 aut
1777 2064 1885 2103 intel-

68 2117 251 2166 ligentes,
281 2115 479 2167 loquendo
510 2115 559 2154 de
582 2113 678 2164 illis,
707 2113 963 2153 scribendove
990 2113 1037 2153 ad
1069 2126 1159 2163 eos,
1193 2116 1258 2165 qui
1286 2114 1458 2165 ,Ministri
1488 2129 1567 2157 non
1596 2119 1691 2158 sunt.
1753 2124 1885 2174 Atque

69 2175 168 2218 adeb
199 2175 399 2216 Secretarii
427 2186 586 2215 munere
612 2173 718 2226 fungi
744 2173 811 2213 iste
833 2186 912 2212 non
949 2175 1115 2224 poterit,
1147 2176 1211 2225 qui
1237 2185 1314 2213 tam
1342 2174 1537 2215 modestus
1566 2189 1646 2216 non
1671 2178 1807 2230 fuerit,
1840 2193 1883 2223 ut

68 2237 199 2277 audire
218 2236 349 2287 potius
375 2237 503 2285 malit,
534 2234 647 2285 quam
676 2235 805 2286 loqui,
837 2233 1002 2272 eundem
1024 2234 1171 2285 semper
1194 2237 1344 2273 vultum
1381 2248 1458 2286 prae
1485 2237 1520 2275 se
1554 2236 1741 2289 ferendo,
1772 2242 1884 2294 fiqui-

70 2295 160 2336 dem
178 2296 215 2336 &
239 2298 278 2336 in
297 2297 375 2337 hoc
387 2297 461 2349 legi
493 2293 640 2348 potest,
674 2294 780 2346 quod
797 2306 895 2333 curae
913 2294 1011 2332 illius
1031 2293 1068 2333 ἃ.
1088 2294 1328 2346 expeditioni
1346 2295 1584 2336 commiffum
1602 2297 1728 2340 fuerit.

537 2471 1176 2542 SYMBOLUM
1219 2473 1405 2542 LVII.

216 2624 488 2669 OROLOGlI
514 2629 648 2669 rotulae
672 2638 780 2668 tanto
803 2635 959 2675 tamque
980 2622 1138 2662 occulto
1158 2624 1372 2662 volvuntur
1401 2621 1574 2671 silentio,
1602 2632 1646 2663 ut
1677 2635 1751 2666 nec
1775 2626 1880 2668 vide-

247 2700 285 2726 as
308 2700 393 2738 eaS,
422 2703 495 2731 nec
520 2689 667 2737 audias3
699 2689 736 2729 &
763 2690 854 2728 licet
882 2684 928 2723 ab
962 2683 1098 2723 iisdem
1125 2692 1251 2722 totum
1283 2681 1451 2733 pendeat
1478 2683 1705 2734 artificium,
1737 2687 1803 2728 sibi
1831 2700 1884 2728 ta-

247 2760 337 2787 men
359 2749 437 2789 hoc
459 2748 616 2793 minime
645 2750 878 2794 attribuunt,
908 2742 972 2784 sed
1006 2753 1155 2783 motum
1183 2742 1289 2781 suum
1322 2744 1619 2783 accommodant
1646 2745 1784 2796 indici,
1816 2752 1881 2801 qui

67 2810 169 2851 solus
185 2809 298 2848 horas
321 2808 510 2864 distinguit
533 2842 545 2859 ‚
576 2810 769 2851 &indicat
792 2838 804 2858 ‚
835 2803 990 2856 seseque
1015 2802 1140 2856 palam
1163 2803 1342 2842 omnibus
1365 2800 1529 2843 ostentat
1553 2804 1710 2846 dimensi
1732 2816 1883 2861 tempo·

69 2871 119 2910 ris
147 2869 344 2909 au&0rem
365 2869 403 2910 ὃς
426 2873 606 2925 regulam.
682 2871 783 2910 Talis
809 2867 1018 2910 concordia
1039 2873 1170 2904 mutua
1190 2891 1203 2912 ‚
1234 2863 1272 2902 &
1288 2862 1485 2902 consensio
1509 2864 1554 2904 fit
1581 2876 1739 2917 oportet
1783 2870 1882 2909 inter

69 2930 289 2982 Principem
314 2931 434 2971 &eos
452 2962 464 2980 ,
496 2933 561 2983 qui
587 2929 656 2983 ipfi
683 2930 704 2970 ὲ
735 2931 898 2971 consiliis
916 2930 1011 2970 sunt.
1074 2922 1168 2963 Istos
1189 2923 1384 2971 adhibere,
1400 2924 1564 2974 Peffltile
1592 2925 1671 2967 est:
1700 2941 1786 2968 nam
1805 2929 1879 2982 <ut

70 2991 176 3032 recte
200 2992 295 3031 dixit
313 2994 401 3032 Rex
420 2991 640 3043 Alphonsus
656 2991 813 3043 Sapiens
828 2990 853 3045 )
915 2990 990 3042 (h)
1020 2985 1050 3025 el
1064 2983 1302 3036 Emperador,
1328 2995 1354 3036 y
1369 2983 1400 3023 el
1414 2983 1494 3037 Rey
1509 2986 1758 3039 manguerſs‘mz
1769 3002 1878 3040 gran-

68 3050 127 3092 des
166 3053 306 3094 Seffores
328 3086 339 3104 ,
374 3066 438 3092 non
466 3052 573 3106 puede
594 3049 709 3102 fazet·
722 3048 807 3090 cada
838 3064 901 3091 zmo
934 3048 1030 3090 dellos
1069 3059 1143 3085 mas
1160 3075 1171 3093 ‚
1203 3059 1267 3099 que
1290 3056 1337 3085 zm
1363 3043 1461 3084 Ome.
1509 3046 1613 3087 Licet
1623 3056 1814 3102 permagna
1828 3049 1878 3102 fit

72 3112 226 3166 Regum,
257 3114 571 3168 Insperatormnque
591 3111 765 3166 potcstcn,
783 3110 912 3164 finguli
938 3119 1049 3151 tamen
1075 3109 1203 3148 illorum
1216 3107 1300 3160 plus
1327 3112 1457 3157 operte,
1486 3121 1588 3162 quam
1610 3106 1748 3149 hominis
1777 3112 1878 3150 unius

933 3171 962 3212 P
984 3183 1010 3223 p
1029 3182 1055 3222 p
1781 3173 1881 3210 vires

1621 3272 1878 3286 ——n--q

171 3313 228 3359 (a)
252 3314 293 3352 L.
315 3329 352 3364 4.
369 3326 412 3353 tt.
430 3328 468 3362 9.
486 3330 524 3367 p.
543 3328 595 3365 2..-
621 3315 682 3364 (b)
709 3314 749 3358 L,
765 3325 822 3353 12.
840 3324 923 3354 tt-t.
941 3326 1022 3365 μέ..
