2132 3730
189 296 276 346 406
618 287 969 332 DIDACI
1020 287 1558 349 SAAVED·RAE.

194 351 701 366 —-.-.-...-.--—-

188 376 386 419 affectibus
406 372 539 413 nostris
555 372 592 412 &
609 372 837 424 pastionibus
852 372 955 413 casus
975 374 1103 413 locum
1123 386 1201 416 non
1228 377 1358 417 habet.
1417 375 1547 417 Decet
1563 377 1674 428 igitur
1688 406 1700 424 ,
1729 384 1772 414 ut
1799 371 1889 426 post
1912 372 1984 412 ob·

188 446 329 476 tentam
354 433 403 472 de
427 430 536 472 hoste
550 429 771 482 visionem,
800 432 994 484 supremus
1018 434 1158 473 militiae
1182 433 1279 475 Dux
1302 437 1339 475 in
1360 435 1600 488 semetipsum
1622 435 1796 487 protinus
1826 432 1980 472 descen*

188 496 274 544 dat,
303 505 346 533 ac
369 491 578 544 prudenter
598 490 829 543 fortiterque
857 501 1066 544 componat
1092 493 1327 533 suorummet
1348 494 1555 537 affectuum
1575 496 1708 535 civiles
1725 502 1874 533 motus.-
1901 492 1985 530 abs-

188 565 262 606 que
284 553 363 592 hoc
387 552 487 591 enim
508 551 702 603 triumpho
727 562 778 590 ne
799 551 875 603 ipsa
893 551 1046 604 quidem
1063 551 1112 592 de
1133 551 1241 592 hoste
1259 552 1421 593 victoria
1448 555 1531 595 satis
1555 555 1684 595 secura
1711 552 1825 593 foret.
1920 550 1984 592 Ad

186 612 262 665 ipsa
279 611 396 664 spolia
413 610 451 650 δι
468 610 639 662 trophaea
656 610 788 661 majori
813 622 900 651 cum
916 611 1172 653 sollicitudine
1183 614 1336 665 vigilet:
1363 624 1451 653 nam
1467 623 1592 654 metus
1612 616 1650 655 in
1665 613 1837 667 periculo
1857 609 1984 651 eusto-

185 672 265 711 dias
287 670 546 722 excubiasque
565 670 755 721 duplicat;
785 670 960 721 quivero
977 682 1084 711 extra
1104 672 1194 711 illud
1219 673 1357 711 versati
1384 672 1421 713 se
1443 670 1649 719 existimat,
1680 674 1814 713 somno
1838 671 1877 711 se
1896 670 1985 711 datt

187 730 261 784 (a)
290 727 397 783 Jqfise
406 742 469 769 non
484 730 656 769 contraxit
668 741 802 769 manum
821 757 836 778 ,
865 743 968 784 quam
982 728 1154 782 inficblime
1163 737 1396 785 porrexerat,
1423 739 1539 772 tenens
1556 731 1723 784 clypeum,
1752 732 1850 771 donec
1877 732 1985 770 inter-

182 787 369 839 ficerentur
395 801 503 828 omnes
532 787 744 829 habitatores
772 789 867 831 Haf.
938 789 1059 831 Nulla
1083 789 1138 831 est
1168 791 1344 831 securitas
1376 792 1554 843 proelium
1580 791 1679 831 inter
1703 789 1740 830 &
1767 789 1983 830 victoriam.

184 849 414 902 Desperatio
442 848 559 886 multa
595 846 724 888 audet.
785 846 1009 890 Viliffimu‘n
1037 851 1153 892 etiam
1176 851 1342 900 animal,
1371 850 1401 891 fi
1428 848 1619 900 vexetur,
1647 858 1783 890 contra
1815 848 1980 899 insurgit.

184 910 348 948 Alberto
372 906 576 948 Archiduci
605 918 695 946 caro
716 905 819 947 stetit
840 908 888 948 ad
907 908 1160 962 Neoportum
1178 911 1423 962 experientia,
1481 908 1739 951 Periculosum
1763 905 1840 948 effe
1861 906 1985 958 aJebat

184 970 360 1008 Abnerus
377 966 425 1005 ad
433 963 622 1018 Joabum,
649 967 806 1008 nimium
815 966 920 1008 ferro
932 970 972 1010 in
981 967 1128 1010 hostem
1144 969 1171 1023 ζ
1181 969 1233 1023 b)
1264 969 1457 1011 desaevire.
1515 967 1712 1022 Ingeniosa
1727 976 1910 1020 praeterea
1929 965 1983 1005 est

186 1029 262 1081 ipsa
278 1028 489 1075 calamitas,
518 1024 617 1066 adeo
635 1036 677 1066 ut
697 1023 742 1066 ea
762 1026 905 1079 press'us
930 1028 1048 1069 hostis
1065 1029 1268 1070 occasione
1296 1030 1356 1070 uti
1375 1029 1518 1080 soleat,
1549 1028 1588 1070 &
1610 1029 1649 1069 in
1670 1039 1751 1069 uno
1776 1027 1877 1079 saepe
1902 1038 1985 1065 mo-

185 1097 318 1128 mento
340 1084 464 1125 amiss’a
489 1093 717 1137 recuperet,
746 1087 818 1126 hac
840 1087 919 1139 ipsa
942 1089 1006 1128 sua
1026 1089 1275 1129 inconstantia
1295 1087 1503 1129 Fortunam
1531 1087 1730 1129 deludens.
1790 1085 1890 1126 Cum
1908 1097 1986 1124 rna-

185 1149 290 1188 xime
305 1144 497 1197 splendet,
528 1146 649 1184 vitrea
672 1143 727 1184 est
748 1148 933 1196 maxime,
964 1147 1002 1188 &
1024 1149 1191 1188 citiffime
1217 1148 1411 1201 frangitur.
1473 1148 1570 1189 Eam
1594 1149 1647 1188 ob
1671 1159 1752 1188 rem
1772 1147 1862 1185 belli
1887 1143 1988 1185 Dux

186 1205 356 1247 victoriis
379 1204 505 1244 efferri
528 1216 608 1243 non
633 1204 769 1254 debet,
801 1218 875 1246 nec
906 1206 1119 1249 existimare
1146 1207 1228 1248 fieri
1251 1221 1330 1248 non
1355 1206 1485 1261 poffe,
1515 1217 1559 1249 ut
1585 1206 1693 1248 victo
1708 1207 1831 1247 rursus
1850 1206 1889 1245 in
1911 1213 1990 1244 tro-

185 1267 339 1320 phaeum
371 1263 495 1304 cedat.
554 1263 733 1305 Eundem
766 1265 916 1319 semper
947 1267 1074 1308 casum
1107 1280 1185 1320 prae
1226 1269 1347 1308 oculis
1380 1268 1548 1319 habeat,
1577 1264 1879 1320 contemplando
1907 1275 1989 1304 uno

186 1325 406 1377 eodemque
423 1332 600 1374 tempore
619 1324 686 1364 sub
711 1336 958 1367 aerumnarum
980 1329 1086 1379 aquis
1104 1328 1310 1369 demersam
1330 1329 1519 1381 palmam,
1548 1340 1663 1380 quam
1690 1320 1989 1378 triumphantem

186 1385 349 1431 sustulit3
380 1382 482 1424 haud
504 1384 609 1423 secus
630 1393 746 1435 atque
767 1386 806 1425 in
834 1388 959 1437 palma
986 1388 1179 1439 praesentis
1203 1387 1379 1437 Symboli
1400 1388 1535 1427 videre
1560 1389 1676 1436 licet,
1705 1386 1813 1437 cujus
1830 1384 1990 1424 adveria

186 1447 330 1498 species
344 1443 464 1482 oculis
481 1442 650 1493 subjicit,
678 1443 728 1482 ad
745 1455 859 1493 quem
875 1443 1012 1485 statum
1022 1448 1118 1485 illius
1136 1458 1321 1498 pompam
1340 1455 1547 1486 ventorum
1565 1448 1624 1489 vis
1645 1455 1710 1486 aut
1729 1444 1914 1497 temporis
1933 1444 1989 1482 in-

181 1505 278 1557 juria
293 1503 402 1556 poffit
416 1500 613 1545 reducere.
674 1501 844 1542 Prudens
861 1502 988 1542 isthaec
1005 1504 1259 1544 consideratio
1276 1506 1315 1542 in
1341 1505 1450 1542 causa
1473 1504 1570 1552 fuit,
1601 1516 1669 1545 cur
1692 1502 1850 1556 sponsus
1875 1502 1988 1555 spon·

184 1567 230 1605 sae
257 1564 328 1602 suae
346 1562 483 1600 oculos
505 1571 684 1610 aquarum
698 1561 829 1598 rivulis
850 1560 924 1613 (c)
953 1572 1171 1613 comparet:
1200 1563 1240 1602 in
1259 1563 1330 1601 illis
1356 1563 1457 1602 enim
1485 1561 1699 1614 agnoscitur
1721 1562 1759 1603 &
1786 1563 1990 1614 componi-

186 1633 247 1663 tur
276 1622 422 1660 animus
459 1629 532 1670 pro
557 1617 724 1658 adversis
746 1618 908 1664 cafibus.
966 1619 1102 1674 Ingens
1123 1622 1252 1673 gloriae
1285 1619 1404 1662 hostis
1425 1623 1655 1674 prosperitas
1682 1621 1759 1672 est,
1789 1620 1988 1662 confiden-

184 1684 236 1723 tia
252 1681 397 1733 quippe
412 1679 593 1718 virtutem
615 1676 817 1718 socordem
833 1691 879 1718 ac
900 1681 1155 1734 negligentem
1182 1681 1316 1731 efficit,
1347 1679 1386 1722 δε
1412 1681 1588 1734 superbia
1613 1682 1826 1735 periculum
1846 1718 1848 1720 .
1868 1681 1989 1734 despi—

185 1743 249 1783 cit.
307 1738 384 1793 (h)
404 1737 552 1777 Acriore
569 1735 663 1777 hodie
678 1734 847 1790 dzfiz'pIina
859 1740 970 1788 vicii,
1000 1754 1104 1794 quam
1123 1741 1277 1782 virtores
1291 1748 1421 1794 agunt.-
1447 1742 1508 1784 hos
1520 1743 1598 1792 ira,
1618 1739 1746 1792 odium,
1775 1742 1914 1782 ultionis
1930 1755 1988 1781 cu—

176 1800 309 1855 piditas
323 1797 375 1839 ad
386 1798 556 1838 ‘tn‘rtmem
576 1796 744 1837 accendit.-
772 1799 820 1839 illi
846 1807 912 1850 per
925 1796 1113 1853 fastidium
1135 1799 1186 1846 &³
1216 1803 1459 1843 cmztumaciam
1489 1798 1674 1851 bebelium.
1732 1802 1843 1842 Parta
1872 1801 1988 1841 semel

184 1860 346 1902 viiitoria
364 1856 472 1897 victo
498 1857 596 1908 saepe
616 1855 824 1906 felicitatis,
853 1858 992 1900 victori
1014 1869 1147 1901 contra
1166 1860 1365 1903 infortunii
1383 1860 1480 1902 solet
1508 1860 1584 1903 esse
1606 1863 1855 1915 principiumz
1884 1862 1988 1902 hunc

186 1923 285 1961 enim
302 1918 457 1959 fortuna
480 1916 660 1969 prospera
675 1928 864 1967 excaecat,
895 1919 957 1958 ille
973 1919 1167 1962 adversam
1186 1921 1392 1962 emendare
1417 1921 1560 1975 satagit.
1622 1921 1745 1976 Quod
1777 1933 1879 1962 arma
1914 1920 1987 1961 fio-

186 1982 306 2022 rentia
329 1979 487 2017 vincere
514 1977 793 2028 nequiverunt,
822 1976 1006 2029 prostrata
1039 1981 1230 2021 interdum
1267 1981 1475 2031 obtinent,
1504 1981 1544 2022 δε
1577 1980 1737 2035 dispersa
1771 1981 1862 2022 hinc
1896 1980 1987 2020 inde

187 2041 323 2092 spolia,
353 2037 410 2075 his
434 2037 534 2074 enim
555 2036 714 2074 militum
742 2034 851 2076 alitur
873 2037 1080 2094 cupiditas,
1111 2040 1190 2080 fine
1224 2040 1435 2092 disciplina,
1464 2040 1544 2082 fine
1573 2042 1729 2085 ordine:
1758 2042 1813 2080 uti
1841 2040 1987 2089 Sarma·

187 2101 234 2140 tis
260 2096 414 2142 accidit,
445 2094 513 2148 (e)
543 2097 603 2147 qui
624 2094 777 2145 cupidine
799 2097 927 2146 prada:
945 2111 1080 2150 graves
1119 2112 1218 2139 onere
1230 2096 1471 2149 firmum-um,
1499 2100 1598 2142 velut
1624 2102 1739 2142 vinfi‘i
1754 2098 1984 2141 caedehantnr.

188 2158 228 2199 in
251 2157 287 2197 T
289 2153 424 2196 arrenfi
446 2155 579 2206 proelio
595 2153 777 2193 adversus
793 2155 941 2208 Regem
957 2155 1123 2197 Franciae
1148 2159 1327 2199 Car-olum
1350 2159 1546 2200 octavum
1570 2159 1797 2208 infeliciter,
1828 2169 1893 2199 aut
1923 2171 1987 2198 an·

187 2219 291 2270 cipiti
307 2215 434 2255 saltem
454 2212 585 2253 Marte
597 2223 808 2265 pugnatum
830 2213 922 2264 fuit,
951 2227 1002 2256 eo
1030 2218 1136 2270 quod
1162 2220 1300 2258 milites
1322 2219 1402 2258 Itali
1433 2218 1564 2269 citius,
1593 2232 1638 2260 ac
1671 2221 1907 2272 oportebat,
1938 2218 1987 2257 ad

187 2276 458 2332 impedimenta
475 2272 684 2324 diripienda
706 2273 783 2313 sese
798 2274 1017 2316 effuderint.
1073 2276 1291 2330 Eapropter
1318 2277 1432 2329 Judas
1457 2278 1708 2320 Machabaeus
1735 2280 1875 2319 milites
1900 2279 1988 2318 suos

186 2339 360 2378 hortatus
387 2332 463 2382 est,
491 2342 534 2372 ut
549 2344 666 2373 nemo
688 2335 888 2386 quisquam
920 2334 1048 2377 donec
1071 2337 1294 2381 confectum
1319 2337 1411 2378 ess'et
1437 2338 1614 2391 proelium
1630 2368 1644 2389 ,
1672 2335 1837 2379 hostium
1867 2337 1985 2390 spolia

187 2394 273 2452 (f)
302 2402 487 2445 tangeret.

337 2452 523 2493 Victoriae
544 2452 660 2503 pluris
677 2449 697 2490 a
716 2454 987 2505 progressibus,
1016 2456 1081 2506 qui
1098 2455 1186 2495 inde
1203 2456 1336 2506 sperari
1354 2453 1507 2507 poffunt
1520 2484 1531 2503 ,
1561 2453 1675 2507 quam
1704 2452 1726 2494 a
1748 2453 1875 2507 seipfis
1890 2454 1984 2494 aesti-

185 2514 332 2556 mandae
347 2512 451 2560 sunt,
480 2521 595 2561 atque
619 2511 719 2550 adeo
736 2514 916 2552 excolere
931 2524 995 2552 eas
1013 2524 1192 2565 oportet,
1222 2524 1265 2553 ut
1281 2524 1389 2554 tanto
1405 2516 1622 2555 uberiorem
1651 2511 1820 2555 frustum
1849 2513 1981 2566 profe—

186 2585 282 2620 rant,
340 2572 511 2622 Tempus
531 2570 568 2610 ἃ
590 2581 734 2609 moram
759 2572 995 2623 concedere,
1022 2573 1123 2613 aliud
1139 2575 1229 2613 nihil
1247 2572 1320 2622 est,
1349 2573 1462 2627 quam
1480 2586 1624 2616 armare
1639 2573 1787 2615 hostem
1801 2604 1812 2622 ‚
1842 2573 1881 2614 δε
1903 2572 1982 2613 fru-

188 2635 252 2675 ctu
276 2635 352 2686 jam
376 2629 542 2671 conecto
568 2639 794 2671 contentum
815 2633 975 2680 vivere;
1005 2635 1116 2673 armis
1143 2635 1182 2674 in
1212 2632 1403 2676 sterilitate
1426 2633 1578 2679 relictis.
1637 2632 1767 2685 AEque
1791 2632 1905 2673 facile
1927 2631 1983 2673 est

185 2695 377 2735 fortunam
403 2689 649 2742 assurgentem
682 2691 779 2738 labi,
808 2703 852 2732 ac
871 2691 1021 2733 difficile
1039 2694 1176 2746 lapsam
1205 2693 1348 2734 rursum
1376 2696 1532 2747 erigere.
1593 2693 1658 2733 Ob
1689 2696 1792 2735 hanc
1829 2694 1982 2733 casuum

186 2752 490 2795 incertitudinem
516 2751 642 2788 multis
670 2753 897 2803 argumentis
926 2751 1080 2792 Senatui
1115 2753 1339 2804 persuadere
1371 2767 1531 2795 conatus
1558 2753 1612 2793 est
1642 2752 1841 2798 Tiberius,
1871 2754 1977 2792 nullo

186 2813 308 2854 modo
332 2809 535 2862 expedire3
566 2817 607 2848 ut
625 2810 791 2850 honores
809 2811 860 2850 ob
880 2810 1058 2851 victorias
1073 2814 1111 2852 in
1139 2812 1343 2852 Germania
1372 2816 1550 2855 obtentas
1578 2813 1810 2853 Germanico
1835 2813 1978 2856 decreti

186 2872 406 2914 executioni
437 2867 507 2922 (g)
538 2869 727 2913 darentur.
1608 2900 1611 2903 ,

360 2928 508 2968 Verum
529 2929 674 2968 tametsi
691 2930 856 2982 perutile
882 2929 926 2969 fit
943 2928 1122 2970 victorias
1137 2931 1330 2983 prosequi,
1363 2931 1476 2971 ardor
1488 2939 1615 2972 tamen
1634 2930 1695 2970 ille
1718 2941 1794 2971 tam
1812 2930 1976 2978 securus,

188 3043 1977 3062 mmmm-*Q

281 3091 343 3134 (a)
369 3087 436 3136 Jofi
457 3094 492 3129 8.
511 3089 570 3124 26.
620 3089 686 3135 (b)
711 3091 807 3124 Num
825 3100 931 3138 usque
957 3086 1010 3124 ad
1019 3086 1284 3123 internecionem
1308 3095 1390 3121 tuus
1410 3098 1526 3121 mucro
1549 3081 1730 3130 desiviet?
1753 3098 1802 3121 an
1820 3086 1975 3136 ignoras,

184 3139 276 3177 ausd
286 3139 469 3186 periculofh
486 3137 531 3183 lit
542 3135 726 3190 desperatio
734 3141 753 3176 ?
763 3154 781 3176 2
790 3170 795 3174 .
804 3142 894 3190 Reg.
910 3154 940 3176 2.
951 3145 1010 3177 26.
1019 3139 1082 3187 (c)
1093 3136 1193 3174 Oculi
1206 3135 1373 3186 ejusficut
1381 3134 1532 3173 columba
1538 3135 1641 3188 staper
1647 3135 1780 3173 rivulos
1785 3150 1974 3188 aquas-um.

187 3185 294 3229 ⁴Cant.
311 3204 342 3238 5.
363 3203 419 3229 12.
446 3193 508 3239 (d)
535 3192 620 3227 Tac.
636 3190 697 3226 lib.
720 3205 756 3228 2.
774 3191 863 3229 Hist.
888 3198 905 3237 (
908 3191 952 3240 e)
977 3192 1063 3228 Tac.
1072 3189 1133 3226 lib.
1148 3203 1179 3226 2.
1194 3188 1284 3226 Hist.
1313 3189 1373 3237 (f)
1398 3189 1464 3225 Sed
1463 3187 1565 3240 state
1575 3202 1665 3224 nunc
1680 3197 1801 3224 coutm
1822 3190 1978 3228 inimicos

184 3244 328 3295 nistros,
353 3242 400 3287 ό·
418 3254 618 3296 expugnate
629 3256 680 3279 eos
693 3240 740 3285 ἀ·
756 3243 898 3288 fiemetis
906 3241 1022 3296 posted
1032 3239 1265 3294 spoliafi’curi.
1293 3242 1411 3279 Maeli.
1433 3257 1461 3278 ι.
1493 3250 1547 3282 13.
1575 3290 1580 3293 .
1598 3242 1662 3288 (g)
1690 3241 1822 3278 Cunc‘Ja
1841 3253 1974 3280 morta·

185 3296 272 3332 lium
284 3298 420 3333 incerta
432 3324 441 3337 ,
464 3306 658 3349 quantoque
671 3305 752 3347 ptus
772 3295 1042 3347 m'eptusshret,
1067 3303 1170 3330 tanto
1174 3292 1215 3341 fi>
1223 3297 1341 3345 magi}
1356 3298 1394 3329 ‚in
1416 3291 1542 3328 lubrico
1554 3291 1706 3327 diHans.
1733 3293 1849 3330 Tacit.
1860 3293 1975 3336 lib-⁷2.

187 3348 315 3386 Annal.
