2132 3730
227 254 317 290 '122
681 231 1023 277 DIDACI
1089 230 1627 274 SAAVEDRAE

498 295 2035 311 κ--ρ-ῄ--Ἢ--ῄ

230 333 332 374 mnia
347 325 578 380 dependent.
643 319 753 357 Plura
778 328 892 369 regna
911 328 980 368 per
998 312 1262 354 Ministrorum
1277 316 1526 366 ignorantiam
1544 315 1690 367 pess‘um
1708 314 1800 367 iere,
1815 316 1929 369 quarn
1938 317 2041 359 Prin-

230 395 372 445 cipum.
432 386 473 424 In
490 383 588 421 hanc
607 378 736 429 itaque
761 388 888 416 curam
910 374 1106 415 incumbat
1133 373 1265 414 sedulo
1286 374 1476 414 Serenitas
1499 373 1660 425 Vestra,
1677 380 1869 418 examinet
1883 377 2041 430 diligen-

227 463 285 492 ter
303 481 315 500 ‚
348 447 483 499 quibus
505 448 650 480 naturae
669 437 781 477 bonis
804 435 972 477 instruffti
986 434 1057 474 smt
1076 432 1236 483 subditi,
1250 434 1287 474 &
1304 433 1506 488 postquam
1520 436 1563 474 iis
1573 446 1730 477 munera
1747 438 1922 490 quaedam
1935 450 2043 479 corn·

227 511 393 554 miserit,
425 498 636 542 identidem
652 497 702 537 ad
726 495 895 537 aftiones
914 493 1127 536 eorundem
1151 494 1237 535 suos
1254 493 1427 535 reflectat
1441 496 1599 545 oculos,
1621 507 1749 549 neque
1769 497 1973 539 confestim
1983 510 2047 538 ca-

230 573 272 624 pi
289 577 352 608 aut
369 561 524 605 inescari
547 559 584 600 se
602 558 696 598 finat
714 569 758 598 ea
777 556 1035 597 delineatione
1052 585 1065 605 ,
1097 565 1210 606 quarn
1232 554 1303 606 ipsi
1326 554 1376 595 de
1407 557 1546 595 curatis
1565 553 1586 594 a
1615 556 1653 596 se
1670 560 1834 611 negotiis
1854 561 2047 599 transmit·
2103 585 2107 590 ,

234 638 337 670 tunt:
368 621 553 677 perpauci
566 620 668 660 enim
687 619 771 658 sunt
795 616 975 666 Ministri‚
984 617 1049 668 qui
1066 615 1104 654 se
1121 615 1222 666 ipsos
1231 613 1279 653 ad
1296 616 1433 655 vivum
1450 617 1489 656 in
1509 617 1553 655 iis
1571 615 1800 671 depingant:
1818 619 1856 659 δε
1874 621 1958 672 quis
1969 627 2050 659 tam

225 685 411 729 candidus
441 682 538 731 erit,
569 689 634 720 aut
650 680 697 719 ab
723 689 854 718 amore
875 678 1035 729 proprio
1057 676 1202 714 alienus
1225 704 1238 723 ‚
1270 677 1335 726 qui
1361 675 1465 716 illico
1488 675 1677 726 fateatur,
1710 677 1803 729 quid
1823 689 1888 718 aut
1902 679 2048 729 facere,

226 758 291 788 aut
314 752 547 799 praevertere
564 737 669 781 forte
694 737 972 791 praetermiserit
986 767 997 785 ,
1027 737 1191 775 multum
1211 735 1282 774 erit
1299 764 1312 784 ‚
1342 734 1371 774 fi
1388 735 1481 776 illud
1501 734 1648 777 smeere
1668 736 1811 777 referat
1825 768 1838 788 ,
1869 738 1977 790 quod
1990 749 2050 777 re-

230 808 308 861 ipsa
324 806 418 847 fecit
444 818 453 843 :
483 802 567 842 sunt
588 802 712 849 enim,
742 800 807 850 qui
825 797 1057 850 perscribant
1069 795 1117 835 ad
1144 795 1361 847 Principem
1381 824 1395 844 ,
1417 807 1498 836 non
1528 808 1614 848 quae
1632 795 1822 848 fecerint,
1853 807 1919 837 aut
1940 797 2051 837 dixe-

227 871 303 909 rint
326 881 339 914 ,3
370 864 433 906 sed
453 875 537 915 quae
573 860 701 900 facere
719 889 732 907 ,
764 868 829 897 aut
847 857 975 897 dicere
995 854 1218 896 debuissent.
1284 853 1427 894 Omnia
1450 866 1582 896 mente
1608 856 1646 896 δε
1677 859 1806 898 animo
1826 869 2052 910 praeconce·

225 936 366 983 perunt
380 956 392 976 ,
426 923 554 963 omnia
574 915 815 971 designarunt
837 916 951 966 ante,
983 915 1263 969 praeviderunt,
1293 913 1413 955 immo
1429 913 1467 954 &
1484 918 1640 955 executi
1661 917 1760 962 sunt.
1819 917 1970 958 Mirum
1993 916 2050 957 di-

230 989 318 1029 &tui
350 985 505 1038 negotia
524 983 563 1021 in
583 991 719 1020 eorum
741 978 950 1017 subintrant
972 978 1116 1017 secreta
1135 976 1336 1016 conclavia
1359 975 1469 1015 velut
1481 971 1667 1016 informes
1682 978 1836 1028 trunci,
1867 978 1934 1018 sed
1950 988 2049 1019 mox

227 1049 318 1090 inde
335 1045 530 1098 prodeunt
546 1043 686 1080 iterum
707 1051 720 1087 3
751 1048 930 1090 tanquam
959 1035 981 1076 ὲ
1000 1035 1177 1077 fitiorum
1199 1036 1370 1084 officina,
1401 1032 1496 1074 scite
1510 1034 1548 1074 &
1568 1034 1712 1077 affabre
1733 1038 1942 1084 elaborata.
2003 1037 2052 1077 Il-

227 1112 276 1150 lic
311 1107 497 1151 vei-nice,
530 1113 650 1147 auro,
681 1099 875 1138 coloribus
896 1096 1121 1145 illinuntur,
1150 1104 1193 1136 ut
1227 1094 1448 1135 venustiora
1482 1104 1694 1147 appareant
1714 1126 1728 1145 ‚
1758 1096 1796 1136 δε
1819 1097 2051 1137 aestimentur

229 1171 275 1209 ab
291 1169 388 1210 aliis.
451 1162 531 1202 Illic
547 1160 687 1212 judicia
703 1158 943 1206 formantur,
970 1157 1008 1197 &
1031 1157 1141 1196 variae
1169 1156 1438 1208 excogitantur
1459 1157 1748 1207 praeventiones
1768 1186 1780 1205 ,
1811 1158 1928 1197 etiam
1961 1155 2054 1209 post

227 1226 412 1269 transa&a
431 1224 506 1275 jam
529 1221 696 1274 negotia.
788 1218 866 1258 Illic
891 1216 947 1257 isti
967 1217 1210 1269 potentiores
1237 1215 1320 1267 ipso
1342 1214 1436 1255 Deo
1461 1224 1616 1267 tempus
1645 1217 1882 1268 praeteritum
1901 1215 2051 1257 faciunt

226 1288 306 1339 ,effe
330 1285 516 1339 praesens,
536 1282 573 1322 &
594 1278 727 1320 contra
750 1277 912 1331 praesens
947 1277 1182 1330 praeteritum
1211 1274 1548 1315 accommodando
1566 1277 1606 1315 in
1624 1277 1742 1316 literis
1763 1276 1895 1317 datum
1921 1287 2052 1317 rerum

230 1349 252 1389 a
277 1349 312 1388 se
332 1345 517 1400 gestarum
534 1374 546 1391 ‚
576 1350 693 1393 prout
715 1341 832 1392 magis
860 1337 1112 1378 commodum
1135 1335 1204 1375 fibi
1224 1335 1347 1374 visum
1367 1334 1497 1379 fuerit.
1558 1334 1846 1385 Ministrisunt,
1866 1337 1932 1387 qui
1956 1337 2051 1375 ima-

229 1409 423 1464 ginatione
445 1404 522 1443 sola
539 1410 671 1441 curant
683 1399 864 1452 negotia,
896 1398 984 1437 vani
1005 1395 1209 1436 sacratores
1227 1394 1499 1446 applausuum‚
1531 1393 1569 1433 δε
1582 1396 1831 1446 proemiorum
1853 1394 1953 1435 fallis
1967 1396 2052 1435 lite-

229 1472 280 1511 ris
298 1466 555 1521 quaesitorum.
617 1459 735 1499 Unde
756 1458 954 1511 graviffimi
974 1456 1178 1496 nascuntur
1199 1465 1347 1493 errores
1361 1484 1373 1503 ,
1404 1453 1442 1493 &
1462 1454 1740 1501 incommoda3
1771 1467 1860 1495 nam
1877 1455 2052 1495 consilia-

231 1531 300 1578 rii,
331 1528 396 1579 qui
425 1521 585 1563 affistunt
603 1519 770 1570 Principi
790 1549 801 1566 ,
831 1516 1042 1557 secundum
1069 1513 1335 1554 instructiones
1357 1514 1437 1553 illas
1466 1512 1505 1552 &
1523 1514 1679 1554 notitias
1713 1515 1778 1554 sua
1798 1514 2051 1557 moderantur

230 1588 386 1630 consilia
401 1615 414 1635 ,
445 1580 561 1623 &sia
576 1591 673 1619 vero
694 1578 768 1617 illae
796 1577 1055 1617 aberraverint
1081 1604 1093 1622 ,
1125 1586 1286 1614 erronea
1309 1585 1467 1625 quoque
1485 1583 1597 1614 erunt
1616 1574 1694 1625 ipsa
1726 1574 1899 1614 consulta
1925 1573 1963 1613 &
1990 1585 2051 1613 re-

230 1647 365 1702 sponsa
383 1676 394 1694 ,
427 1654 511 1693 quae
542 1641 585 1679 iis
610 1640 834 1677 innituntur.
895 1635 1018 1674 Sacrae
1044 1635 1162 1673 literae
1188 1645 1262 1673 nos
1285 1632 1431 1674 docent
1450 1663 1462 1682 ,
1493 1632 1608 1685 quam
1634 1632 1802 1673 Ministri
1821 1665 1835 1683 ,
1865 1633 1903 1673 &
1927 1635 2056 1674 nomi-⁸

230 1710 348 1751 natim
364 1702 498 1754 Legati
518 1695 695 1737 accurate
724 1695 774 1735 de
791 1696 955 1747 negotiis
976 1694 1045 1734 fibi
1070 1693 1272 1732 commistis
1298 1693 1346 1732 ad
1371 1694 1587 1745 Principem
1611 1693 1755 1733 referre
1783 1693 1978 1733 debeant:
2008 1693 2055 1732 fi-

233 1767 390 1822 quidem
406 1757 555 1801 Haza'el
576 1787 588 1806 ,
619 1757 683 1808 qui
714 1753 842 1795 miffus
860 1753 986 1794 fuerat
1015 1751 1036 1792 a
1051 1751 1263 1792 Benedado
1280 1752 1391 1805 Rege
1409 1752 1550 1803 Syriae,
1580 1766 1668 1795 cum
1686 1753 1887 1802 mandatis,
1909 1762 1953 1792 ut
1963 1764 2055 1795 cum

231 1829 367 1871 Elisaeo
386 1819 580 1872 Propheta
599 1817 647 1856 de
663 1814 883 1855 infirmitate
902 1814 1020 1866 Regis
1049 1812 1278 1853 deliberaret
1300 1843 1314 1862 ,
1342 1824 1416 1853 nec
1441 1814 1648 1856 verbulum
1668 1813 1765 1855 datae
1788 1813 1859 1855 fibi
1879 1812 2058 1858 commis-⁴

234 1889 350 1931 sionis
373 1878 614 1925 immutavit,
647 1876 776 1915 necin
794 1874 906 1913 tertia
920 1873 1082 1924 persona
1095 1871 1205 1923 loqui
1222 1873 1330 1912 ausus
1355 1871 1432 1926 (a)
1447 1871 1535 1914 fuit.

389 1965 425 2017 §.
443 1957 650 2001 Peric'ulofi
671 1955 864 1996 interdum
881 1953 964 1993 sunt
980 1951 1146 1992 Ministri
1161 1961 1296 2003 magna
1314 1956 1441 1989 rerum
1460 1952 1697 2001 experientia
1704 1950 1867 2001 praediti,
1882 1958 1947 1990 aut
1961 1951 2052 2001 quia

237 2029 420 2076 Princeps
448 2022 607 2061 nimium
630 2019 669 2057 in
695 2017 739 2055 iis
765 2016 877 2067 ponit
903 2012 1053 2052 fiduciae
1068 2040 1081 2059 ,
1111 2019 1176 2051 aut
1202 2012 1290 2062 quia
1314 2009 1384 2062 ipsi
1403 2008 1559 2060 decepti
1581 2020 1713 2048 amore
1729 2010 1891 2060 proprio
1906 2038 1919 2057 ,
1951 2009 2050 2049 διῇ-

236 2090 277 2129 bi
295 2082 541 2139 praefidentes
561 2110 573 2128 ,
606 2078 655 2117 de
679 2077 844 2129 negotiis
873 2072 958 2113 raro
993 2073 1031 2111 δε
1063 2069 1327 2123 perfunctorie
1349 2069 1542 2120 cogitant,
1574 2067 1804 2118 &tanquam
1822 2068 1991 2108 naucleri
2005 2067 2056 2109 ad

240 2143 468 2199 superandas
489 2136 733 2190 tempestates
761 2136 871 2183 nati,
898 2132 1109 2184 despiciunt
1131 2131 1284 2170 nimbos
1300 2158 1312 2177 ,
1351 2127 1618 2180 procellasque
1648 2126 1986 2168 incommodorum
2014 2128 2056 2167 &

241 2207 532 2249 difficultatum,
565 2198 603 2238 &
625 2195 805 2249 periculis
837 2192 913 2233 sese
937 2199 1152 2244 exponunt.
1235 2188 1418 2243 Tutiores
1450 2186 1477 2239 ζ
1492 2187 1531 2225 in
1562 2186 1790 2238 quibusdam
1816 2186 2000 2241 casibus)
2025 2188 2054 2227 ii
2111 2227 2114 2231 ¹

240 2269 326 2309 sunt
349 2296 362 2316 ,
392 2265 456 2315 qui
470 2257 675 2312 navigandi
689 2254 866 2297 nondum
887 2252 1096 2293 admodum
1110 2251 1246 2304 periti,
1266 2250 1394 2289 littora
1411 2246 1532 2287 solum
1555 2247 1669 2286 remis
1691 2248 1763 2287 suis
1780 2247 1925 2300 legunt.
1984 2245 2051 2287 Ex

242 2330 440 2376 utriusque
466 2330 594 2360 autem
618 2318 809 2370 optimum
837 2314 875 2354 δε
898 2314 1116 2353 tutissimum
1140 2309 1330 2351 conflatur
1346 2307 1576 2349 consilium:
1604 2319 1694 2348 nam
1719 2308 1872 2347 illorum
1901 2308 2053 2359 expeti.

243 2389 356 2429 entiae
379 2385 519 2423 horum
533 2389 641 2419 metu
658 2377 696 2417 &
713 2374 952 2417 solicitudine
971 2379 1260 2426 temperantur3
1290 2367 1492 2422 quomodo
1517 2368 1631 2408 etiam
1648 2365 1715 2417 fit,
1744 2365 1898 2418 quando
1909 2366 1957 2406 ad
1966 2378 2055 2406 ean..

247 2449 336 2488 dem
362 2441 680 2483 consultationem
705 2444 940 2478 concurrunt
970 2434 1170 2475 consiliarii
1186 2429 1433 2485 phlegmatici
1452 2459 1465 2478 ,
1495 2422 1757 2468 &cholericiz
1790 2426 1981 2477 audaces,
2012 2426 2053 2466 &

247 2500 512 2556 circumspecti
530 2515 539 2540 :
569 2501 713 2540 celeres
739 2528 752 2548 ,
783 2497 821 2537 δε
839 2495 937 2535 tardi
956 2509 968 2535 .·
998 2507 1048 2535 ex
1061 2491 1250 2546 ejusmodi
1266 2491 1368 2531 enim
1384 2487 1559 2529 mistione
1577 2486 1723 2527 salubre
1738 2485 1936 2539 quoddam
1956 2498 2050 2527 con-

247 2568 362 2620 surgit
380 2564 647 2604 sententiarum
661 2564 1009 2610 temperamentum
1026 2586 1038 2605 ,
1067 2566 1149 2595 non
1169 2554 1276 2593 secus
1295 2559 1411 2604 atque
1427 2551 1466 2591 in
1480 2548 1708 2602 corporibus
1727 2558 1778 2588 ex
1795 2556 1961 2600 quatuor
1978 2548 2050 2592 hu÷

250 2639 403 2670 morum
428 2623 698 2666 contrarietate
723 2621 826 2660 bona
843 2618 1050 2670 temperies
1075 2616 1207 2656 oritur.

774 2730 1022 2750 ...-..‚...⁴

324 2800 539 2893 Ἰ»’(ῑίυῆῖῐῗὶὶίἱιις
555 2811 637 2840 tuus
663 2797 833 2838 Benadad
856 2801 938 2835 Rex·
949 2796 1045 2849 Syriae
1058 2789 1154 2842 misit
1173 2798 1228 2828 me
1243 2788 1295 2827 ad
1305 2798 1357 2830 te,
1373 2786 1487 2827 dicens
1492 2783 1534 2838 fi
1535 2782 1665 2834 limari
1674 2791 1793 2836 potero
1802 2778 1845 2819 de
1858 2778 2050 2830 infirmita-

255 2868 291 2897 te
319 2870 398 2896 mea
437 2859 517 2894 acri?-
534 2870 575 2905 4.
598 2856 693 2903 Reg.
710 2866 741 2891 c.
758 2859 840 2897 8.9.

1839 3194 2105 3262 SYM„
