2132 3730
432 229 1500 297 SYMBOLAPOLJTIC'A.‚
1619 288 1623 293 ,
1758 261 1838 292 211

52 335 105 376 ita
130 335 248 375 trahat
266 327 314 369 ad
343 327 401 376 se,
430 336 474 367 ut
496 327 589 367 illud
623 328 691 368 sibi
712 328 815 380 quasi
838 332 1038 381 proprium
1059 331 1216 378 efficiat,
1245 342 1373 383 neque
1401 332 1438 370 in
1455 342 1505 371 eo
1528 330 1628 371 suam
1659 332 1716 382 agi
1745 330 1855 370 existi

51 396 257 436 mationem
273 395 448 440 reputet,
478 395 522 427 ut
544 388 648 427 hunc
668 396 733 427 aut
751 386 856 428 illum
876 390 1022 430 exitum
1042 391 1262 438 sortiantur,
1293 400 1359 430 aut
1380 389 1443 429 sua
1471 390 1592 430 solum
1626 390 1778 430 consilia
1799 390 1852 430 se-

52 461 212 506 quantur
231 448 313 494 alii,
342 456 408 487 aut
433 446 463 487 si
480 446 594 487 semel
612 446 844 498 placuerint,
871 461 952 490 non
980 459 1176 489 mutentur
1189 448 1340 489 deinde.
1400 448 1598 501 Ejusmodi
1617 452 1719 490 enim
1737 462 1853 490 cona-

50 521 112 552 tus
124 506 296 562 periculo
316 517 398 546 non
415 515 575 554 carent,
604 506 642 546 δε
663 506 823 559 expedit
840 508 1078 561 propterea,
1108 517 1218 559 utne
1236 510 1275 548 in
1290 509 1540 561 expediendis
1558 511 1720 563 negotiis
1732 509 1769 550 &
1789 510 1855 550 de-

52 566 249 611 cernendis
271 576 349 606 tam
364 564 500 605 ardens
521 565 588 614 sit,
620 576 664 607 ut
684 567 761 607 sese
782 568 861 620 ipse
885 568 1103 617 consumat,
1130 579 1258 619 neque
1275 578 1353 609 tam
1375 569 1553 623 frigidus,
1580 579 1622 609 ut
1656 568 1855 624 congelet:

46 627 111 670 sed
132 626 335 668 moderato
351 625 503 665 incedat
515 623 640 678 paffu,
671 637 788 679 prout
813 637 965 680 tempus
990 627 1028 667 δι
1056 627 1210 668 occasio
1237 629 1403 669 tulerint.
1473 628 1536 669 Eo
1564 630 1713 681 insuper
1738 631 1856 683 magis

49 686 224 729 advertat
241 687 431 735 animum,
459 694 503 726 ut
519 685 587 725 suo
612 684 719 725 recte
739 685 917 741 fungatur
954 699 1114 727 munere
1137 689 1176 728 in
1200 688 1400 737 omnibus,
1424 686 1539 740 quam
1562 688 1610 727 ad
1633 691 1788 741 gratiam
1817 689 1857 730 δε

45 747 223 792 favorem
260 746 470 797 Principis,
502 744 583 785 sine
609 744 855 788 affectatione
885 757 1038 796 tamen,
1072 746 1110 787 &
1142 743 1216 802 (a)
1242 745 1437 798 Jaetantia:
1465 760 1553 787 nam
1577 750 1643 799 qui
1669 749 1719 788 eb
1734 750 1856 790 solum

46 807 203 849 nomine
228 803 448 845 Ministrum
471 806 568 857 agit,
597 815 640 844 ut
660 803 762 845 fama
776 807 1018 855 inclarescat,
1048 805 1365 847 existimationem
1381 807 1544 859 Principi
1559 806 1769 847 suffuratur.
1801 809 1856 849 Si-

44 867 202 910 lentium
225 865 306 916 ejus
326 864 372 905 fit
392 874 681 916 opportunum,
712 865 742 905 fi
764 865 902 905 utilitas
922 864 1195 917 postulaverit,
1225 867 1345 906 verba
1363 878 1566 919 prompta,
1593 867 1630 907 &
1650 867 1830 918 expedita
1845 898 1857 916 ,

25 925 75 982 ,fi
90 937 190 979 opus
209 923 345 973 fuerit,
375 923 416 964 id
431 923 538 976 quod
560 924 597 964 in
620 925 789 976 quodam
810 925 877 964 suo
902 923 1074 965 familiari
1097 925 1339 966 collaudabat
1363 927 1450 967 Rex
1467 926 1545 980 (b)
1575 927 1860 971 Theodoricus.

26 986 227 1038 'Principis
249 985 476 1035 obsequium
494 985 656 1036 privatae
678 986 749 1024 suae
764 984 916 1024 utilitati
936 984 1144 1036 anteferat,
1175 987 1267 1038 quin
1295 987 1357 1026 sua
1387 986 1425 1027 &
1443 986 1626 1039 Principis
1651 986 1860 1027 commoda

28 1045 180 1088 'eadem
198 1042 274 1085 esse
295 1044 423 1084 ducat.
483 1043 798 1097 Consanguineos
817 1044 998 1097 Principis
1019 1045 1148 1085 debita
1173 1046 1423 1099 prosequatur
1441 1048 1717 1097 veneratione,
1743 1047 1863 1087 suam-

43 1117 119 1174 que
135 1107 173 1145 in
194 1116 244 1145 eo
263 1104 500 1144 securitatem
531 1106 721 1153 collocet,
748 1113 791 1144 ut
815 1104 1034 1145 benevolos
1063 1117 1132 1146 eos
1156 1106 1324 1156 habeat,
1351 1118 1425 1147 nec
1447 1106 1549 1158 ipsos
1573 1108 1671 1148 inter
1697 1106 1736 1146 δε
1759 1105 1864 1146 Prin-

41 1167 171 1219 cipem
192 1163 330 1205 foveat
347 1164 464 1215 odia3
494 1163 637 1216 sanguis
653 1165 753 1204 enim
779 1163 892 1204 facile
927 1166 1130 1205 amicitiam
1155 1165 1386 1219 redintegrat
1403 1177 1489 1206 cum
1510 1166 1625 1219 ipsius
1642 1166 1780 1220 privati
1793 1178 1863 1206 no-

0 1251 2 1254 ·
36 1234 244 1266 cumeum.
307 1222 427 1263 Curet
445 1234 655 1275 praeterea,
681 1233 724 1264 ut
746 1223 928 1277 Princeps
953 1235 1125 1277 optimos
1144 1227 1284 1265 habeat
1303 1224 1526 1276 Ministros‚
1556 1226 1594 1266 δι
1618 1225 1804 1275 famulos,
1825 1224 1865 1265 &

41 1283 256 1336 imperandi
275 1282 438 1322 modum
455 1293 544 1322 eum
561 1281 725 1323 fideliter
746 1283 922 1323 edoceat.
982 1283 1080 1324 Non
1102 1287 1238 1325 oculos
1266 1286 1318 1325 illi
1344 1285 1520 1335 claudat,
1550 1297 1624 1325 nec
1651 1297 1760 1326 aures
1794 1285 1866 1324 ob-

42 1342 178 1387 struat:
207 1342 299 1393 quin
325 1342 364 1380 in
398 1352 449 1380 eo
481 1342 655 1380 elaboret
671 1352 837 1394 potius,
869 1353 912 1382 ut
940 1343 1018 1394 ipse
1042 1344 1172 1384 videat
1190 1374 1203 1393 ,
1233 1354 1382 1397 tangat,
1413 1344 1452 1384 &
1486 1354 1692 1397 praetentet
1714 1345 1858 1384 omnia.

45 1403 146 1444 Suos
168 1403 220 1441 illi
245 1411 393 1440 errores
418 1411 463 1439 ac
487 1399 663 1439 defectus
684 1412 774 1441 cum
794 1400 979 1442 modestia
997 1414 1192 1454 exponat,
1222 1415 1351 1454 neque
1371 1403 1461 1444 ideo
1487 1403 1546 1456 (fi
1563 1406 1650 1444 alias
1673 1404 1867 1444 neceffitas

45 1465 99 1506 ita
113 1459 400 1516 postulaverit)
426 1458 608 1500 offensam
627 1469 791 1500 metuat:
821 1461 890 1501 etsi
908 1463 1010 1502 enim
1030 1462 1077 1502 ad
1096 1472 1250 1514 tempus
1269 1464 1433 1515 patiatur
1458 1463 1599 1513 aliquid
1617 1464 1753 1517 gratia,
1768 1463 1868 1514 agni·

46 1531 92 1565 to
114 1532 244 1562 tamen
264 1518 398 1573 postea
418 1531 549 1559 errore
571 1521 806 1561 convalescit
824 1522 960 1561 iterum
976 1551 989 1571 ,
1019 1521 1057 1562 &
1083 1521 1152 1577 (c)
1174 1523 1409 1578 roboratur3
1439 1523 1495 1562 uti
1515 1522 1666 1563 Danieli
1684 1533 1770 1563 cum
1787 1522 1868 1561 Re-

42 1583 155 1637 gibus
180 1580 404 1630 Babyloniae
433 1578 625 1620 usuvenit.
685 1580 729 1620 In
750 1581 822 1633 iisl,
854 1594 938 1633 quae
959 1581 1139 1634 Princeps
1168 1584 1361 1622 violenter
1382 1581 1531 1630 statuit,
1563 1582 1600 1622 &
1631 1581 1867 1636 aggreditur,

45 1643 99 1685 ita
120 1641 157 1683 se
173 1650 280 1693 gerat
293 1669 306 1689 ,
327 1649 370 1679 ut
391 1638 614 1679 declinetea
630 1641 782 1692 potius,
814 1653 927 1693 quam
939 1651 1092 1692 rumpat
1105 1671 1118 1689 ,
1148 1640 1394 1693 expeetando
1417 1641 1544 1681 donec
1561 1653 1713 1694 tempus
1732 1642 1869 1692 ipsum,

45 1699 354 1744 &incommoda
372 1711 461 1739 eum
478 1701 611 1739 meiius
642 1699 838 1740 instruant.
900 1698 969 1740 Ne
998 1700 1203 1751 impediat,
1234 1712 1315 1752 quo
1335 1702 1460 1740 minus
1484 1699 1533 1739 ad
1555 1712 1663 1740 aures
1684 1700 1764 1750 ejus
1781 1711 1870 1752 per-

47 1763 209 1803 veniant
231 1761 397 1812 querelae
423 1758 461 1798 &
488 1759 639 1809 satyrae:
670 1759 729 1798 hae
753 1761 855 1799 enim
872 1789 885 1808 ,
916 1758 945 1799 fi
971 1760 1009 1799 in
1037 1761 1298 1800 innocentiam
1338 1759 1497 1809 cadant,
1527 1769 1641 1809 grana
1663 1760 1742 1800 salis
1764 1759 1873 1808 sunt,

48 1834 135 1875 quae
159 1821 344 1871 Principis
366 1819 681 1858 benevolentiam
701 1819 953 1867 conservant,
983 1817 1022 1858 δι
1045 1821 1193 1859 monita
1215 1820 1390 1870 quaedam
1417 1818 1466 1858 ad
1495 1830 1643 1858 errores
1666 1819 1871 1868 vitandos,

48 1881 351 1934 &corrigendos
371 1890 514 1925 mores.
573 1877 699 1917 Recte
726 1877 848 1926 facta,
881 1889 1095 1929 eorumque
1119 1880 1275 1931 gratiam
1296 1878 1460 1931 Principi
1477 1879 1639 1926 tribuat;
1668 1890 1789 1918 errata
1801 1890 1871 1917 ve-

46 1941 116 1989 ῐὸ,
149 1940 187 1980 &
212 1936 397 1980 successus
421 1936 546 1977 miniis
563 1936 770 1988 prosperos
790 1937 859 1976 fibi
883 1938 1061 1988 imputari
1089 1949 1140 1976 ne
1175 1936 1273 1990 aegre
1297 1936 1408 1978 ferat.
1466 1937 1633 1977 Ruinam
1659 1938 1761 1977 suam
1788 1947 1872 1977 tan.

52 2012 167 2054 quam
189 2007 335 2039 certain
358 1996 397 2036 &
419 1997 658 2048 exploratam
701 1995 851 2047 semper
880 1996 1043 2044 habeat,
1075 1994 1331 2048 praestolando
1366 1995 1465 2037 illam
1486 1995 1671 2037 constanti
1690 1997 1870 2037 &libero

51 2061 211 2108 mimo,
242 2057 281 2098 δι
302 2057 448 2108 absque
468 2056 522 2096 rei
543 2057 703 2108 privatae
720 2055 868 2104 studio,
898 2068 972 2096 nec
988 2055 1223 2109 magnopere
1240 2056 1421 2096 sollicitus
1442 2054 1488 2097 fit
1514 2055 1564 2097 de
1585 2057 1751 2106 mediis,
1787 2058 1870 2109 qui-

46 2121 122 2161 bus
146 2120 249 2160 suam
270 2116 374 2169 apud
405 2115 621 2167 Principem
636 2117 791 2168 gratiam
808 2114 982 2156 stabiliat.
1046 2116 1126 2170 Qui
1149 2118 1265 2169 magis
1284 2117 1442 2165 metuit,
1473 2127 1522 2156 ex
1551 2117 1628 2156 alto
1643 2118 1754 2156 citius
1773 2130 1868 2168 prae-

50 2180 196 2233 cipitat.
253 2175 436 2217 Reflexio
456 2175 615 2229 periculi
640 2185 756 2226 caput
775 2175 979 2224 obturbat,
1011 2174 1049 2216 &
1065 2174 1145 2243 (d).
1161 2173 1324 2231 sequitur
1353 2178 1490 2227 vertigo
1512 2183 1703 2228 praerupta
1733 2189 1869 2216 cemen-

50 2247 123 2290 tes,
154 2250 229 2291 qua
247 2237 436 2289 vertigine
454 2243 649 2287 quotquot
672 2232 892 2275 laborarunt
917 2246 967 2274 ex
985 2235 1050 2284 iis,
1081 2236 1146 2287 qui
1176 2237 1216 2275 in
1250 2235 1470 2287 Principum
1496 2236 1589 2275 aulis
1613 2248 1692 2287 prae
1721 2237 1868 2277 caeteris

50 2297 168 2354 gratia
195 2297 234 2338 δε
250 2294 478 2337 ευὲὶοτίῑειῑε
508 2290 696 2346 floruere,
725 2306 861 2335 omnes
883 2295 1092 2348 perierunt.
1151 2295 1232 2349 Qui
1248 2294 1462 2348 periculum
1487 2292 1586 2335 istud
1603 2295 1865 2350 contempsit,

53 2359 208 2402 securus
228 2356 300 2411 (e)
331 2355 474 2396 transit.

228 2416 265 2469 §.
295 2415 396 2470 Erga
421 2413 620 2456 Ministros
637 2412 780 2454 socium
802 2412 840 2454 se
865 2422 972 2467 gerat
988 2412 1146 2465 potius,
1176 2412 1291 2466 quam
1309 2412 1545 2455 Dominum:
1574 2421 1778 2465 patronum
1790 2426 1869 2454 ma·

54 2479 138 2527 gis,
167 2472 251 2533 (f)
280 2475 395 2528 quain
410 2474 686 2518 accusatorem.
743 2473 877 2514 Bonos
901 2473 949 2514 ad
975 2476 1134 2514 meliora
1154 2473 1391 2524 exstimulet‚
1421 2471 1444 2513 ὲ
1461 2475 1567 2513 malis
1591 2474 1719 2515 bonos
1745 2474 1869 2515 effice-

55 2548 100 2578 re
118 2534 279 2576 studeat.
339 2534 515 2582 Caveat,
543 2545 594 2573 ne
617 2533 718 2573 suam
735 2533 814 2586 ipse
831 2532 1098 2574 auctoritatem
1116 2536 1358 2588 interponat,
1388 2534 1543 2584 quando
1569 2532 1617 2573 de
1639 2546 1774 2575 eorum
1804 2544 1870 2576 aut

15 2599 17 2608 ²
54 2593 268 2642 elefflone,
299 2604 366 2635 aut
398 2593 643 2648 depositione
666 2595 799 2646 agitur.
859 2592 908 2633 Iis
935 2595 1093 2646 negotia
1118 2596 1339 2646 permittat,
1371 2592 1419 2632 ad
1447 2604 1546 2643 quos
1574 2603 1619 2631 ea
1653 2594 1866 2645 pertinent:

56 2653 314 2696 Consiliorum
339 2656 486 2695 cursum
505 2656 541 2694 in
559 2652 898 2694 consultationibus
914 2664 964 2692 ne
983 2653 1186 2706 impediat:
1215 2655 1310 2694 sinat
1328 2663 1463 2692 omnes
1478 2654 1683 2702 pervenire
1695 2651 1742 2692 ad
1764 2652 1868 2693 Prin-

17 2757 20 2761 *
56 2717 211 2768 cipem3
243 2713 351 2767 quod
369 2714 398 2755 fi
426 2715 488 2755 hic
513 2725 577 2752 eas
606 2724 694 2753 cum
723 2713 805 2766 ipso
834 2712 1062 2763 contulerit,
1096 2715 1243 2766 poterit
1272 2722 1365 2753 tunc
1397 2709 1584 2762 judicium
1614 2713 1720 2752 suum
1748 2711 1869 2754 libere

56 2775 222 2828 eloqui,
252 2785 334 2815 non
349 2775 425 2813 alio
451 2783 579 2814 tamen
601 2771 762 2823 affe&u,
791 2771 905 2826 quam
924 2782 967 2812 ut
991 2775 1030 2813 in
1049 2784 1131 2814 rem
1158 2782 1406 2814 communem
1426 2769 1575 2822 optime
1599 2773 1783 2812 consulat.

234 2832 272 2885 §.
305 2832 426 2874 Porro
449 2835 533 2873 aula
559 2833 885 2884 periculosissimus
912 2834 1039 2885 gratiae
1065 2834 1162 2873 illius
1193 2833 1373 2886 scopulus
1399 2829 1473 2879 est,
1503 2829 1541 2871 &
1573 2841 1700 2872 tamen
1734 2843 1869 2873 omnes

62 2890 125 2936 illa
145 2901 328 2945 utuntur,
359 2904 404 2934 ut
420 2893 520 2935 hanc
535 2892 706 2944 firment,
734 2893 772 2934 &
799 2892 961 2935 reddant
984 2901 1225 2946 perpetuam.
1283 2889 1428 2932 Nullus
1457 2892 1496 2931 in
1514 2902 1559 2931 ea
1582 2891 1678 2966 lapis
1695 2891 1770 2943 est,
1803 2895 1869 2945 qui

911 2951 950 2993 G
967 2965 992 3007 g
1009 2965 1034 3006 g
1062 2965 1085 2993 2
1800 2952 1870 2992 sol-

1167 3027 1870 3038 ——-—-.---——-.—-————-—-—-

153 3064 213 3109 (ει)
238 3056 492 3109 Cumftceritis
508 3058 644 3098 omnia,
669 3069 736 3109 qua
745 3067 912 3112 praecepta
921 3056 1011 3105 fimt
1032 3055 1151 3098 vobis,
1177 3055 1308 3094 dicite:
1333 3057 1438 3093 Servi
1463 3055 1607 3093 inutiles
1618 3053 1750 3100 fimus.
1778 3055 1867 3091 Luc.

25 3154 27 3159 ἲ
66 3121 124 3169 17
143 3124 202 3151 10.
254 3113 317 3160 (b)
343 3109 409 3148 Sub
418 3111 521 3164 genii
536 3107 643 3162 nostri
660 3110 733 3147 luce
749 3110 942 3164 intrepidus
952 3108 1120 3164 quidem,
1135 3106 1175 3156 s
1175 3108 1202 3146 d
1214 3119 1419 3146 reverenter
1436 3106 1594 3160 astabat,
1618 3115 1767 3158 opportu
1756 3119 1797 3142 ne
1810 3115 1869 3142 ta-

25 3176 27 3179 ·
61 3163 172 3205 citus,
195 3162 374 3212 necefflzrie
387 3161 540 3223 copiosus.
567 3162 657 3200 Cass.
675 3161 734 3200 lib.
760 3175 791 3210 5
810 3164 873 3214 Ep.
895 3177 929 3212 3.
983 3164 1042 3211 (c)
1067 3164 1150 3213 Qi
1166 3161 1309 3214 corripit
1325 3159 1497 3198 hommem
1503 3169 1672 3212 gruttam
1686 3155 1831 3210 postea
1813 3171 1870 3195 m-

62 3215 181 3254 vem‘et,
193 3216 292 3270 apud
307 3230 386 3254 eum
402 3228 581 3305 magra?
582 3228 667 3252 uam
679 3213 734 3251 ille
745 3217 838 3267 ‚qui
846 3226 910 3270 per
928 3215 1054 3268 lingua
1075 3213 1320 3252 blandimenta
1338 3213 1477 3266 decipit.
1504 3215 1612 3249 Prov.
1638 3216 1698 3252 28.
1718 3223 1777 3258 23.
1806 3212 1871 3258 (d)

63 3267 210 3304 Seneca.
262 3273 321 3313 (e)
343 3270 429 3321 Qi
448 3228 581 3306 amba?
568 3277 611 3305 at
643 3281 655 3304 ι
713 3267 844 3309 liciter,
869 3266 1034 3306 ambulat
1055 3267 1143 3319 confi
1106 3267 1275 3319 fi.denter
1301 3268 1409 3305 Prov
1442 3277 1496 3302 10.
1518 3276 1554 3309 9.
1604 3261 1672 3312 (f)
1694 3263 1871 3302 Reclorem

65 3327 104 3358 ee
117 3316 384 3372 constituerunt.
378 3324 395 3350 ³
418 3321 490 3361 noli
518 3319 639 3362 extoffi
620 3265 720 3373 [ᾖ
702 3321 775 3360 oin
789 3319 858 3360 illis
879 3319 981 3376 qmfi
989 3333 1079 3362 unus
1095 3333 1143 3360 ex
1165 3318 1254 3376 ipfis.
1284 3319 1517 3366 Eccl.32.1.
