2132 3730
494 194 1467 247 SYMBOLAPOLJTJCA.
1790 216 1867 259 173

4 277 29 292 ”
74 290 148 330 iter
167 290 272 331 suum
291 282 471 325 intendat.
529 281 626 324 Tam
647 285 799 323 occulta
828 283 900 323 sint
919 295 1076 335 oportet
1099 286 1253 325 consilia
1268 316 1281 334 ,
1313 288 1350 326 ὅτ.
1370 290 1536 340 cogitata
1578 288 1762 339 rincipum
1779 303 1862 327 :ne-

77 352 171 391 mini
188 356 319 389 notum
339 341 413 383 effe
429 342 547 383 debet
562 373 575 393 ‚
606 343 787 394 quorsum
806 344 867 382 illa
892 343 1062 395 specstent
1087 358 1100 393 3
1131 347 1222 397 quin
1236 347 1430 387 imitentur
1448 347 1578 400 potius
1597 349 1812 399 supremum
1830 350 1871 387 il-

76 410 158 451 lum
182 415 304 447 rerum
331 403 502 443 omnium
525 403 810 443 moderatorem
832 402 984 454 Deum,
1016 405 1121 455 cujus
1147 407 1228 445 vias
1248 406 1457 456 intelligere
1479 420 1594 447 nemo
1619 403 1707 462 (a)
1733 405 1870 459 potest.

5 485 13 509 τ
76 471 207 520 Atque
233 463 323 503 ideo
341 462 539 515 Seraphini
560 461 636 516 (b)
652 463 719 502 alis
730 459 808 513 fids
833 463 996 504 velabant
1006 463 1112 516 pedes
1129 466 1213 519 ejus.
1286 465 1410 505 Tanta
1436 479 1523 506 cum
1555 468 1702 506 solertia
1717 468 1871 507 consilia

4 544 9 563 ·.
75 527 138 568 sua
156 526 295 564 secreta
320 522 462 562 habere
490 521 635 562 debent
664 522 857 574 Principes
872 553 883 572 ,
924 534 966 562 ut
987 536 1031 563 ea
1056 524 1213 563 subinde
1231 535 1280 563 ne
1300 525 1369 576 ipsi
1395 527 1550 577 quidem
1574 524 1736 566 Ministri
1756 538 1873 578 pene-

8 599 25 634 ὴ
73 593 198 633 trent,
228 581 348 623 immo
373 581 444 622 alia
467 584 595 622 omnia
616 584 821 634 opinentur
840 613 853 632 ,
883 582 1032 634 sintque
1047 584 1186 634 primi,
1217 585 1335 634 quiin
1354 585 1426 624 hac
1453 587 1636 637 opinione
1659 586 1721 625 sua
1743 585 1874 626 fallan-

13 680 15 682 ,
71 654 156 692 tur,
186 651 229 682 ut
255 651 363 682 tanto
378 643 583 682 naturalius
600 641 639 682 &
668 642 801 693 majori
817 654 905 682 cum
928 643 1114 691 efficacia,
1142 644 1287 694 absque
1309 646 1481 695 periculo
1501 646 1760 695 simulationis,
1784 659 1869 697 quae

68 700 181 746 facile
203 701 448 755 sese‘prodit,
481 701 634 742 firment
651 714 695 741 ac
722 702 933 751 roborent,
965 701 1071 753 quod
1088 701 1159 753 ipsi
1189 714 1263 754 pro
1280 713 1388 742 certo
1413 703 1450 743 δε
1472 707 1676 756 explorato
1703 706 1872 756 habent,

22 811 23 814 Ἴ
67 761 307 814 eandemque
331 771 500 803 mentem
522 762 559 801 δε
575 773 742 802 errorem
768 763 990 816 ingenerent
1004 760 1081 801 aliis
1099 791 1112 810 ,
1146 771 1261 814 atque
1280 765 1332 802 ita
1356 765 1547 817 spargatur
1574 767 1612 803 iii
1648 766 1782 816 vulgus
1801 795 1813 814 ,
1834 767 1873 805 δε

65 830 195 863 manet
222 833 292 874 per
309 834 443 862 omnes
459 831 599 873 partes.
660 821 836 862 Tiberius
863 822 939 861 hoc
954 821 1067 869 fecit,
1087 822 1241 873 quando
1272 825 1520 874 querentibus
1537 823 1748 872 nonnullis,
1764 824 1872 875 quod

21 881 23 883 ’
64 893 144 922 non
166 881 286 921 abiret
315 881 364 920 ad
398 880 687 934 componendas
709 883 747 921 in
763 882 957 922 Pannonia
974 881 1011 920 &
1033 879 1238 921 Germania
1263 885 1538 923 tumultuantes
1567 885 1738 938 legiones
1756 913 1767 932 ,
1798 883 1870 923 fin-

64 942 121 982 xit
148 941 184 980 se
205 940 434 994 propediem
461 940 722 993 prefefflmrum
741 953 756 988 ;
791 953 864 992 qua
898 940 1136 981 simulatione
1155 942 1181 994 <
1182 941 1223 995 ε)
1235 945 1350 995 primo
1357 942 1549 994 prudentes
1565 975 1577 993 ,
1605 944 1682 983 dein
1707 943 1871 995 wlgani,

61 999 237 1049 diutiffim&
249 1002 454 1054 provincias
464 998 608 1053 fefellit.
665 1001 771 1040 ldem
799 1000 1074 1052 quoque-fecit
1093 1002 1181 1041 Rex
1203 1002 1400 1054 Philippus
1431 1004 1628 1043 Secundus
1653 1033 1668 1053 ,
1698 1004 1762 1054 qui
1779 1015 1873 1042 con-

63 1059 231 1100 filiorum
260 1060 412 1100 suorum
430 1058 525 1099 fines
543 1062 654 1100 etiam
674 1060 842 1112 Legatos
868 1060 953 1100 suos
976 1062 1124 1101 celabat
1141 1091 1154 1112 ,
1179 1063 1272 1100 alios
1297 1075 1374 1114 prae
1396 1061 1433 1102 se
1457 1062 1620 1103 ferendo
1637 1094 1649 1112 ,
1681 1063 1747 1101 ubi
1768 1074 1870 1113 opus

63 1118 168 1161 foret
190 1149 203 1167 ,
233 1130 278 1160 ut
307 1119 358 1159 fic
374 1121 427 1159 illi
449 1119 649 1160 crederent
671 1120 708 1160 &
725 1120 993 1172 persuaderent
1019 1123 1109 1161 aliis.
1180 1123 1312 1173 Atque
1335 1122 1435 1162 hisce
1453 1124 1594 1162 artibus
1613 1124 1669 1163 uti
1688 1122 1870 1174 Princeps

62 1179 222 1219 minime
243 1181 389 1232 poterit
409 1210 421 1227 ,
452 1179 480 1218 fi
499 1181 709 1232 ingenuitas
725 1179 821 1220 illius
840 1191 916 1220 tam
935 1191 1045 1220 cauta
1068 1181 1105 1221 δε
1125 1181 1397 1234 ςίῑουιῃΐρεᾶει
1411 1195 1491 1223 non
1508 1183 1552 1222 sit
1569 1213 1581 1232 ,
1611 1192 1654 1222 ut
1673 1194 1721 1221 ne
1740 1184 1872 1224 locum

61 1238 130 1277 det
153 1240 352 1278 interiores
376 1239 489 1277 animi
517 1249 646 1278 motus
668 1252 717 1279 ex
739 1240 974 1292 gubernandi
996 1239 1210 1281 aftionibus
1228 1241 1448 1294 dispiciendi
1467 1272 1479 1291 ,
1510 1252 1575 1283 aut
1600 1255 1650 1282 ne
1677 1242 1802 1282 aeniuli
1824 1253 1870 1280 ae

58 1296 189 1338 hostes
221 1309 289 1337 cor
313 1297 393 1348 ejus
425 1309 469 1336 ac
494 1299 659 1349 cogitata
696 1308 928 1349 penetrent:
963 1301 1055 1350 quin
1079 1302 1197 1341 immo
1224 1332 1237 1350 ,
1268 1313 1312 1341 ut
1331 1303 1430 1341 elabi
1455 1303 1566 1355 poffit
1589 1314 1638 1342 ex
1658 1303 1833 1341 manibus
1854 1331 1868 1349 ‚

61 1357 219 1409 quando
245 1357 321 1408 jam
337 1356 445 1395 illum
476 1357 795 1407 comprehensum
818 1359 854 1396 se
870 1367 1002 1398 tenere
1023 1359 1248 1400 existimant.
1308 1360 1378 1400 lsta
1400 1364 1527 1415 operis
1548 1361 1763 1414 dispositio,
1794 1372 1871 1412 qua

61 1419 155 1458 alius
174 1419 213 1457 in
231 1416 404 1457 fraudem
430 1415 641 1463 inducitur,
671 1415 844 1456 defensio
860 1418 990 1470 potius
1017 1419 1190 1470 quaedam
1207 1418 1286 1469 est,
1317 1419 1431 1471 quam
1457 1423 1595 1461 malitia
1611 1452 1623 1471 ,
1654 1420 1872 1461 dummodo

58 1488 106 1516 ea
125 1479 208 1528 quis
236 1486 364 1516 utatur
383 1505 396 1524 ‚
426 1475 490 1514 ubi
512 1474 548 1514 &
572 1476 726 1526 quando
746 1475 849 1516 reeta
867 1479 963 1517 ratio
983 1478 1134 1519 suaserit
1149 1510 1161 1528 ,
1193 1480 1395 1532 quomodo
1419 1492 1464 1520 ea
1489 1482 1614 1532 magni
1634 1480 1788 1520 Heroes
1815 1479 1872 1521 usi

58 1535 157 1576 sunt.
221 1535 274 1576 Et
293 1548 376 1587 quae
400 1535 591 1574 neceffitas
610 1565 623 1584 ,
652 1537 813 1577 obsecro
835 1568 847 1586 ,
876 1537 1069 1590 pandendi
1088 1539 1208 1591 ipsum
1236 1541 1442 1591 cor,quod
1462 1540 1613 1580 Natura
1630 1554 1709 1580 non
1732 1539 1871 1580 fortui-

60 1606 106 1636 to
124 1598 165 1635 in
185 1597 320 1636 intimo
346 1593 492 1634 abdidit
513 1593 704 1647 pectore?
733 1598 846 1637 etiam
867 1599 906 1637 in
925 1599 1039 1637 rebus
1055 1600 1211 1638 minoris
1233 1602 1422 1639 momenti
1441 1599 1608 1652 &longe
1630 1601 1764 1653 positis
1781 1612 1871 1651 per-

59 1655 245 1699 niciosum
260 1655 337 1704 est,
368 1653 502 1694 sifiant
526 1655 690 1707 publicae
711 1687 722 1704 ,
755 1658 842 1707 quia
870 1657 1112 1696 occasionem
1141 1657 1232 1696 dant
1257 1660 1366 1710 plura
1398 1659 1537 1699 deinde
1557 1673 1627 1712 per
1642 1661 1797 1699 rationis
1812 1659 1870 1698 di·

59 1716 225 1760 scursum
253 1713 465 1767 indagandi.
524 1713 691 1753 Tametsi
717 1727 785 1753 cor
809 1715 962 1767 penituS
983 1717 1079 1755 intra
1107 1716 1251 1756 viscera
1277 1718 1449 1758 abditum
1470 1719 1539 1765 sit,
1561 1731 1609 1758 ex
1632 1719 1713 1758 solo
1734 1729 1867 1758 tamen

62 1779 284 1816 arteriarum
305 1783 417 1813 motu
435 1771 670 1812 infirmitates
685 1773 765 1825 ejus
790 1786 834 1813 ac
866 1776 991 1814 morbi
1017 1774 1300 1827 dignoscuntur.
1359 1776 1551 1817 Executio
1567 1781 1645 1818 vim
1660 1779 1761 1818 suam
1780 1790 1869 1830 per<

61 1836 119 1876 dit
141 1848 222 1876 non
246 1835 391 1885 absque
417 1831 701 1872 existimationis
713 1831 857 1885 jafturz‘i
875 1833 924 1873 de
937 1833 1142 1886 prudentia
1159 1835 1342 1888 Principis
1359 1867 1371 1886 ,
1400 1837 1428 1877 si
1446 1850 1530 1888 quae
1552 1839 1630 1889 ipse
1655 1837 1784 1878 facere
1801 1839 1867 1877 de-

59 1897 211 1944 crevit,
240 1894 484 1947 publicentur
500 1892 539 1930 in
563 1892 713 1943 vulgus.
775 1891 941 1932 Consilia
960 1895 1113 1933 occulta
1134 1894 1359 1945 &ignorata
1377 1897 1555 1936 omnibus
1580 1898 1867 1948 minanturpar-

60 1956 164 1995 tibus
191 1985 202 2003 ‚
233 1954 440 2002 valentque
468 1960 549 1988 non
574 1961 708 2001 parum
728 1949 775 1988 ad
800 1950 949 1991 hostem
969 1952 1143 1993 aliorsum
1163 1952 1455 1994 distrahendum.
1543 1954 1647 1995 Hinc
1669 1958 1707 1996 in
1726 1958 1866 1996 malitia

57 2015 190 2069 potius
211 2043 224 2062 ,
254 2009 370 2064 quam
393 2011 433 2050 in
460 2009 575 2048 rebus
596 2009 674 2047 aliis
702 2011 825 2050 celare
856 2023 900 2050 ea
923 2011 1095 2063 expedit.
1181 2012 1296 2053 Pauci
1322 2024 1483 2054 conatus
1506 2015 1543 2055 &
1565 2018 1759 2057 molimina
1777 2027 1867 2057 ante

63 2084 219 2126 tempus
239 2069 394 2112 detes&
414 2067 565 2109 felicem
584 2069 787 2108 sortiuntur
814 2072 959 2110 exitum
1034 2070 1162 2124 Quam
1179 2075 1306 2113 animo
1325 2075 1520 2124 turbatur,
1536 2077 1599 2127 qui
1621 2078 1708 2116 ante
1729 2077 1867 2117 saucia-

58 2136 93 2176 ri
109 2135 158 2173 de
180 2131 310 2181 videt,
342 2141 456 2182 quam
477 2127 603 2182 stringi
627 2129 815 2181 gladium
843 2131 906 2171 ille
920 2133 1090 2183 inquam,
1106 2134 1170 2184 qui
1187 2145 1268 2173 non
1286 2133 1354 2174 nisi
1375 2133 1422 2174 ad
1437 2135 1558 2187 ipsum
1573 2147 1763 2176 armorum
1774 2137 1865 2177 stre-

58 2196 184 2249 pitum
202 2193 391 2233 excitatur
412 2189 432 2229 2

215 2252 251 2304 §.
285 2251 383 2304 Quae
402 2258 528 2290 tamen
549 2247 704 2300 intelligi
734 2248 852 2288 velim
873 2247 922 2288 de
948 2249 1056 2290 bellis
1078 2249 1256 2291 adversus
1283 2251 1457 2293 infideles
1475 2284 1486 2302 ,
1515 2266 1594 2294 non
1619 2254 1669 2295 de
1703 2256 1746 2294 iis
1776 2268 1863 2306 quae

59 2312 267 2355 Christiani
288 2320 422 2351 contra
446 2310 483 2349 se
501 2309 666 2347 invicem
686 2307 889 2360 suscipiunt
906 2339 918 2358 ,
949 2322 1034 2361 quae
1046 2312 1150 2362 prius
1172 2312 1340 2352 indicere
1350 2323 1570 2365 oporteret,
1584 2325 1626 2353 ut
1647 2315 1694 2355 ad
1712 2314 1793 2354 satis
1807 2315 1863 2355 fa-

62 2373 232 2413 &ionem
254 2381 407 2424 tempus
441 2369 659 2421 suppeteret
679 2397 692 2417 ,
722 2380 801 2419 quo
823 2366 1032 2409 multorum
1056 2370 1179 2410 caedes
1201 2374 1335 2412 evitari
1359 2372 1519 2425 possent.
1579 2374 1721 2427 Estque
1744 2387 1788 2414 ea
1806 2376 1864 2415 di-

61 2435 215 2488 ligentia
234 2444 319 2484 pars
348 2430 521 2483 quaedam
542 2439 674 2467 eorum
691 2457 704 2477 ‚
734 2440 818 2480 quae
846 2431 1088 2480 requiruntur
1105 2460 1118 2478 ‚
1147 2440 1190 2470 ut
1214 2433 1355 2472 bellum
1380 2434 1523 2473 licitum
1549 2434 1621 2482 sit,
1651 2448 1694 2474 ac
1706 2434 1862 2486 justum.

58 2490 261 2535 Laudandi
285 2493 324 2531 in
347 2491 425 2531 hoc
440 2489 606 2530 Romani
631 2488 694 2539 qui
716 2488 930 2541 Collegium
957 2489 1152 2540 quoddam
1177 2493 1311 2545 viginti
1334 2492 1586 2534 Sacerdotum
1604 2525 1617 2543 ,
1647 2507 1744 2546 quos
1766 2496 1862 2535 Hei·

61 2553 160 2595 liales
187 2551 454 2604 appellabant,
483 2548 744 2597 instituerunt,
773 2559 817 2587 ut
840 2550 936 2588 bella
953 2550 1192 2602 indicerent,
1231 2564 1512 2604 componerent
1539 2566 1695 2605 pacem,
1727 2554 1862 2594 &san-

63 2618 187 2653 cirent
204 2611 346 2652 foedera
363 2625 376 2659 ς
406 2612 471 2664 qui
491 2606 609 2663 porro
626 2609 663 2647 in
676 2607 855 2648 similibus
876 2608 994 2648 causis
1007 2609 1156 2660 judices
1172 2610 1302 2660 essent,
1314 2624 1358 2651 ac
1370 2612 1430 2663 jus
1457 2613 1626 2652 dicerent
1640 2643 1652 2661 ,
1670 2624 1862 2654 curarent-

60 2686 141 2726 que
155 2703 170 2722 ,
200 2682 243 2711 ut
257 2672 329 2724 pro
357 2672 496 2723 injuriis
515 2669 552 2710 &
577 2667 851 2709 offensionibus
867 2671 1034 2721 acceptis
1055 2672 1152 2722 parti
1167 2672 1258 2710 laesae
1278 2673 1362 2711 satis
1380 2670 1512 2722 fieret,
1543 2674 1654 2713 trium
1676 2686 1719 2714 ac
1733 2675 1861 2726 trigin-

60 2743 103 2775 ta
131 2733 275 2773 dierum
298 2729 497 2771 statuendo
516 2729 717 2769 terminum
741 2731 839 2769 intra
858 2741 955 2782 quos
974 2728 1043 2770 nifi
1072 2731 1156 2770 lites
1179 2740 1244 2769 aut
1258 2732 1322 2770 via
1336 2730 1508 2782 justitiae,
1539 2743 1604 2773 aut
1621 2735 1738 2773 amica
1753 2745 1860 2773 com·

63 2793 258 2847 posi-tione
287 2790 500 2830 desinerent
523 2820 536 2839 ,
567 2789 706 2830 bellum
725 2789 1007 2830 denunciabant
1024 2817 1038 2839 ,
1066 2791 1186 2831 tribus
1210 2790 1418 2832 senioribus
1450 2794 1539 2834 viris
1559 2794 1598 2834 in
1618 2793 1731 2836 testes
1754 2793 1860 2834 adhi-

63 2854 174 2906 bitis,
202 2854 334 2894 lancea
349 2850 517 2892 feratain
533 2846 707 2890 hostilem
723 2862 852 2904 agrum
859 2849 1044 2904 projesta.

200 2985 219 2997 .
255 2987 273 2997 -
306 2987 324 2996 -
358 2950 449 3017 (d)
486 2951 550 3005 Et
576 2951 801 3008 baculum
822 2955 1099 3025 intorquens
1128 2955 1304 3009 emittit
1330 2952 1383 3006 in
1409 2971 1558 3007 auras

205 3026 511 3094 Principium
531 3033 711 3094 pugnae.
1076 3093 1112 3137 X
1130 3107 1157 3136 x
1821 3095 1857 3138 Ε

172 3214 227 3256 (a)
253 3219 297 3250 Et
316 3215 401 3251 vias
416 3214 508 3250 illius
531 3216 608 3268 quis
623 3200 789 3268 in'teffissgit
805 3217 824 3256 ‚e
849 3216 943 3256 aeci.
963 3221 1102 3265 1s,.21.
1133 3215 1265 3265 (bJIsa.
1285 3221 1367 3258 aa.
1414 3218 1471 3265 (e)
1492 3214 1577 3254 Tac.
1594 3213 1656 3253 1112.
1680 3213 1853 3254 1.Annai.

68 3262 132 3313 (d)
152 3262 257 3317 virg.
273 3266 297 3305 1.
315 3279 353 3316 9.
377 3265 521 3309 AEneid.
