2132 3730
5 1908 10 2008 l

465 254 1434 300 SYMBOLAPOLITICA.
1774 263 1888 319 ,397

86 332 170 386 quis
185 334 388 387 obstiterit,
417 342 610 391 graviores
643 340 733 381 inde
766 350 896 381 motus
923 344 1096 382 evitabit.
1142 339 1308 392 joannes
1333 341 1423 381 Rex
1451 340 1668 392 Aragonius
1693 345 1892 389 nunquam

85 405 208 435 ratum
232 395 372 437 habere
388 400 510 437 voluit
527 395 671 440 factum
700 400 796 440 Sixti
831 402 968 455 Quarti
1001 399 1221 442 Pontificis:
1251 401 1316 452 qui
1346 400 1621 454 Episcopatum
1652 397 1892 450 Caesaraugua

84 452 229 494 starium
262 455 288 508 ζ
301 456 358 511 α)
389 457 577 498 Cardinali
602 459 727 500 Ausiae
756 460 991 514 DezpuchIO
1017 462 1232 513 contulerat
1249 490 1261 510 ,
1292 460 1342 500 eo
1369 459 1477 513 qnod
1503 458 1550 498 ab
1580 456 1663 511 ipso
1685 459 1815 510 Rege,
1848 466 1891 497 ut

81 525 164 556 erat
187 515 227 556 id
255 519 438 569 temporis
459 518 629 558 moribus
659 520 897 572 usurpatum,
926 523 1144 563 nominatus
1172 532 1253 560 non
1289 519 1394 561 ess'et.
1462 519 1596 572 Quare
1638 520 1677 558 in
1715 519 1818 558 bona
1852 517 1891 558 &

83 575 280 629 Cognatos
301 576 508 617 Cardinalis
523 577 720 632 grassatus,
739 584 904 633 pervicit
920 581 1097 631 tandem,
1126 589 1170 620 ut
1185 581 1215 619 is
1234 579 1465 621 Pontificatu
1485 579 1523 618 se
1541 579 1754 626 abdicaret,
1774 588 1891 630 quem

82 637 222 678 deinde
242 638 329 677 Rex
346 635 452 676 dedit
478 637 631 690 Nepoti
645 640 711 679 suo
727 641 950 693 Alphonso,
980 643 1040 681 cui
1056 643 1133 694 jam
1146 634 1298 692 pridem
1314 639 1439 680 fuerat
1459 637 1679 678 destinatus.
1739 637 1888 678 Eadem

81 698 281 738 contentio
297 698 412 749 paulo
432 697 518 749 post
537 699 586 738 de
601 698 866 742 Turiasonensi
886 700 1057 742 Ecclefia
1077 710 1161 741 orta
1191 698 1285 750 fuit,
1315 701 1379 740 cui
1398 699 1486 739 cum
1514 698 1668 750 quidam
1692 698 1889 751 supremus

76 757 207 808 judicii
226 756 362 797 Praeses
383 758 641 809 praeficei-etur
668 759 903 813 Episcopus,
929 761 1027 812 jussit
1042 772 1132 802 eum
1159 761 1261 800 illico
1284 761 1501 799 renuntiare
1531 758 1662 799 Infulae
1678 785 1691 804 ‚
1722 760 1760 797 ni
1785 758 1887 798 face-

79 829 156 867 ret,
185 829 274 858 eum
289 818 326 857 &
351 829 535 871 cognatos
561 818 640 870 ejus
660 833 796 861 omnes
814 820 836 861 e
857 823 1001 874 Regnis
1021 822 1095 861 suis
1120 819 1286 872 eJettum
1304 821 1348 859 iri
1367 819 1622 860 minitabatur.
1682 816 1790 857 Idem
1816 830 1887 869 po,

78 880 155 920 stea
179 877 272 918 fecit
289 876 441 929 Joannis
460 877 576 919 Filius
597 880 684 920 Rex
706 878 967 921 Ferdinandus
1002 882 1041 921 in
1069 879 1289 920 Conchensi
1313 877 1547 920 Pontificatu
1576 890 1665 918 cum
1692 876 1890 929 Raphae‘le

78 940 287 987 Galeotto,
319 951 432 990 quem
460 938 587 979 Sixtus
614 939 795 981 Pontifex
823 941 902 993 ejus
925 943 1167 994 propinquus
1194 941 1246 980 illi
1276 939 1458 980 Ecclefiae
1482 938 1641 979 dederat
1664 936 1887 977 Praesulem:

77 1000 291 1053 indignatus
306 1012 407 1038 enirn
430 999 538 1048 Rex,
570 1001 607 1039 in
627 1000 824 1042 hominem
842 1010 1087 1050 extraneum,
1118 1001 1156 1041 &
1174 1000 1319 1052 absque
1341 1001 1629 1046 nominatione,
1663 997 1883 1049 dignitatem

76 1063 176 1100 illam
203 1061 399 1107 collatam,
431 1057 624 1110 Hispanos
646 1069 781 1100 omnes
799 1062 926 1101 Roma
940 1061 1038 1113 jussit
1054 1061 1209 1114 egredi,
1241 1059 1446 1112 statuitque
1468 1071 1512 1098 ea
1530 1059 1639 1111 super
1665 1068 1725 1105 re,
1756 1056 1795 1096 δε
1824 1057 1887 1096 ali-

77 1133 115 1159 as
143 1121 189 1159 ab
216 1119 341 1160 causas
372 1119 590 1159 Concilium
627 1131 780 1172 cogere.
842 1121 1022 1173 Cumque
1049 1120 1189 1161 deinde
1224 1119 1408 1161 Pontifex
1437 1118 1626 1171 Legatum
1658 1116 1826 1166 misisset,
1850 1115 1888 1157 ἃ

75 1177 139 1220 hic
169 1180 206 1220 in
224 1178 442 1231 Hispaniam
460 1179 639 1230 ingreffus
662 1180 774 1230 effet,
804 1183 949 1221 reverti
971 1193 1061 1222 eum
1086 1181 1175 1221 Rex
1203 1179 1320 1231 justit,
1351 1181 1518 1232 graviter
1537 1175 1792 1230 conquestus,
1808 1189 1889 1216 non

74 1239 223 1279 tractari
238 1240 276 1279 se
298 1241 319 1278 a
340 1241 486 1279 summo
508 1239 719 1289 Pontifice,
749 1252 821 1293 pro
841 1254 891 1281 eo
917 1254 962 1281 ac
989 1240 1177 1281 obediens
1206 1238 1389 1280 Ecclefiae
1415 1237 1531 1279 Filius
1562 1245 1793 1285 mereretur,
1820 1248 1888 1275 ve-

73 1299 350 1351 hementerque
368 1300 548 1348 miratus,
579 1299 768 1351 Legatum
800 1303 1001 1353 negotium
1022 1300 1122 1340 istud
1145 1303 1183 1340 in
1213 1298 1250 1339 se
1275 1297 1485 1352 suscepiffe.
1547 1299 1601 1338 At
1627 1298 1688 1337 ille
1714 1295 1888 1336 modeste

71 1359 286 1410 respondit,
316 1358 532 1397 renuntiare
552 1359 589 1397 se
612 1358 746 1411 Legati
761 1361 992 1412 privilegiis,
1025 1361 1064 1400 δι
1082 1360 1200 1412 Regis
1222 1359 1370 1410 judicio
1397 1360 1667 1410 acquiescere3
1698 1368 1772 1406 qua
1798 1368 1886 1396 cum

71 1419 319 1465 conditione,
352 1416 390 1456 &
412 1416 524 1455 bonis
545 1415 754 1456 Cardinalis
769 1417 962 1469 Hispaniae
991 1420 1183 1468 obsequiis
1219 1417 1395 1457 admiffus
1425 1415 1520 1466 fuit,
1553 1418 1756 1466 omnisque
1795 1428 1886 1455 con‹

71 1477 256 1518 troversia
282 1474 507 1527 composita.
568 1474 722 1516 Verum
749 1478 874 1527 gravis
908 1476 1018 1517 causa
1034 1477 1080 1517 sit
1102 1485 1289 1528 oportet,
1319 1487 1385 1515 aut
1406 1475 1586 1515 naturalis
1615 1474 1813 1522 defensio,
1845 1483 1888 1514 ut

72 1536 258 1590 ejusmodi
278 1536 503 1586 usurpentur
518 1533 667 1581 media3
698 1534 854 1587 dignum
869 1546 1028 1586 quoque
1051 1546 1216 1587 paterno
1234 1534 1470 1575 Pontificum
1489 1547 1640 1585 amore,
1672 1532 1827 1574 minime
1843 1535 1887 1574 iis

71 1598 193 1637 ansam
216 1596 329 1644 dare,
358 1592 421 1634 sed
436 1593 660 1645 benignitati
687 1592 836 1647 semper
856 1593 1030 1644 studere,
1062 1594 1111 1634 ad
1134 1592 1437 1634 conservandam
1463 1604 1636 1634 mutuam
1667 1605 1754 1633 curn
1785 1595 1886 1633 Prin-³

71 1659 219 1710 cipibus
244 1655 465 1696 amicitiam:
494 1653 564 1693 etsi
589 1656 694 1694 enim
715 1653 910 1707 duplicem
933 1665 1049 1695 manu
1075 1654 1138 1694 sua
1155 1662 1288 1706 portet
1308 1653 1493 1706 gladium,
1527 1653 1756 1706 spiritualem
1777 1654 1887 1693 nimi-

69 1730 154 1759 rum
171 1717 208 1757 &
231 1716 465 1762 saecularem,
493 1712 558 1752 hic
581 1723 710 1754 tamen
740 1725 810 1767 per
830 1714 932 1767 ipsos
956 1714 1214 1766 Imperatores
1242 1713 1280 1753 &
1300 1713 1451 1766 Reges,
1480 1722 1662 1765 tanquam
1679 1712 1887 1765 'prote6t0-

68 1790 129 1818 res
149 1776 445 1825 defensoresque
462 1771 643 1814 Ecclesiae
661 1775 884 1815 executioni
901 1774 1071 1814 mandari
1099 1774 1230 1814 debet.
1294 1772 1396 1815 Onde
1428 1776 1586 1814 conviene
1614 1772 1774 1827 (verba
1802 1774 1887 1813 sunt

68 1837 186 1890 Regis
210 1833 400 1887 Alphonsi
420 1832 646 1888 Sapientis)
670 1841 737 1885 por
756 1846 868 1874 razon
891 1832 1052 1882 derecha,
1083 1847 1149 1887 que
1163 1832 1248 1887 estos
1276 1832 1334 1874 dos
1349 1832 1495 1885 poderes
1511 1830 1598 1884 βείω
1617 1834 1764 1886 stampe-e
1788 1846 1886 1872 acor-

67 1893 195 1944 dados,
225 1894 275 1947 ast
291 1908 355 1950 que
378 1892 464 1932 cada
482 1905 553 1932 una
573 1892 669 1932 delfos
686 1892 797 1946 ayude
812 1893 853 1935 de
858 1890 903 1945 stc
912 1902 1024 1946 parte
1039 1894 1076 1933 al
1097 1902 1195 1934 otro:
1225 1906 1266 1932 ca
1279 1893 1311 1933 el
1330 1889 1444 1947 quest>
1467 1891 1508 1931 de
1521 1889 1696 1944 sacordaste
1717 1923 1729 1941 ,
1754 1895 1881 1934 verum

70 1964 193 1996 contra
209 1956 239 1995 el
256 1952 500 1995 iizawdaiiziento
524 1950 563 1992 de
578 1952 691 2001 Dios,
720 1966 737 1992 e
754 1955 865 1993 avria
871 1962 941 2005 por
954 1951 1091 2003 fuerza
1109 1952 1150 1993 de
1168 1963 1331 2006 menguar
1347 1953 1382 1992 la
1391 1949 1458 2003 fe,
1492 1965 1509 1990 e
1538 1953 1573 1992 la
1592 1954 1638 2006 js!
1669 1955 1750 1999 itia,
1779 1965 1797 1991 e
1820 1965 1886 1993 non

4 2026 7 2061 ι
61 2015 187 2069 podria
200 2016 403 2067 longamente
417 2011 529 2051 durar
551 2012 584 2051 Ia
601 2013 715 2052 tier-ra
736 2025 776 2052 en
789 2012 877 2053 lmen
891 2011 1026 2068 estado,
1057 2015 1133 2053 nien
1148 2021 1245 2064 paz,
1266 2012 1304 2064 st
1337 2011 1402 2060 ello
1421 2010 1461 2062 se
1513 2010 1618 2065 zirffi’.
1680 2012 1807 2069 ngre
1824 2024 1885 2051 ra-

3 2154 7 2205 l

1 2282 5 2351 l

66 2077 150 2115 .τίσηὶ
173 2076 316 2115 maxime
332 2069 578 2123 coiffentanemn
595 2070 662 2126 cst,
691 2076 732 2112 ut
758 2081 909 2127 utraque
927 2074 998 2113 haec
1009 2071 1162 2125 potrstas
1178 2068 1487 2122 concordetftmpw
1513 2070 1566 2116 &⁹
1595 2068 1798 2121 cmiſsatlat,
1829 2074 1881 2111 im

65 2143 108 2176 ut
126 2136 253 2174 mutuis
268 2134 382 2173 altera
396 2132 541 2170 alteram
557 2131 698 2170 αμα-[Ζῆς
707 2131 826 2184 juvet.
888 2132 985 2172 Inter
1009 2134 1074 2171 has
1095 2135 1200 2179 enim,
1219 2131 1257 2183 fi
1286 2143 1355 2182 qua
1381 2128 1545 2181 dgsbordia
1570 2128 1760 2180 exarserit,
1789 2128 1881 2171 clivi-

3 2217 5 2238 ε
66 2207 132 2235 ηας
146 2194 252 2247 leges,
273 2190 380 2246 fidem
397 2198 503 2244 atque
518 2189 692 2245 jzfiitiam
715 2190 863 2239 violari,
893 2191 1050 2244 orbisque
1060 2199 1180 2242 pacem
1203 2202 1245 2228 ac
1269 2188 1556 2243 tranquillitatem
1581 2190 1726 2229 turbari
1754 2188 1802 2242 ⁶st
1825 2203 1881 2230 ne-

2 2251 6 2278 '·
64 2250 152 2308 ceffl’.

241 2307 370 2351 Facile
392 2306 573 2360 equidem
590 2304 730 2354 credo,
761 2304 845 2348 satis
867 2319 952 2348 eam
968 2318 1050 2347 tem
1081 2291 1188 2346 cordi
1205 2304 1280 2347 effe
1303 2307 1482 2347 omnibus
1503 2308 1547 2346 iis
1563 2335 1575 2355 ,
1607 2316 1805 2359 quotquot
1838 2311 1877 2349 in

65 2371 240 2423 suprema
262 2371 323 2411 illa
345 2367 433 2408 sede
456 2366 569 2407 Deus
591 2366 820 2416 collocavit,
849 2363 914 2406 sed
943 2367 1169 2419 perturbant
1189 2377 1318 2407 curam
1336 2365 1441 2407 istam
1458 2365 1650 2406 interdum
1673 2365 1783 2407 aulici
1799 2366 1879 2407 Ro-

65 2430 188 2478 mani,
220 2441 386 2481 quorum
420 2428 577 2466 unicum
606 2423 772 2466 studium
807 2423 884 2476 est,
913 2426 1182 2468 discordiarum
1206 2425 1379 2480 spargere
1405 2426 1557 2467 semina.
1616 2425 1780 2468 Suscitat
1799 2429 1879 2468 illas

66 2491 184 2530 etiam
205 2487 472 2529 Ministrorum
493 2482 734 2536 quorundam
753 2485 933 2535 ambitio,
965 2488 1030 2537 qui
1057 2486 1096 2527 in
1129 2486 1364 2527 summorum
1381 2485 1615 2529 Pontificum
1644 2488 1801 2540 gratiam
1824 2488 1879 2527 in-

0 2551 3 2596 ζ
66 2550 214 2590 sinuare
239 2548 276 2589 se
291 2546 466 2595 student,
496 2544 534 2584 ὅτι
554 2544 747 2596 praecipua
769 2546 907 2585 mereri
930 2545 1058 2586 munia
1076 2574 1089 2595 ,
1119 2558 1208 2586 cum
1224 2547 1286 2586 illa
1308 2545 1330 2586 a
1351 2545 1590 2597 Principibus
1614 2545 1878 2598 independen-

0 2604 2 2631 ÷
67 2610 142 2659 tia,
170 2607 290 2649 immo
309 2607 478 2652 &animi
495 2603 717 2651 aversione;
747 2605 870 2645 varias
901 2603 1160 2659 excogitando
1181 2606 1346 2645 rationes
1374 2603 1422 2644 ad
1453 2603 1693 2657 denegandas
1721 2608 1877 2658 gratias,

0 2659 2 2699 ἶ
69 2680 164 2721 quas
184 2676 346 2721 petunt,
377 2666 416 2706 &
438 2675 596 2705 omnem
617 2663 810 2716 captando
839 2664 1080 2705 occasionem
1105 2663 1330 2704 offendendi
1357 2663 1508 2704 illorum
1529 2663 1697 2718 Legatos
1717 2678 1729 2712 ;
1760 2676 1878 2717 atque

0 2727 2 2732 ’
66 2737 111 2768 ut
131 2727 225 2768 forti
243 2726 446 2768 videantur
462 2723 538 2766 effe
561 2721 689 2764 animo
704 2723 772 2763 sub
790 2724 917 2776 specie
934 2725 1146 2778 Religionis
1167 2723 1204 2763 &
1227 2725 1300 2763 zeli
1315 2725 1489 2763 violenta
1524 2723 1726 2776 suggerunt
1756 2725 1879 2765 consr-

66 2789 136 2830 lia:
165 2799 244 2840 quo
260 2785 336 2835 fit,
364 2795 408 2825 ut
439 2785 545 2826 bona
575 2781 640 2840 illa
663 2782 872 2825 Pontifices
901 2785 1000 2837 inter
1033 2784 1072 2825 δε
1102 2783 1295 2834 Principes
1331 2784 1495 2823 amicitia
1529 2783 1738 2836 intepescat
1755 2814 1768 2834 ,
1795 2796 1877 2826 nou

69 2848 215 2899 absque
231 2847 362 2898 insigni
378 2843 617 2897 Reipublicae
634 2842 852 2885 Christianae
870 2843 1100 2885 detrimento
1112 2874 1124 2893 ,
1141 2843 1178 2884 &
1201 2843 1419 2896 refrigescat
1430 2845 1468 2882 in
1494 2845 1603 2882 venis
1617 2842 1714 2884 illius
1728 2846 1875 2897 pietas,

70 2909 123 2949 ob
142 2906 339 2948 defectum
356 2907 509 2955 amoris,
539 2905 604 2956 qui
624 2904 892 2964 arteriaeinstar
921 2917 984 2946 eas
1024 2901 1157 2954 fovet,
1186 2901 1432 2960 calentesque
1453 2903 1668 2948 conservat.

168 3076 226 3124 (a)
250 3075 339 3112 Zur.
358 3070 449 3119 Hist.
477 3072 588 3121 Arag.
619 3070 709 3130 Mar.
725 3070 816 3110 Hist.
833 3070 1017 3123 Hisp.1ib.
1034 3054 1097 3121 24}
1113 3081 1144 3108 e.
1166 3074 1224 3109 16·
1280 3070 1350 3121 (b)
1377 3072 1461 3108 Ant.
1477 3065 1572 3108 Neba
1595 3065 1687 3105 Hist.
1714 3066 1816 3118 Hisp.
1838 3080 1872 3106 c.

78 3136 162 3164 120.

810 3302 1054 3349 Hhiiiiii'
1214 3319 1240 3323 ⁷·
1672 3295 1873 3362 SYMss
