2132 3730
245 241 303 284 92
707 213 1645 260 DVJDACJSAAVEDRAE

247 312 393 350 tionem
410 309 510 348 suam
533 302 634 354 apud
653 300 825 340 subditos
840 299 929 338 Rex
941 298 1160 351 Alphonsus
1180 298 1362 352 Sapiens,
1378 298 1453 353 (a)
1470 299 1624 350 quando
1639 297 1817 350 justitiam
1834 298 1983 341 secreto
2005 313 2044 341 ea

245 380 404 410 xercere
418 366 516 406 visus
531 362 598 405 est.
655 359 766 400 Tunc
777 358 978 412 expediret
991 356 1160 407 fortasse,
1170 371 1257 398 cum
1283 371 1327 399 ea
1339 358 1390 400 est
1399 359 1638 412 perturbatio
1651 368 1869 411 temporum
1879 390 1892 409 ‚
1910 369 1954 400 ut
1969 372 2047 400 ma-

243 429 327 481 jora
343 430 543 467 timeantur
560 421 730 474 pericula
749 447 763 470 ,
794 420 862 460 nili
898 421 1056 471 punitos
1080 427 1170 459 ante
1190 418 1320 458 videat
1336 420 1528 472 populus,
1547 416 1662 471 quam
1683 420 1982 471 comprehensos
1991 420 2045 459 se-

247 489 400 528 ditionis
418 482 604 523 auctores.
664 478 735 534 (b)
759 479 815 519 Ita
843 479 1003 521 Tiberius
1016 488 1156 531 poenam
1170 478 1267 517 servi
1283 479 1391 528 illius,
1409 481 1474 531 qui
1495 480 1708 532 Agrippam
1723 477 1761 518 se
1780 478 1943 519 finxerat
1956 487 2047 531 ‚pa-

244 549 311 587 lam
331 558 394 586 που
407 540 519 594 azfits,
540 543 576 582 in
583 535 718 592 secreta
726 540 855 592 palatii
872 547 981 591 parte
998 536 1147 591 interfici
1154 537 1254 592 jzfflt
1277 535 1452 591 corpusque
1472 540 1556 579 clam
1579 535 1735 589 mfferrh
1793 539 1836 578 In
1855 540 1934 579 aliis
1957 538 2048 579 cafi-

245 607 317 645 bus
342 604 492 645 fortiter
513 601 695 653 Princeps
718 600 785 640 suo
801 597 979 652 fungatur
1003 599 1152 647 officio,
1177 596 1283 649 quod
1298 596 1427 639 Dei&
1444 597 1581 651 populi
1601 600 1759 638 nomine
1781 597 1946 639 iustinet.
1982 597 2049 650 Ju-

242 665 341 707 stitia
357 674 521 714 namque
538 661 635 710 fuit,
656 672 739 712 quae
755 660 970 711 scepturum
988 659 1038 698 illi
1054 659 1093 698 in
1112 669 1244 697 manus
1265 655 1394 707 dedit,
1425 658 1462 698 &
1485 670 1603 710 porro
1622 659 1892 697 conservatura
1909 656 1972 698 est.
2003 658 2052 698 ll·-³

242 726 278 764 la
303 736 411 763 mens
432 721 486 762 est
506 722 584 762 Dei
606 735 615 760 ε
645 721 843 760 harmonia
868 720 1033 770 Reipub.
1060 719 1097 758 δε
1116 715 1325 768 Majestatis
1346 718 1574 768 praesidium.
1643 717 1898 758 Meminerint
1919 726 2050 758 tamen

242 784 438 835 Principes
455 784 493 822 in
513 783 642 822 locum
659 780 813 820 Patrum
828 778 986 818 fam-ilias
995 778 1031 818 se
1043 776 1268 826 successisse,
1282 776 1402 816 immo
1419 777 1554 818 revera
1572 779 1665 818 tales
1685 775 1760 817 effe
1785 776 1911 817 adhuc
1935 779 2050 817 ratio-

243 855 293 886 ne
315 843 551 882 subditorum
567 872 579 891 ,
608 839 849 893 proindeque
864 837 1046 889 Justitiam
1077 837 1291 877 Clementia
1313 846 1543 887 temperent„
1623 837 1822 890 Oportet,
1852 846 1896 876 ut
1916 837 2051 877 bibant

241 913 403 956 peccata
423 903 590 954 populi,
621 899 727 951 quod
748 899 859 938 Deus
879 896 917 936 S.
945 897 1062 937 Petro
1087 896 1309 949 significavit
1330 907 1401 947 per
1428 907 1495 935 vas
1519 896 1612 936 illud
1642 899 1859 937 animalium
1886 898 2052 937 immun-

243 962 383 1002 dorum
405 963 551 1001 coelitus
573 957 770 999 demiffum
784 989 796 1008 ,
827 956 850 997 ὲ
864 969 943 1009 quo
959 957 1167 997 comedere
1187 955 1254 1011 (c)
1269 953 1373 995 illum
1388 955 1496 1007 juffit.
1557 955 1791 996 Struthionis
1808 955 2052 997 stomachum

242 1021 425 1073 Princeps
447 1020 587 1060 habeat
603 1027 787 1070 oportet,
816 1027 893 1057 tam
919 1017 1173 1057 misericordia
1192 1016 1355 1056 calidum
1384 1046 1396 1065 ‚
1427 1025 1470 1054 ut
1495 1014 1640 1055 ferrum
1660 1016 1807 1068 digerat
1828 1028 1841 1064 3
1873 1017 1911 1056 &
1939 1017 2051 1058 fimul

242 1083 381 1132 Aquila
402 1080 447 1119 fit
469 1092 559 1119 cum
577 1078 730 1131 Justitiae
750 1077 930 1126 fulmine,
960 1090 1044 1129 quae
1066 1076 1242 1117 feriendo
1262 1088 1405 1125 unum,
1425 1077 1554 1116 multis
1572 1076 1781 1115 minitetur.
1842 1074 1882 1115 Si
1899 1088 2051 1125 omneS,

243 1142 308 1192 qui
326 1140 553 1191 delinquunt
570 1169 583 1187 ,
611 1137 795 1190 puniendi
813 1136 943 1177 forent
968 1167 981 1187 ,
1011 1148 1127 1177 nemo
1146 1134 1350 1187 superess'et
1368 1165 1382 1184 ‚
1410 1137 1474 1175 cui
1504 1136 1688 1188 Princeps
1710 1137 1943 1187 imperaretx
1973 1134 2053 1189 (A)

241 1203 307 1240 vix
324 1202 409 1240 enim
425 1202 607 1253 quisquam
629 1197 712 1237 ade&
733 1198 812 1236 mali
827 1205 948 1248 expers
964 1227 977 1245 ,
1007 1204 1046 1235 ut
1061 1210 1124 1236 non
1137 1196 1285 1249 aliquam
1302 1201 1439 1235 mortem
1455 1203 1638 1235 mereatur.
1698 1193 1767 1250 (e)
1788 1196 1838 1235 Ca
1850 1207 1934 1235 como
1951 1197 2051 1248 quiet·

241 1259 267 1313 ζ
285 1261 403 1299 verba
427 1260 510 1298 sunt
532 1256 720 1309 Alphonsi
741 1257 858 1308 Regis
882 1256 909 1309 J
939 1269 1004 1310 que
1017 1256 1056 1304 Ia,
1070 1253 1226 1310 Justitr'a
1239 1269 1273 1306 qs
1292 1268 1369 1308 may
1395 1254 1504 1294 baem
1523 1252 1593 1306 cffiz
1617 1253 1697 1306 enfi
1706 1286 1719 1305 ,
1735 1267 1753 1294 e
1770 1253 1813 1293 -de
1830 1267 1893 1307 que
1914 1254 1992 1295 debe
2021 1254 2054 1295 el

241 1318 468 1372 Reyfiempre
493 1314 572 1369 usar
589 1332 601 1355 .·
630 1316 771 1357 comode
787 1312 959 1366 efissfamst
973 1328 1050 1368 may
1069 1315 1183 1363 cruel,
1212 1313 1346 1367 quando
1369 1327 1392 1353 a
1414 1313 1467 1353 las
1483 1313 1637 1367 vcgadas
1657 1327 1699 1354 no
1723 1327 1762 1354 es
1790 1313 1957 1366 tenffllada
1990 1327 2054 1355 cort

241 1376 492 1429 Myer-icordia.
549 1374 705 1430 Jcstitia
729 1388 873 1429 namque
886 1402 900 1426 ,
929 1375 1003 1414 lice-t
1026 1377 1061 1415 in
1074 1376 1117 1430 se
1132 1376 1255 1429 optima
1268 1373 1318 1425 fit
1332 1404 1344 1422 ,
1364 1370 1560 1426 ssmperque
1591 1375 1616 1413 ἁ
1647 1373 1783 1426 regibus
1806 1370 2018 1422 observanda
2035 1387 2053 1423 ,-

239 1439 451 1480 nihilominus
474 1467 487 1485 ,
517 1435 580 1488 nisi
596 1433 818 1489 misericordis?
832 1447 905 1474 eam
923 1446 1162 1486 nonnunquam
1184 1441 1346 1485 temperes
1370 1461 1382 1481 ,
1412 1435 1570 1473 vertitur
1584 1434 1620 1473 in
1646 1431 1892 1477 crudelitatem,
1950 1431 2053 1473 Non

241 1499 366 1538 minus
375 1495 535 1548 periculi
555 1493 611 1534 est
625 1494 792 1534 Coronae
807 1523 821 1544 ,
850 1495 940 1533 vitae
954 1493 992 1533 &
1017 1493 1186 1544 Statibus
1203 1491 1224 1532 a
1237 1490 1376 1543 justitia
1390 1520 1403 1541 ‚
1434 1492 1463 1532 fi
1481 1501 1653 1532 extrema
1672 1493 1735 1532 illa
1750 1491 1796 1533 fit
1811 1522 1824 1542 ,
1855 1490 1971 1543 quam
2001 1492 2050 1531 ab

241 1555 442 1608 injustitia:
473 1555 560 1593 Rex
581 1553 746 1606 joannes
770 1553 815 1593 II.
841 1554 1023 1604 exemplo
1041 1552 1107 1602 fit,
1137 1556 1202 1604 qui
1231 1550 1336 1603 quod
1353 1552 1440 1603 plus
1472 1564 1585 1603 aequo
1606 1551 1761 1592 severus
1791 1550 1904 1602 effet,
1936 1550 2054 1593 valde

240 1617 278 1656 se
299 1613 619 1667 populoinvisum
637 1613 824 1652 reddidit.
855 1612 894 1651 ὅτ.
918 1612 1006 1651 Rex
1023 1612 1157 1651 Petrus
1181 1611 1355 1651 Crudelis
1377 1622 1495 1664 regno
1508 1613 1669 1664 pariter,
1683 1611 1722 1652 ἃ
1741 1613 1821 1652 vita
1843 1609 2053 1663 propterea

241 1684 381 1715 exutus
408 1673 493 1713 fuit.
572 1671 700 1712 Nexis
721 1671 867 1722 semper
882 1671 1056 1711 manibus
1071 1670 1223 1710 incedat
1244 1669 1388 1721 Justitia
1404 1671 1441 1710 &
1459 1670 1673 1712 Clementia
1699 1699 1710 1720 ,
1741 1674 1931 1724 copulatae
1953 1672 2054 1711 inter

242 1735 280 1775 se
297 1732 399 1785 quasi
421 1740 549 1784 partes
576 1731 647 1770 sint
670 1731 782 1770 unius
805 1729 1055 1781 ejusdemque
1071 1731 1245 1780 corporis
1266 1758 1280 1777 ‚
1310 1740 1384 1768 nec
1403 1740 1570 1780 unquam
1587 1743 1663 1769 una
1679 1729 1831 1770 istarum
1869 1731 1975 1770 aliter
1993 1732 2052 1771 uti

240 1795 355 1835 liceat
373 1823 385 1841 ,
415 1789 529 1843 quam
547 1800 588 1830 ut
606 1803 655 1830 ne
676 1789 895 1831 offendatur
933 1791 1060 1829 altera.
1126 1785 1214 1829 Hac
1244 1799 1332 1828 reor
1359 1787 1408 1828 de
1432 1788 1542 1828 causa
1577 1800 1658 1830 non
1702 1788 1810 1829 dedit
1830 1789 1942 1831 Deus
1971 1791 2052 1843 gla-

245 1854 350 1893 dium
367 1854 520 1904 igneum
538 1880 549 1898 ,
580 1850 605 1902 ζ
616 1863 695 1902 quo
710 1849 899 1901 paradisus
919 1848 1169 1901 custoditur>
1196 1849 1235 1887 in
1256 1859 1390 1887 manus
1413 1847 1627 1900 Seraphino
1659 1849 1771 1889 alicui
1793 1880 1806 1899 ,
1847 1851 1913 1902 qui
1944 1859 2053 1890 totus

245 1925 352 1953 amor
364 1910 418 1950 est
432 1910 469 1949 ὅτ
481 1908 748 1956 misericordia,
762 1907 1052 1947 sedCherubino
1065 1907 1207 1958 spiritui
1218 1906 1393 1954 scientiae,
1406 1909 1472 1956 qui
1488 1909 1623 1947 melius
1633 1907 1756 1948 noffet
1765 1908 1951 1960 Justitiam
1960 1920 2054 1951 cum

252 1971 468 2012 Clementia
493 1965 584 2022 (f)
603 1976 831 2019 temperare.
867 1964 1227 2018 Nihilpernitiofius
1247 1963 1436 2016 Principe,
1450 1964 1548 2004 ultra
1563 1977 1675 2017 quam
1689 1978 1758 2017 par
1767 1967 1833 2016 est,
1844 1972 2052 2010 clemente.

243 2032 392 2073 Nervae
408 2028 647 2080 temporibus
673 2027 747 2067 dici
763 2026 931 2074 solebat,
963 2025 1071 2077 pejus
1088 2023 1163 2065 effe
1183 2024 1348 2075 Principi
1365 2024 1516 2074 subjici,
1535 2026 1599 2074 qui
1619 2027 1747 2064 omnia
1770 2025 1887 2076 quam
1911 2031 1977 2078 qui
1998 2030 2056 2067 ni·

241 2093 299 2133 hil
324 2090 575 2143 permitteret.
639 2087 771 2139 Quare
795 2085 897 2125 haud
914 2086 1037 2124 minus
1067 2083 1230 2123 crudelis
1255 2081 1335 2131 est,
1357 2086 1422 2133 qui
1440 2083 1618 2122 omnibus
1637 2084 1792 2123 veniam
1810 2084 1876 2125 dat
1891 2114 1905 2133 ‚
1936 2098 2055 2138 quam

246 2153 312 2204 qui
335 2149 491 2189 nemini,
548 2144 641 2186 Nec
657 2148 782 2186 minus
806 2146 901 2185 noxi
918 2143 973 2183 est
989 2144 1141 2195 Populo
1164 2143 1366 2182 clementia
1382 2143 1500 2182 nimia
1523 2141 1637 2195 quam
1659 2141 1730 2196 (g)
1755 2143 1979 2196 crudelitas,
2009 2145 2052 2187 ὃς
2113 2148 2124 2187 ἶ

245 2212 397 2265 gravius
415 2205 607 2248 interdum
624 2206 851 2259 impunitate
867 2203 1151 2256 &indulgentia
1171 2211 1354 2255 peccatur
1369 2231 1382 2251 ,
1413 2201 1528 2253 quam
1552 2202 1633 2255 ipso
1659 2201 1814 2243 delicto.
1872 2204 2050 2247 Nimiam

247 2273 361 2311 etiam
381 2267 576 2321 audaciam
593 2265 705 2306 sumit
718 2264 869 2305 Malitia
887 2294 900 2315 ,
932 2275 1020 2304 cum
1040 2265 1194 2303 veniam
1215 2262 1283 2301 fibi
1297 2260 1515 2313 pollicetur.
1584 2261 1715 2313 AEque
1746 2272 1947 2304 cruentum
1972 2264 2050 2305 fuit

244 2331 363 2382 Regis
381 2327 542 2367 Henrici
567 2325 703 2379 Quarti
723 2326 925 2377 imperium
947 2324 999 2363 ob
1013 2324 1167 2364 nimiam
1188 2322 1268 2374 ejus
1287 2321 1539 2361 Clementiam
1559 2320 1585 2374 ζ
1599 2322 1667 2362 nisi
1686 2331 1813 2361 tamen
1827 2324 1972 2364 omiffio
1995 2323 2052 2365 di-

248 2389 371 2430 cenda
388 2387 433 2427 sit
455 2386 584 2438 potius
608 2389 635 2438 )
666 2397 781 2438 quam
809 2384 900 2424 illud
918 2384 1034 2436 Regis
1051 2385 1154 2426 Petri
1181 2412 1193 2432 ‚
1223 2390 1486 2434 cognomento
1505 2380 1678 2421 Crudelis
1693 2411 1707 2430 ,
1725 2380 1778 2421 ob
1793 2382 1964 2432 ejusdem
1979 2385 2050 2424 im-

247 2450 496 2495 manitatem,
527 2443 740 2485 Clementia
759 2473 772 2493 ,
803 2443 840 2483 &
862 2443 1054 2484 Severitas
1079 2473 1094 2493 ‚
1124 2445 1187 2483 illa
1216 2441 1360 2488 effusa3
1388 2441 1471 2480 haec
1490 2440 1714 2489 moderata,
1751 2444 1865 2482 amari
1886 2443 1964 2496 (h)
1993 2442 2052 2482 fa·
2113 2487 2117 2493 x

248 2511 355 2549 ciunt
379 2506 607 2557 Principem.
672 2505 753 2558 Qui
766 2505 818 2543 ita
835 2502 969 2544 dextre
997 2503 1034 2544 &
1055 2503 1264 2555 prudenter
1282 2502 1444 2541 virtutes
1468 2500 1554 2541 istas
1573 2501 1728 2541 miscere
1746 2504 1914 2552 noverit,
1928 2504 1966 2542 in
1982 2514 2049 2553 gu·
2110 2493 2115 2508 ¹

248 2569 474 2609 bernatione
488 2576 611 2605 errare
633 2577 713 2605 non
733 2565 900 2616 poterit,
931 2563 1050 2603 immo
1070 2573 1153 2603 tota
1171 2564 1231 2602 illa
1244 2561 1367 2602 suavis
1383 2560 1535 2612 quidam
1560 2569 1773 2600 concentus
1793 2563 1884 2611 erit,
1915 2561 2048 2602 &har-

250 2629 379 2670 monia
397 2657 407 2675 ,
439 2626 535 2666 ficut
551 2636 635 2677 quae
651 2636 700 2666 ex
720 2625 819 2664 sonis
843 2631 958 2663 acuto
974 2623 1012 2663 &
1033 2624 1139 2676 gravi
1152 2624 1248 2663 inter
1269 2621 1306 2661 se
1321 2621 1617 2673 contemperatis
1636 2619 1698 2674 (i)
1713 2620 1928 2666 conficitur,
1961 2620 2047 2661 Coe·

249 2691 328 2729 lum
345 2686 473 2738 fruges
498 2695 677 2736 procreat
701 2685 796 2724 roris
814 2683 867 2723 sui
881 2683 1116 2737 benignitate
1138 2712 1152 2732 ,
1182 2682 1219 2722 &
1242 2682 1366 2734 rigore
1392 2683 1537 2733 pruinae
1559 2692 1603 2720 ac
1628 2682 1776 2721 nivium
1800 2690 1944 2721 tutatur
1962 2692 2048 2731 eas,

250 2748 287 2789 &
305 2747 500 2787 altioribus
521 2744 652 2799 defigit
675 2744 878 2784 radicibus.
939 2743 979 2785 Si
1001 2743 1112 2784 Deus
1132 2739 1298 2782 clemens
1313 2753 1391 2780 non
1407 2740 1523 2791 effet,
1551 2749 1750 2780 vereretur
1764 2741 1868 2781 illurn
1888 2740 2048 2792 quidem

247 2810 383 2854 timor,
400 2815 438 2845 at
450 2817 532 2846 non
549 2805 770 2846 observaret
784 2805 922 2844 cultuS.
983 2803 1160 2855 Utraque
1178 2803 1296 2842 virtus
1311 2800 1349 2841 ὅτ,
1364 2802 1487 2842 timeri
1502 2813 1591 2842 eum
1605 2799 1718 2849 facit3
1731 2800 1770 2841 δι
1790 2801 1917 2845 amari„
1949 2799 2046 2840 Ideo

1960 2859 2051 2901 Rex

353 2961 411 3006 (a)
435 2963 526 2998 Mar.
538 2961 615 2998 hist.
636 2961 735 3011 Hisp:
751 2961 812 2998 lib.
829 2974 890 2997 22.
904 2973 979 3011 cap.
997 2965 1031 2996 6.
1049 2958 1110 3007 (b)
1123 2957 1238 2995 Tacit.
1252 2957 1312 2995 lib.
1335 2973 1370 2996 2.
1397 2960 1526 2996 Annal.
1581 2961 1641 3005 (c)
1664 2963 1705 2994 In
1719 2966 1781 3008 quo
1796 2964 1904 2991 erant
1928 2957 2048 2993 omnia

249 3010 490 3065 quadrupedia
514 3040 523 3053 ,
552 3012 597 3055 όν
609 3012 789 3066 sbrpentia
805 3012 904 3049 terror
920 3039 928 3054 ‚
953 3010 1125 3049 volatilia
1143 3010 1218 3047 coeli
1237 3025 1249 3047 ‚⁴
1272 3009 1318 3053 όν
1339 3009 1447 3057 fac'i‘a
1464 3009 1511 3064 est
1525 3025 1601 3048 vox
1615 3009 1667 3047 ad
1679 3021 1777 3045 eum:
1801 3012 1908 3059 Surge
1933 3013 2048 3048 Petra

248 3062 360 3101 occide
374 3063 419 3107 ὠ
432 3064 617 3101 manduca.
642 3067 727 3103 AH.
746 3077 802 3103 10.
826 3077 885 3102 12.
937 3066 1000 3112 (d)
1021 3065 1054 3100 T
1057 3075 1108 3099 ac.
1119 3062 1181 3099 lib.
1204 3077 1240 3101 2.
1256 3064 1384 3102 Annal.
1433 3069 1502 3112 (e)¹
1525 3063 1602 3101 Lib.
1622 3075 1657 3098 2.
1675 3070 1717 3096 tt.
1739 3072 1795 3097 10.
1813 3073 1846 3110 p.
1860 3074 1894 3096 2.
1913 3059 1964 3107 (f)
1976 3059 2047 3096 Col>-

250 3116 386 3154 locavit
399 3127 484 3153 ante
498 3116 704 3162 Paradistam
727 3118 933 3169 voluptatis,
951 3112 1119 3153 Cherubin
1137 3143 1147 3160 ‚
1176 3113 1221 3157 (ἐν
1232 3113 1438 3166 flammeum
1455 3114 1630 3167 gladium.
1659 3113 1750 3149 Gen.
1771 3125 1874 3161 3.24.
1925 3113 2045 3160 (g)Fe-

250 3167 384 3205 liciores
397 3167 581 3216 enimstmt
597 3167 756 3221 improbil,
779 3169 951 3222 fhpplicia
965 3177 1098 3205 luentes
1113 3194 1122 3207 ,
1146 3180 1252 3220 quam
1262 3167 1303 3218 st
1315 3182 1366 3205 eos
1382 3164 1623 3216 nuffajustitiae
1632 3174 1736 3217 pa’na
1754 3168 1917 3201 coerceat.
1939 3166 2044 3203 Poet.

254 3220 278 3257 l.
300 3234 335 3267 4.
370 3222 462 3258 Phil.
516 3222 576 3268 (h)
601 3223 805 3273 Mirumque
828 3234 980 3258 amorem
1001 3219 1165 3267 affi’cutus
1184 3230 1264 3256 eras
1290 3218 1396 3273 ejffusk
1417 3219 1598 3256 clementia
1616 3243 1625 3258 ,
1658 3216 1805 3254 modicus
1828 3215 2042 3262 severitate,

252 3270 338 3310 Tac.
356 3273 378 3311 1.
399 3278 421 3311 6
424 3301 433 3312 .
449 3274 579 3314 Annal.
632 3272 675 3323 (i
683 3277 701 3320 )
726 3271 1005 3323 Mistricordiam
1023 3271 1249 3322 &judicium
1264 3271 1412 3311 cantabo
1432 3268 1501 3310 tibi
1524 3270 1682 3308 Domine.
1707 3270 1762 3309 Ps.
1783 3281 1866 3309 100.
1881 3280 1912 3306 1.
