2132 3730
264 220 322 250 22
729 201 1083 245 DIDACI
1136 201 1673 249 SAAVEDRAE

335 269 340 277 ,
358 266 2053 281 ——....-....-—-————-—-—-——-—-—-—-—-—-..————---

257 291 370 340 lent,
399 290 487 330 cum
505 290 646 328 choros
672 286 830 325 ducunt.
894 285 1098 339 Quantum
1120 295 1224 326 creat
1253 286 1446 328 fastidium
1464 288 1667 341 sapientia,
1693 289 1723 331 fi
1738 291 1887 331 morosa
1911 292 2071 334 nimium

258 350 306 391 fit
323 380 336 399 ,
366 348 405 389 &
430 348 698 389 humaniorum
731 346 925 386 literarum
955 354 1071 398 atque
1099 346 1236 386 artium
1255 347 1442 388 suavitate
1474 359 1555 389 non
1582 350 1814 402 aliquantum
1834 350 2070 393 condiatur?

257 407 490 451 Necessariae
508 417 600 460 ergo
622 404 700 446 istae
721 404 805 445 sunt
823 406 987 458 Principi
1008 436 1021 456 ‚
1050 414 1094 446 ut
1129 406 1341 458 imperandi
1366 407 1608 449 severitatem
1653 418 1898 463 temperent,
1927 420 2069 464 utpote

258 481 346 523 quae
378 467 399 509 a
423 465 485 509 sua
503 497 516 518 ,
547 463 623 520 qua
648 466 798 521 pollent
816 496 829 518 ‚
860 467 1078 509 amoenitate
1097 465 1342 510 humaniores
1367 467 1442 510 dici
1474 469 1772 519 consueverunt.
1848 471 2068 514 Commune

248 1905 389 1961 aliquid
406 1917 495 1948 cum
511 1907 655 1947 caeteris
677 1904 861 1958 Princeps
874 1915 953 1957 prae
977 1902 1015 1945 se
1032 1901 1134 1944 ferre
1148 1902 1266 1944 debet
1278 1933 1289 1952 ,
1318 1901 1357 1944 δε
1374 1901 1621 1945 discurrendo
1652 1905 1702 1945 de
1721 1905 1850 1947 studiis
1864 1907 1976 1947 variis
1986 1917 2054 1947 co-

243 1981 347 2011 mem
370 1967 408 2008 se
427 1968 599 2020 praebere
624 1967 662 2007 δι
680 1966 902 2013 affabilem3
943 1975 1071 2016 neque
1105 1965 1207 2005 enim
1236 1964 1338 2016 regia
1358 1963 1519 2018 dignitas
1545 1963 1601 2004 est
1619 1995 1632 2013 ,
1662 1977 1748 2016 quae
1773 1966 1957 2018 praecellit
1974 1968 2052 2006 ani-

244 2041 331 2072 mos
349 2057 362 2076 ,
392 2028 455 2068 sed
478 2029 642 2079 gravitas
660 2027 775 2066 nimia
798 2024 1071 2078 &imprudens
1094 2054 1105 2073 ,
1137 2023 1464 2076 quemadmodum
1483 2025 1619 2063 oculos
1636 2036 1717 2064 non
1732 2025 1798 2064 lux
1813 2025 1900 2065 solis
1927 2025 2052 2065 offen·

245 2089 321 2137 dit,
341 2086 404 2127 sed
420 2089 534 2128 nimia
550 2086 720 2138 ejusdem
743 2085 900 2125 siccitas.
961 2084 1133 2135 Oportet
1149 2085 1277 2135 itaque
1287 2084 1614 2123 utliberalioribus
1629 2084 1773 2123 artibus
1787 2084 1940 2124 scientia
1952 2086 2050 2136 poli-

241 2150 318 2189 tica
338 2157 550 2200 temperata
571 2156 686 2197 atque
705 2156 834 2185 ornata
851 2144 897 2184 sit
970 2143 1116 2193 Neque
1131 2145 1233 2183 enim
1254 2144 1325 2182 illae
1351 2141 1595 2194 resplendent
1614 2144 1740 2183 minus
1759 2172 1774 2192 ,
1807 2142 1919 2195 quam
1947 2144 2051 2184 rubi·

243 2211 284 2250 ni
299 2209 338 2248 in
354 2219 498 2248 corona
513 2206 636 2257 aliqua
651 2235 664 2255 ‚
694 2216 758 2244 aut
778 2203 995 2243 adamantes
1013 2205 1047 2242 in
1068 2204 1208 2242 annulo
1230 2217 1242 2248 ς
1273 2212 1387 2254 atque
1411 2201 1512 2243 adeo
1536 2201 1640 2242 haud
1656 2202 1849 2243 dedecent
1871 2202 2051 2254 MaJesta·

242 2278 323 2308 tem
344 2268 486 2319 regiam
507 2275 604 2305 artes
633 2263 708 2304 istae
727 2295 739 2311 ‚
770 2276 854 2316 quae
879 2265 1070 2316 ingenium
1098 2264 1238 2315 pariter
1265 2261 1301 2301 &
1331 2274 1486 2303 manum
1514 2260 1729 2303 desiderant
1753 2276 1767 2311 ;
1797 2275 1926 2314 neque
1942 2265 2049 2314 quic-

244 2339 359 2380 quam
375 2324 464 2381 (a)
495 2323 709 2364 auctoritati
730 2324 913 2376 derogare
940 2325 1084 2375 poterit
1099 2354 1110 2369 ,
1141 2332 1206 2361 aut
1233 2323 1331 2361 curis
1351 2320 1480 2362 obeffe
1498 2322 1660 2375 publicis
1677 2352 1690 2372 ,
1722 2322 1751 2362 s1
1779 2323 1964 2374 temporis
1985 2324 2048 2362 ali-

243 2386 336 2440 quid
351 2398 422 2439 per
437 2387 542 2427 vices
566 2414 578 2434 ,
610 2384 648 2425 &
664 2385 776 2424 animi
809 2382 928 2423 caussa
958 2383 1089 2422 iisdem
1114 2382 1293 2434 Princeps
1320 2382 1526 2435 impertiat.
1585 2381 1649 2421 Sic
1674 2381 1833 2422 Marcus
1854 2383 2048 2422 Antonius

241 2447 455 2500 Imperator
473 2444 654 2498 pingendi
678 2454 796 2484 artem
815 2457 827 2492 ,·
857 2442 1142 2483 Maximilianus
1175 2440 1375 2487 Secundus
1390 2440 1630 2494 sculptoriam
1653 2454 1667 2488 ς
1697 2440 1948 2481 Theobaldus
1963 2441 2048 2481 Na-

241 2519 362 2549 varrae
379 2505 468 2546 Rex
490 2504 627 2545 Poe‘sin
648 2503 686 2544 &
710 2502 901 2544 Musicam
926 2502 1180 2551 adamabant,
1210 2498 1284 2553 qua
1313 2499 1504 2553 postrema
1524 2504 1636 2542 etiarn
1655 2501 1853 2554 Philippus
1874 2502 2047 2554 Quartus

241 2566 451 2610 modernus
467 2564 733 2618 Hispaniarum
757 2564 846 2604 Rex
870 2594 882 2613 ,
913 2562 1133 2603 Serenitatis
1153 2560 1299 2601 Vestrae
1320 2560 1459 2601 Parens
1481 2590 1494 2609 ‚
1524 2560 1719 2601 oblectare
1737 2563 1903 2601 animum
1932 2561 2043 2609 solet,

243 2628 396 2679 quoties
415 2625 436 2666 ὲ
454 2626 553 2665 curis
571 2624 809 2678 gravioribus
831 2624 1029 2675 utriusque
1057 2623 1160 2662 orbis
1184 2622 1290 2674 quies
1318 2620 1557 2662 conceditur.
1616 2620 1659 2661 In
1681 2621 1817 2661 eadem
1840 2619 2043 2671 &Sparta-

239 2688 282 2728 ni
301 2686 552 2740 juventutem
571 2685 672 2725 suam
693 2685 940 2728 exercebant.
1002 2683 1109 2736 Quin
1126 2682 1234 2722 Plato
1265 2681 1378 2720 etiam
1400 2681 1437 2721 &
1458 2678 1681 2722 Aristoteles
1701 2681 1882 2720 exercitia
1898 2681 2042 2718 collau-

243 2746 336 2787 dant
355 2756 399 2788 ut
420 2746 536 2797 Reip.
565 2757 749 2797 perquam
766 2746 881 2784 utilia.
939 2742 991 2783 Et
1010 2745 1100 2783 licet
1119 2754 1200 2783 non
1217 2742 1364 2793 semper
1387 2742 1425 2780 in
1441 2740 1575 2781 iisdem
1595 2741 1839 2793 conquiescat
1863 2740 2008 2778 animus
2028 2769 2042 2788 ,

244 2806 466 2846 affummere
489 2816 617 2845 tamen
641 2806 701 2844 illa
721 2803 923 2856 aliquando
944 2805 1057 2843 etiam
1070 2804 1166 2843 ratio
1181 2797 1296 2841 status
1323 2800 1493 2841 suadebit
1512 2813 1526 2848 3
1562 2799 1611 2840 eb
1640 2800 1745 2852 quod
1775 2799 1924 2851 populo
1943 2800 2041 2839 mire

241 2868 413 2920 placeat,
443 2865 472 2905 fi
491 2864 621 2905 videat
640 2865 854 2916 Principem
876 2863 1066 2904 interdum
1085 2861 1107 2902 a
1124 2863 1221 2902 curis
1241 2861 1478 2913 gravioribus
1492 2860 1672 2900 sevocare
1690 2861 1854 2899 animum
1866 2888 1876 2906 ‚
1908 2858 1946 2898 &
1958 2871 2040 2898 non

242 2926 391 2978 semper
410 2927 449 2964 in
470 2925 705 2964 subditorum
728 2925 882 2964 servitio
909 2924 1143 2975 cogitatione
1169 2919 1339 2961 defixum
1360 2920 1448 2966 effe.
1511 2920 1606 2973 Quo
1630 2920 1787 2960 nomine
1804 2915 1900 2972 (b)
1921 2917 2038 2958 Drusi

244 2986 388 3027 deliciae
413 2986 563 3036 populo
586 2984 766 3024 Romano
784 2983 979 3036 quondam
998 2991 1165 3035 acceptae
1180 2980 1350 3021 fuerunt.

1887 3034 1922 3086 §.
1940 3034 2037 3074 Duo

342 3130 361 3168 (
363 3128 400 3167 a)
426 3129 496 3161 Nec
513 3125 676 3175 cuiquam
679 3123 798 3171 judici
815 3136 956 3176 grave,
981 3133 1084 3157 aures
1100 3116 1234 3172 studiis
1250 3117 1394 3172 honestis
1420 3117 1466 3170 ἀ
1487 3113 1729 3168 voluptatibus
1745 3114 1893 3166 conceffi's
1911 3117 2036 3167 imper·

241 3178 324 3214 tire.
351 3177 437 3214 Tac.
459 3178 481 3215 1.
511 3191 568 3226 14.
595 3176 724 3212 Annal.
740 3180 756 3223 (
774 3177 821 3221 b)
849 3181 919 3212 Nec
932 3174 1037 3211 luxus
1062 3174 1101 3210 in
1112 3173 1249 3220 juvene
1263 3172 1346 3209 adeo
1363 3163 1577 3223 displicebat:
1603 3165 1662 3203 hoc
1674 3171 1792 3222 potius
1809 3166 2007 3205 intenderet
2026 3194 2033 3207 ,

242 3228 334 3267 diem
350 3226 627 3278 deificationibus
646 3254 655 3268 ,
680 3229 813 3264 melem
827 3228 1005 3264 conviviis
1027 3223 1189 3262 traheret
1203 3238 1219 3269 ,·
1245 3223 1351 3277 qudm
1360 3221 1454 3270 filus
1469 3248 1479 3262 .
1502 3219 1548 3264 ό*
1565 3219 1672 3256 nullis
1685 3216 1924 3275 voluptatibus
1946 3232 2035 3257 avo-

241 3289 342 3320 catus
355 3312 364 3328 ‚
387 3280 522 3335 maestas
538 3280 728 3320 violentias
741 3278 792 3331 &i
804 3279 920 3318 malas
936 3290 1039 3318 curas
1062 3287 1251 3316 exerceret.
1305 3279 1391 3315 Tac.
1412 3275 1436 3312 l.
1449 3271 1492 3322 ⁷3.
1519 3272 1650 3313 Annal.
