2132 3730
263 218 319 259 34
690 204 1043 247 1)ῙῦΑο]
1099 205 1631 249 SAAVEDRAE

258 268 2066 285 —W——w———nffl

259 291 336 330 hoc
357 289 499 328 dictum
514 319 526 336 ‚
556 289 682 327 donec
702 287 840 327 Triana
862 290 900 326 vi
919 287 1100 328 tentanda
1120 287 1224 329 esset.
1289 290 1347 330 Ibi
1363 291 1461 329 inter
1483 291 1611 341 primo
1630 291 1728 331 adeo
1745 290 1898 331 strenue
1916 292 2072 334 dimica-

257 351 317 389 vit
339 380 350 396 ,
382 358 424 387 ut
443 350 585 387 scutum
610 345 733 385 infixis
759 348 949 387 miffilibus
970 350 1052 388 telis
1073 348 1243 400 undique
1261 359 1493 402 coopertum
1514 348 1536 388 ὲ
1555 361 1683 401 pugna
1703 350 1875 391 referret.
1937 353 2073 405 Quare

258 409 307 448 ad
330 409 437 447 suum
472 406 645 445 reversus
676 408 853 447 aemulum
879 438 890 457 ,
923 410 987 459 qui
1023 410 1113 447 loco
1139 419 1221 448 tum
1242 410 1310 449 fibi
1332 420 1488 450 caverat
1512 440 1524 457 ‚
1558 409 1596 448 δε
1617 412 1763 450 scutum
1803 411 1995 452 ostentans
2019 412 2073 452 lic

258 481 347 509 eum
368 469 554 505 allocutus
577 464 650 504 est:
682 467 767 507 Non
781 468 910 522 absque
927 465 1025 519 caustz
1045 476 1085 508 tu
1106 467 1238 520 quidem
1255 468 1451 520 hocscutum
1467 468 1590 524 nostrae
1602 468 1803 524 abjucbiccsti
1815 469 1987 521 familjae,
2009 473 2071 526 qui

257 527 342 569 illud
358 528 468 566 tantis
491 525 860 578 objicinmspericnlis;
889 527 952 567 tibi
974 529 1058 568 verti
1067 537 1150 580 prae
1178 528 1258 568 aliis
1280 529 1393 570 deberi
1414 561 1426 579 ,
1457 531 1536 583 quis
1558 536 1654 580 nege?
1674 560 1687 578 ,
1707 532 1768 582 qui
1787 537 1883 571 tanto
1894 531 2014 585 studio
2029 532 2071 572 il·-

256 585 364 638 laestmz
386 582 607 636 illztdfi’rvas
629 587 649 624 .9
680 585 815 626 Solent
837 590 1064 639 plerumque
1085 589 1355 628 calumniarum
1385 591 1502 641 magis
1525 587 1601 628 effe
1626 590 1817 640 patientes
1850 592 1894 639 ii,
1927 593 1993 642 qui
2019 591 2068 631 ab

256 647 327 686 isto
344 645 594 685 maledicendi
618 657 758 698 genere
784 649 982 688 alieniores
1004 650 1087 688 sunt
1111 661 1124 695 ς
1152 659 1281 700 neque
1296 650 1420 688 minor
1439 651 1561 689 virtus
1589 647 1645 688 est
1662 679 1675 698 ,
1704 647 1811 689 istam
1833 651 2072 702 triumphare

254 706 462 759 passionem
477 735 487 754 ,
520 717 632 757 quam
649 705 810 747 hostem.

412 765 446 817 §.
477 765 573 805 Iram
594 765 776 817 Principis
793 767 1006 807 accendere
1023 798 1035 817 ,
1066 766 1169 807 haud
1192 767 1316 806 minus
1335 767 1557 818 periculosae
1578 770 1738 821 plenum
1763 779 1864 821 opus
1881 766 1936 809 est
1957 771 2072 818 aleoe,

257 824 371 878 quam
393 827 520 878 ignem
539 827 746 875 coniculis,
778 838 843 867 aut
864 838 1061 868 tormento
1086 829 1209 880 portis
1236 827 1393 866 insititio
1416 826 1646 880 (petardam
1664 828 1785 879 vulgo
1807 826 1964 882 dicunt)
1987 830 2070 869 sub-

249 885 369 938 jicere
389 915 401 934 ‚
433 885 470 924 &
487 887 577 924 licet
607 887 646 924 in
663 885 841 927 favorem
871 890 1071 940 proprium
1088 887 1127 927 id
1146 886 1212 926 fiat
1227 917 1240 936 ,
1270 886 1485 939 prudentiae
1501 895 1629 928 tamen
1653 888 1708 928 est
1731 890 1833 929 illam
1856 889 2072 938 moderari,

253 945 459 999 praesertim
477 945 504 984 fi
527 954 662 984 contra
678 949 920 997 potentiores
945 959 990 987 ea
1008 948 1079 987 sit:
1110 947 1300 998 ejusmodi
1329 948 1430 987 enim
1457 949 1520 986 irae
1541 947 1757 989 redundant
1782 950 2012 1001 plerumque
2029 950 2071 989 in

256 1015 374 1057 caput
397 1006 492 1043 illius
510 1033 523 1052 ,
556 1006 619 1055 qui
638 1007 781 1056 primus
800 1006 934 1047 au&or
952 1007 989 1046 δι
1015 1009 1191 1047 incentor
1218 1008 1345 1048 extitit
1362 1038 1374 1055 ,
1407 1004 1480 1062 (a)
1504 1005 1602 1046 Haec
1617 1007 1739 1049 cauffa
1762 1008 1850 1054 fuit,
1867 1020 1936 1047 cur
1953 1008 2073 1047 Mau-

253 1067 285 1105 ri
301 1065 336 1103 T
338 1066 480 1103 oletani
499 1063 703 1116 tantopere
725 1067 952 1116 laborarint,
983 1077 1025 1107 ut
1042 1067 1237 1119 placarent
1253 1069 1389 1107 iratum
1407 1067 1524 1119 Regis
1545 1067 1736 1119 Alphonsi
1755 1068 1863 1107 Sexti
1881 1069 2067 1116 animum,

255 1135 392 1165 contra
415 1123 760 1176 Archiepiscopum
788 1126 1021 1167 Toletanum
1047 1127 1085 1166 δε
1112 1127 1329 1179 Reginam3
1377 1136 1586 1179 propterea
1611 1126 1719 1177 quod
1743 1128 1783 1167 hi
1808 1128 1953 1179 absque
1975 1129 2074 1166 illius

253 1184 439 1225 mandato
457 1183 688 1236 Mosqueam
725 1188 768 1225 iis
785 1186 1018 1238 eripuiffent.
1078 1186 1138 1226 Ex
1156 1199 1233 1237 quo
1257 1185 1336 1226 duo
1352 1198 1448 1226 eruo
1470 1185 1706 1226 documenta
1726 1199 1739 1225 .·
1769 1186 1901 1226 Unum
1913 1186 1990 1236 est,
2004 1187 2072 1227 de·-

252 1246 346 1285 bere
367 1243 565 1283 Ministros
582 1274 594 1293 ‚
626 1247 781 1295 quando
804 1247 916 1287 officii
938 1249 1036 1286 ratio
1053 1246 1104 1285 fic
1118 1246 1286 1299 postulat
1306 1278 1317 1295 ‚
1348 1258 1462 1298 quarn
1477 1245 1712 1286 blandiffime
1735 1245 1818 1286 fieri
1833 1246 1963 1298 potest
1980 1277 1992 1294 ,
2024 1259 2072 1285 ea

254 1316 477 1358 proponere
497 1304 660 1356 Principi
677 1335 689 1353 ‚
721 1319 805 1358 quae
831 1308 867 1346 ei
887 1316 951 1346 aut
970 1306 1162 1346 fastidium
1186 1319 1315 1345 creare
1347 1304 1501 1358 possunt
1517 1336 1528 1354 ‚
1561 1316 1626 1346 aut
1658 1307 1775 1346 bilem
1799 1318 2069 1346 commovere:

255 1365 330 1420 (h)
359 1363 473 1404 facile
491 1366 593 1402 enim
611 1365 748 1404 accidit
768 1396 780 1415 ‚
813 1377 856 1406 ut
875 1369 1022 1406 animus
1060 1365 1193 1406 furore
1220 1376 1422 1417 correptus
1443 1367 1478 1405 in
1503 1377 1592 1406 eum
1626 1366 1768 1405 deinde
1785 1365 1978 1414 desaeviat,
2002 1366 2071 1417 qui

256 1438 339 1466 rem
358 1425 569 1464 enarrando
592 1426 793 1475 exposuit,
810 1428 1055 1477 quantumvis
1084 1428 1188 1466 omni
1211 1429 1325 1478 culpa
1343 1428 1373 1466 is
1394 1435 1508 1465 vacet
1526 1455 1539 1474 ‚
1569 1435 1635 1465 aut
1661 1429 1814 1478 optimo
1838 1428 1924 1465 zelo
1951 1426 1990 1464 id
2015 1425 2075 1465 fe.

255 1487 365 1525 cerit.
426 1485 603 1523 Alterum
622 1483 676 1523 est
690 1515 701 1532 ‚
713 1498 755 1524 ut
768 1485 902 1525 dextre
927 1497 1117 1525 conentur
1135 1498 1214 1525 non
1228 1486 1418 1525 moderari
1432 1486 1552 1525 sol‘um
1562 1480 1783 1538 Principum
1793 1487 1884 1525 iram
1900 1515 1912 1534 ‚
1927 1485 1991 1524 sed
2010 1498 2070 1525 re-

254 1557 346 1599 gere
377 1546 492 1583 etiam
508 1543 546 1583 &
562 1546 770 1585 occultare.
831 1546 1029 1599 Seraphini
1050 1546 1106 1585 isti
1125 1544 1150 1599 ζ
1169 1547 1306 1586 amoris
1331 1545 1531 1598 Ministri>
1561 1558 1661 1596 quos
1676 1559 1805 1585 coram
1824 1546 1917 1584 Deo
1938 1544 2074 1584 affiste-

254 1618 297 1646 re
317 1604 467 1645 viderat
493 1603 599 1642 isaias
620 1633 632 1651 ‚
663 1604 689 1656 ζ
702 1602 748 1661 ε)
779 1604 912 1647 duabus
936 1607 1002 1646 alis
1019 1605 1183 1646 velabant
1195 1603 1325 1657 faciem
1340 1608 1413 1661 ejus
1434 1636 1445 1652 ,
1476 1604 1527 1649 <¹3³
1540 1603 1675 1644 duabus
1690 1605 1855 1645 velabant
1860 1604 1966 1656 pedes
1983 1606 2070 1658 ejus:

255 1677 306 1706 ne
326 1665 509 1704 videlicet
524 1675 628 1701 noxa
647 1665 801 1714 alicujus
822 1668 877 1704 rei
902 1668 956 1705 ira
974 1677 1023 1704 ex
1038 1668 1158 1704 oculis
1184 1667 1374 1705 emicante
1392 1695 1403 1713 ‚
1437 1664 1489 1704 fic
1515 1664 1845 1716 perterrefierent‚
1865 1674 1907 1703 ut
1929 1665 2072 1703 monti-

256 1727 329 1765 bus
348 1724 504 1764 mallent
525 1723 719 1772 opprimi,
752 1721 866 1774 quam
893 1726 1027 1763 iratum
1050 1722 1127 1762 Dei
1152 1723 1313 1762 vindicis
1336 1726 1487 1762 vultum
1506 1725 1659 1768 intueri.

372 1783 455 1822 Ubi
475 1781 572 1821 vero
595 1782 798 1822 iracundiae
821 1786 924 1824 calor
947 1783 1141 1824 deferbuit
1156 1812 1168 1831 ‚
1193 1782 1270 1833 jam
1290 1780 1425 1822 dolent
1443 1782 1556 1820 etiam
1575 1780 1792 1834 Principes,
1822 1783 1858 1822 &
1873 1781 2076 1833 indignari-

257 1855 319 1885 tur
338 1874 346 1883 .
378 1844 406 1882 fi
427 1854 524 1891 quos
549 1843 610 1879 irae
628 1841 700 1879 suae
716 1841 831 1882 testes
851 1874 862 1891 ,
894 1852 959 1881 aut
976 1843 1216 1881 executionis
1245 1842 1414 1880 habuere
1439 1841 1673 1891 spectatores
1693 1855 1706 1888 ς
1736 1853 1942 1893 utrumque
1963 1842 2070 1881 enim

256 1903 355 1944 istud
390 1901 412 1941 a
434 1902 536 1953 regia
557 1899 738 1951 dignitate
759 1903 923 1943 alienum
940 1900 1007 1942 est.
1066 1900 1118 1940 Et
1133 1910 1294 1953 propter
1328 1902 1406 1940 hoc
1423 1899 1535 1940 Deus
1558 1900 1639 1951 ipse
1666 1913 1831 1942 uxorem
1853 1902 1973 1942 Lothi
1998 1900 2025 1952 ζ
2025 1914 2043 1939 e

258 1965 298 2005 in
314 1963 473 2005 statuam
488 1961 568 2000 ialis
586 1962 794 2002 convertit.
2038 1975 2045 1982 .

663 2132 1461 2206 SYMBOLUM
1541 2131 1659 2200 IX.

383 2299 464 2340 Um
489 2300 649 2352 proprio
664 2298 730 2338 suo
755 2298 896 2338 damno
917 2298 1099 2351 trophaeis
1123 2294 1160 2336 &
1183 2292 1311 2348 gloriae
1331 2287 1511 2333 Herculis
1527 2288 1601 2334 sese
1625 2292 1791 2343 opponit
1812 2289 1968 2329 invidia.
2028 2288 2070 2332 Si

262 2296 382 2439 C
412 2370 641 2412 praeacutam
661 2359 739 2410 ejus
763 2360 911 2399 clavam
933 2358 1120 2398 morsibus
1146 2358 1306 2407 impetat
1327 2384 1338 2402 ‚
1372 2353 1463 2404 quid
1486 2355 1600 2394 efficit
1618 2352 1719 2391 aliud
1734 2379 1746 2400 ‚
1775 2351 1888 2401 quam
1918 2361 1959 2389 ut
1979 2363 2072 2402 pro-

412 2422 512 2473 prias
532 2430 707 2458 cruentet
730 2417 895 2458 fauces?
926 2418 1121 2458 Nimirum
1144 2417 1197 2456 sui
1222 2415 1308 2468 ipsis
1331 2413 1476 2452 vindex
1504 2412 1571 2454 est.
1598 2468 1600 2470 q
1643 2409 1761 2451 Ferro
1792 2412 1886 2450 nihil
1914 2409 2069 2450 Videtur

260 2482 380 2523 fimile
397 2510 409 2529 ,
447 2478 553 2531 quod
573 2479 593 2518 a
612 2479 788 2532 sanguine
811 2508 823 2529 ‚
855 2489 969 2530 quem
996 2477 1122 2518 fundit
1139 2507 1151 2525 ‚
1183 2475 1394 2524 rubiginem
1419 2475 1556 2522 trahit,
1588 2473 1624 2512 &
1645 2473 1690 2510 ab
1712 2470 1846 2511 eadem
1871 2470 1959 2522 post
1980 2483 2071 2509 exe-

259 2542 374 2582 ditur.
437 2541 522 2580 Alia
544 2541 671 2579 omnia
697 2540 810 2586 vitia,
830 2539 876 2578 ab
906 2534 1027 2589 aliqua
1051 2536 1143 2577 boni
1182 2536 1329 2587 specie,
1362 2543 1426 2573 aut
1460 2533 1713 2573 delectatione
1741 2541 1867 2570 ortum
1898 2531 2070 2570 habent:

259 2603 339 2642 hoc
356 2599 491 2641 contra
508 2611 558 2639 ex
586 2599 720 2639 dolore
741 2600 932 2646 interiori,
954 2599 990 2638 ἃ.
1018 2599 1110 2637 boni
1136 2596 1248 2636 alieni
1273 2595 1364 2634 odio
1389 2593 1564 2638 nascitur,
1623 2590 1727 2631 Vitia
1768 2593 1836 2630 alia
1870 2602 1982 2641 poena
2014 2591 2069 2629 ul-

261 2663 337 2703 trix
365 2660 384 2699 ὲ
409 2670 518 2712 tergo
547 2659 734 2711 sequitur;
763 2660 853 2698 huic
888 2660 1002 2698 etiam
1033 2659 1166 2710 praeire
1197 2668 1240 2695 ea
1266 2654 1370 2694 solet.
1430 2653 1577 2694 Invidia
1602 2652 1705 2703 prius
1730 2653 1768 2692 in
1790 2652 1943 2703 propria
1963 2649 2068 2689 saevit

262 2719 356 2778 (f)
386 2720 549 2767 viscera,
579 2719 691 2771 quam
709 2721 746 2765 in
765 2720 955 2759 honorem
972 2719 1150 2770 proximi.
1216 2715 1362 2754 Umbra
1388 2716 1539 2754 virtutis
1550 2712 1621 2753 est:
1647 2712 1756 2763 hujus
1793 2713 1916 2750 lucem
1946 2708 2069 2761 fugias

259 2779 410 2823 necesse
434 2779 511 2828 est,
532 2780 696 2832 quisquis
718 2781 818 2819 illam
845 2781 990 2819 evitare
1008 2778 1182 2818 voluerit.
1248 2774 1369 2827 Quod
1386 2775 1527 2814 noema
1559 2773 1655 2813 Solis
1681 2772 1805 2812 radios
1835 2770 1903 2808 tuis
1937 2777 2069 2819 captet

264 2842 414 2888 oculis,
443 2840 534 2879 illud
553 2838 628 2890 est,
657 2839 763 2891 quod
790 2841 943 2879 aliarum
968 2841 1096 2878 avium
1124 2836 1255 2876 odium
1285 2835 1432 2874 suscitat
1457 2834 1493 2874 ἃς
1519 2833 1722 2873 invidiam:
1763 2832 1790 2871 fi
1821 2830 1916 2867 intra
1942 2827 2070 2867 noctis

259 2900 461 2948 tenebram,
491 2900 527 2939 &
553 2900 616 2939 sua
638 2900 676 2940 se
710 2900 869 2940 abderet
900 2900 1077 2949 latibula,
1107 2898 1253 2937 nullum
1273 2896 1322 2934 illi
1352 2895 1372 2934 a
1398 2896 1550 2947 reliquis
1570 2892 1660 2933 effer
1678 2890 1902 2945 periculum.
1965 2889 2069 2927 inter

369 3074 427 3121 (a)
453 3076 543 3112 Mar.
565 3077 654 3113 Hist.
673 3076 770 3126 Hisp.
790 3076 851 3113 lib.
870 3081 902 3116 6,
927 3087 1002 3125 cap.
1033 3085 1091 3120 17,
1144 3074 1204 3120 (b)
1235 3074 1368 3109 Cuncfla
1404 3082 1526 3109 tamen
1544 3068 1596 3108 ad
1613 3073 1866 3125 Imperatorem.
1885 3063 1926 3101 id
1948 3063 2073 3123 meliuf

264 3123 395 3162 relata.
412 3127 525 3163 Corn.
545 3129 661 3165 Tacit.
684 3129 744 3165 lib.
767 3144 802 3177 4.
824 3129 953 3165 Annalb
1006 3128 1063 3175 (c)
1091 3127 1139 3162 lsa
1156 3138 1231 3175 cap.
1262 3131 1295 3162 6.
1313 3140 1347 3164 2.
1397 3126 1458 3173 (d)
1485 3119 1717 3171 Caditestcper
1731 3131 1806 3157 nos,
1834 3128 1879 3159 (ΞΓ
1900 3114 2073 3161 abstondl-

262 3185 300 3212 te
325 3176 422 3214 nosd
433 3177 537 3229 facie
553 3178 707 3226 fidentis
720 3180 824 3226 sicper
849 3179 1028 3220 thronum,
1052 3177 1097 3221 ῥ’
1125 3176 1171 3215 ab
1191 3180 1250 3214 ira
1272 3180 1382 3231 Agni.
1412 3181 1528 3227 Apoc.
1559 3178 1595 3210 6.
1634 3178 1689 3209 16.
1743 3172 1800 3216 (e)
1828 3167 2073 3258 Ιίζίρἱἰεῇθξιε

263 3241 355 3319 {mr
379 3231 451 3277 ejus
467 3231 539 3283 pqst
556 3232 616 3280 sb,
641 3231 746 3280 versi
766 3232 812 3285 cst
841 3235 881 3270 in
894 3229 1172 3284 statuamshlis.
1199 3230 1294 3270 Gen,
1335 3243 1389 3278 17.
1414 3235 1474 3267 ,26-
1529 3226 1587 3274 (f)
1613 3223 1763 3264 Putredo
1779 3222 1892 3276 qffium
1910 3235 1991 3260 mvl
2017 3234 2068 3258 ta-

297 3294 376 3320 rov.
404 3294 462 3331 14.
478 3298 540 3332 40.
