<?xml version="1.0" encoding="UTF-8"?>
<!DOCTYPE html PUBLIC "-//W3C//DTD XHTML 1.0 Transitional//EN"
    "http://www.w3.org/TR/xhtml1/DTD/xhtml1-transitional.dtd">
<html xmlns="http://www.w3.org/1999/xhtml" xml:lang="en" lang="en">
 <head>
  <title>
</title>
<meta http-equiv="Content-Type" content="text/html;charset=utf-8" />
  <meta name='ocr-system' content='tesseract 3.04.00' />
  <meta name='ocr-capabilities' content='ocr_page ocr_carea ocr_par ocr_line ocrx_word'/>
</head>
<body>
  <div class='ocr_page' id='page_1' title='image "./didacisaavedraef00saav_0119.png"; bbox 0 0 2132 3730; ppageno 0'>
   <div class='ocr_carea' id='block_1_1' title="bbox 0 0 28 3688">
    <p class='ocr_par' dir='ltr' id='par_1_1' title="bbox 0 0 28 3688">
     <span class='ocr_line' id='line_1_1' title="bbox 0 0 28 3688; baseline 0 0"><span class='ocrx_word' id='word_1_1' title='bbox 0 0 28 3688; x_wconf 95' lang='lat' dir='ltr'><strong> </strong></span> 
     </span>
    </p>
   </div>
   <div class='ocr_carea' id='block_1_2' title="bbox 495 232 1882 292">
    <p class='ocr_par' dir='ltr' id='par_1_2' title="bbox 495 232 1882 292">
     <span class='ocr_line' id='line_1_2' title="bbox 495 232 1882 292; baseline 0.001 -17"><span class='ocrx_word' id='word_1_2' title='bbox 495 232 1482 278; x_wconf 83' lang='lat' dir='ltr'><em>SYMBOLAPOLITICA.</em></span> <span class='ocrx_word' id='word_1_3' title='bbox 1824 248 1882 292; x_wconf 74' lang='lat'><strong>99</strong></span> 
     </span>
    </p>
   </div>
   <div class='ocr_carea' id='block_1_3' title="bbox 10 298 1886 3226">
    <p class='ocr_par' dir='ltr' id='par_1_3' title="bbox 10 298 1886 3226">
     <span class='ocr_line' id='line_1_3' title="bbox 10 298 1110 314; baseline -0.002 -5"><span class='ocrx_word' id='word_1_4' title='bbox 10 298 13 310; x_wconf 91' lang='lat'><em>.</em></span> <span class='ocrx_word' id='word_1_5' title='bbox 95 299 1110 314; x_wconf 39' lang='grc' dir='ltr'><strong>ψὴν-ὴ</strong></span> 
     </span>
     <span class='ocr_line' id='line_1_4' title="bbox 11 318 1882 377; baseline -0.003 -14"><span class='ocrx_word' id='word_1_6' title='bbox 11 331 13 337; x_wconf 86' lang='grc'>’</span> <span class='ocrx_word' id='word_1_7' title='bbox 73 326 187 377; x_wconf 81' lang='lat' dir='ltr'><strong>cipali</strong></span> <span class='ocrx_word' id='word_1_8' title='bbox 203 320 410 367; x_wconf 85' lang='lat' dir='ltr'><strong>felicitatis,</strong></span> <span class='ocrx_word' id='word_1_9' title='bbox 440 331 523 370; x_wconf 83' lang='lat' dir='ltr'><strong>quae</strong></span> <span class='ocrx_word' id='word_1_10' title='bbox 541 321 578 358; x_wconf 90' lang='lat' dir='ltr'><strong>in</strong></span> <span class='ocrx_word' id='word_1_11' title='bbox 597 321 739 358; x_wconf 74' lang='lat' dir='ltr'><strong>virtute</strong></span> <span class='ocrx_word' id='word_1_12' title='bbox 762 318 951 368; x_wconf 82' lang='lat' dir='ltr'><strong>consistit,</strong></span> <span class='ocrx_word' id='word_1_13' title='bbox 982 320 1019 359; x_wconf 89' lang='lat'>&amp;</span> <span class='ocrx_word' id='word_1_14' title='bbox 1039 318 1291 358; x_wconf 87' lang='lat' dir='ltr'><strong>fundamento</strong></span> <span class='ocrx_word' id='word_1_15' title='bbox 1314 322 1377 360; x_wconf 90' lang='lat' dir='ltr'><strong>illo</strong></span> <span class='ocrx_word' id='word_1_16' title='bbox 1410 334 1454 359; x_wconf 83' lang='lat' dir='ltr'><strong>ac</strong></span> <span class='ocrx_word' id='word_1_17' title='bbox 1482 320 1773 372; x_wconf 76' lang='lat' dir='ltr'><strong>propugnaculo</strong></span> <span class='ocrx_word' id='word_1_18' title='bbox 1804 318 1882 357; x_wconf 87' lang='lat' dir='ltr'><strong>Re-</strong></span> 
     </span>
     <span class='ocr_line' id='line_1_5' title="bbox 11 376 1884 439; baseline -0.004 -16"><span class='ocrx_word' id='word_1_19' title='bbox 11 390 13 393; x_wconf 86' lang='grc'><strong>“</strong></span> <span class='ocrx_word' id='word_1_20' title='bbox 72 385 241 439; x_wconf 82' lang='lat' dir='ltr'><strong>ligionis,</strong></span> <span class='ocrx_word' id='word_1_21' title='bbox 272 392 355 431; x_wconf 86' lang='lat' dir='ltr'><strong>quae</strong></span> <span class='ocrx_word' id='word_1_22' title='bbox 381 376 559 419; x_wconf 83' lang='lat' dir='ltr'><strong>sustentat</strong></span> <span class='ocrx_word' id='word_1_23' title='bbox 582 378 847 431; x_wconf 85' lang='lat' dir='ltr'><strong>Magistratum</strong></span> <span class='ocrx_word' id='word_1_24' title='bbox 869 391 912 418; x_wconf 88' lang='lat' dir='ltr'><strong>ac</strong></span> <span class='ocrx_word' id='word_1_25' title='bbox 936 388 1086 428; x_wconf 88' lang='lat' dir='ltr'><strong>tuetur,</strong></span> <span class='ocrx_word' id='word_1_26' title='bbox 1115 379 1182 418; x_wconf 82' lang='lat' dir='ltr'><strong>nisi</strong></span> <span class='ocrx_word' id='word_1_27' title='bbox 1204 380 1241 417; x_wconf 89' lang='lat' dir='ltr'><strong>in</strong></span> <span class='ocrx_word' id='word_1_28' title='bbox 1260 381 1425 419; x_wconf 86' lang='lat' dir='ltr'><strong>animum</strong></span> <span class='ocrx_word' id='word_1_29' title='bbox 1458 382 1563 419; x_wconf 74' lang='lat' dir='ltr'><strong>suuni</strong></span> <span class='ocrx_word' id='word_1_30' title='bbox 1586 380 1811 419; x_wconf 76' lang='lat' dir='ltr'><strong>inducerent</strong></span> <span class='ocrx_word' id='word_1_31' title='bbox 1831 379 1884 417; x_wconf 83' lang='lat' dir='ltr'><strong>ci-</strong></span> 
     </span>
     <span class='ocr_line' id='line_1_6' title="bbox 70 437 1882 493; baseline -0.004 -9"><span class='ocrx_word' id='word_1_32' title='bbox 70 456 163 493; x_wconf 88' lang='lat' dir='ltr'><strong>ves,</strong></span> <span class='ocrx_word' id='word_1_33' title='bbox 192 439 289 481; x_wconf 89' lang='lat' dir='ltr'><strong>aliud</strong></span> <span class='ocrx_word' id='word_1_34' title='bbox 320 439 537 490; x_wconf 86' lang='lat' dir='ltr'><strong>supremum</strong></span> <span class='ocrx_word' id='word_1_35' title='bbox 564 437 638 488; x_wconf 80' lang='lat' dir='ltr'><strong>effe</strong></span> <span class='ocrx_word' id='word_1_36' title='bbox 671 439 834 478; x_wconf 85' lang='lat' dir='ltr'><strong>tribunal</strong></span> <span class='ocrx_word' id='word_1_37' title='bbox 860 451 932 490; x_wconf 89' lang='lat' dir='ltr'><strong>pro</strong></span> <span class='ocrx_word' id='word_1_38' title='bbox 964 439 1050 478; x_wconf 88' lang='lat' dir='ltr'><strong>solis</strong></span> <span class='ocrx_word' id='word_1_39' title='bbox 1079 439 1217 478; x_wconf 83' lang='lat' dir='ltr'><strong>mentis</strong></span> <span class='ocrx_word' id='word_1_40' title='bbox 1247 441 1420 490; x_wconf 78' lang='lat' dir='ltr'><strong>cogitatis</strong></span> <span class='ocrx_word' id='word_1_41' title='bbox 1443 470 1456 487; x_wconf 94' lang='lat'><strong>,</strong></span> <span class='ocrx_word' id='word_1_42' title='bbox 1486 453 1570 490; x_wconf 76' lang='lat' dir='ltr'><strong>qua:</strong></span> <span class='ocrx_word' id='word_1_43' title='bbox 1599 441 1660 479; x_wconf 70' lang='lat' dir='ltr'><strong>vel</strong></span> <span class='ocrx_word' id='word_1_44' title='bbox 1691 438 1882 491; x_wconf 77' lang='lat' dir='ltr'><strong>iuppliciis</strong></span> 
     </span>
     <span class='ocr_line' id='line_1_7' title="bbox 72 497 1878 552; baseline -0.006 -7"><span class='ocrx_word' id='word_1_45' title='bbox 72 503 218 544; x_wconf 83' lang='lat' dir='ltr'><strong>aeternis</strong></span> <span class='ocrx_word' id='word_1_46' title='bbox 242 500 403 552; x_wconf 87' lang='lat' dir='ltr'><strong>puniet,</strong></span> <span class='ocrx_word' id='word_1_47' title='bbox 432 500 497 538; x_wconf 90' lang='lat' dir='ltr'><strong>vel</strong></span> <span class='ocrx_word' id='word_1_48' title='bbox 520 498 631 539; x_wconf 87' lang='lat' dir='ltr'><strong>bonis</strong></span> <span class='ocrx_word' id='word_1_49' title='bbox 650 499 926 538; x_wconf 84' lang='lat' dir='ltr'>immortalibus</span> <span class='ocrx_word' id='word_1_50' title='bbox 947 499 1172 538; x_wconf 77' lang='lat' dir='ltr'><strong>munerabit.</strong></span> <span class='ocrx_word' id='word_1_51' title='bbox 1234 497 1330 548; x_wconf 83' lang='lat' dir='ltr'><strong>Spes</strong></span> <span class='ocrx_word' id='word_1_52' title='bbox 1353 498 1478 537; x_wconf 72' lang='lat' dir='ltr'><strong>ililiaec</strong></span> <span class='ocrx_word' id='word_1_53' title='bbox 1502 500 1540 537; x_wconf 66' lang='grc' dir='ltr'><strong>δε</strong></span> <span class='ocrx_word' id='word_1_54' title='bbox 1563 511 1686 538; x_wconf 76' lang='lat' dir='ltr'><strong>metus</strong></span> <span class='ocrx_word' id='word_1_55' title='bbox 1709 498 1730 537; x_wconf 80' lang='grc' dir='ltr'>ὲ</span> <span class='ocrx_word' id='word_1_56' title='bbox 1754 497 1878 538; x_wconf 87' lang='lat' dir='ltr'><strong>Natu.</strong></span> 
     </span>
     <span class='ocr_line' id='line_1_8' title="bbox 69 556 1879 610; baseline -0.004 -6"><span class='ocrx_word' id='word_1_57' title='bbox 69 575 113 604; x_wconf 80' lang='lat' dir='ltr'><strong>ra</strong></span> <span class='ocrx_word' id='word_1_58' title='bbox 132 560 280 608; x_wconf 82' lang='lat' dir='ltr'><strong>cuivis,</strong></span> <span class='ocrx_word' id='word_1_59' title='bbox 308 560 552 610; x_wconf 86' lang='lat' dir='ltr'><strong>quantumvis</strong></span> <span class='ocrx_word' id='word_1_60' title='bbox 584 559 704 610; x_wconf 90' lang='lat' dir='ltr'><strong>impio</strong></span> <span class='ocrx_word' id='word_1_61' title='bbox 736 570 780 598; x_wconf 86' lang='lat' dir='ltr'><strong>ac</strong></span> <span class='ocrx_word' id='word_1_62' title='bbox 806 558 988 606; x_wconf 89' lang='lat' dir='ltr'><strong>barbaro,</strong></span> <span class='ocrx_word' id='word_1_63' title='bbox 1019 559 1154 605; x_wconf 80' lang='lat' dir='ltr'><strong>indita,</strong></span> <span class='ocrx_word' id='word_1_64' title='bbox 1187 569 1428 608; x_wconf 77' lang='lat' dir='ltr'><strong>componunt</strong></span> <span class='ocrx_word' id='word_1_65' title='bbox 1458 559 1655 598; x_wconf 78' lang='lat' dir='ltr'><strong>hominum</strong></span> <span class='ocrx_word' id='word_1_66' title='bbox 1695 556 1879 597; x_wconf 63' lang='lat' dir='ltr'><strong>artiones.</strong></span> 
     </span>
     <span class='ocr_line' id='line_1_9' title="bbox 11 615 1882 672; baseline -0.002 -12"><span class='ocrx_word' id='word_1_67' title='bbox 11 667 13 669; x_wconf 21' lang='lat'><strong><em>¹</em></strong></span> <span class='ocrx_word' id='word_1_68' title='bbox 75 621 190 672; x_wconf 90' lang='lat' dir='ltr'><strong>Cajus</strong></span> <span class='ocrx_word' id='word_1_69' title='bbox 206 618 375 672; x_wconf 82' lang='lat' dir='ltr'>Caligula</span> <span class='ocrx_word' id='word_1_70' title='bbox 399 617 512 658; x_wconf 86' lang='lat' dir='ltr'>Deos</span> <span class='ocrx_word' id='word_1_71' title='bbox 533 615 732 667; x_wconf 82' lang='lat' dir='ltr'><strong>irridebat3</strong></span> <span class='ocrx_word' id='word_1_72' title='bbox 763 617 852 658; x_wconf 90' lang='lat' dir='ltr'><strong>dum</strong></span> <span class='ocrx_word' id='word_1_73' title='bbox 879 628 1006 658; x_wconf 83' lang='lat' dir='ltr'><strong>tamen</strong></span> <span class='ocrx_word' id='word_1_74' title='bbox 1030 618 1167 656; x_wconf 85' lang='lat' dir='ltr'><strong>coelum</strong></span> <span class='ocrx_word' id='word_1_75' title='bbox 1196 626 1371 665; x_wconf 84' lang='lat' dir='ltr'><strong>tonaret,</strong></span> <span class='ocrx_word' id='word_1_76' title='bbox 1404 618 1511 656; x_wconf 73' lang='lat' dir='ltr'><strong>aliam</strong></span> <span class='ocrx_word' id='word_1_77' title='bbox 1551 619 1777 669; x_wconf 68' lang='lat' dir='ltr'><strong>agnoscebat</strong></span> <span class='ocrx_word' id='word_1_78' title='bbox 1812 630 1882 669; x_wconf 83' lang='lat' dir='ltr'><strong>po-</strong></span> 
     </span>
     <span class='ocr_line' id='line_1_10' title="bbox 73 675 1882 731; baseline -0.003 -10"><span class='ocrx_word' id='word_1_79' title='bbox 73 682 279 722; x_wconf 87' lang='lat' dir='ltr'><strong>tentiorem</strong></span> <span class='ocrx_word' id='word_1_80' title='bbox 296 690 476 729; x_wconf 81' lang='lat' dir='ltr'><strong>manum,</strong></span> <span class='ocrx_word' id='word_1_81' title='bbox 507 676 528 716; x_wconf 78' lang='lat' dir='ltr'><strong>a</strong></span> <span class='ocrx_word' id='word_1_82' title='bbox 548 691 622 730; x_wconf 88' lang='lat' dir='ltr'><strong>qua</strong></span> <span class='ocrx_word' id='word_1_83' title='bbox 636 677 802 731; x_wconf 84' lang='lat' dir='ltr'><strong>castigari</strong></span> <span class='ocrx_word' id='word_1_84' title='bbox 822 677 959 729; x_wconf 77' lang='lat' dir='ltr'><strong>polset.</strong></span> <span class='ocrx_word' id='word_1_85' title='bbox 1017 675 1152 715; x_wconf 88' lang='lat' dir='ltr'><strong>Nemo</strong></span> <span class='ocrx_word' id='word_1_86' title='bbox 1169 675 1242 725; x_wconf 85' lang='lat' dir='ltr'><strong>est,</strong></span> <span class='ocrx_word' id='word_1_87' title='bbox 1277 680 1340 726; x_wconf 87' lang='lat' dir='ltr'><strong>qui</strong></span> <span class='ocrx_word' id='word_1_88' title='bbox 1361 689 1442 716; x_wconf 77' lang='lat' dir='ltr'><strong>eam</strong></span> <span class='ocrx_word' id='word_1_89' title='bbox 1470 678 1619 727; x_wconf 76' lang='lat' dir='ltr'>ignoret</span> <span class='ocrx_word' id='word_1_90' title='bbox 1632 707 1644 724; x_wconf 91' lang='lat'><strong>,</strong></span> <span class='ocrx_word' id='word_1_91' title='bbox 1677 689 1804 729; x_wconf 83' lang='lat' dir='ltr'><strong>neque</strong></span> <span class='ocrx_word' id='word_1_92' title='bbox 1823 678 1882 716; x_wconf 82' lang='lat' dir='ltr'><strong>ul-</strong></span> 
     </span>
     <span class='ocr_line' id='line_1_11' title="bbox 71 735 1882 789; baseline -0.003 -8"><span class='ocrx_word' id='word_1_93' title='bbox 71 742 149 782; x_wconf 86' lang='lat' dir='ltr'><strong>lum</strong></span> <span class='ocrx_word' id='word_1_94' title='bbox 171 751 237 779; x_wconf 91' lang='lat' dir='ltr'><strong>cor</strong></span> <span class='ocrx_word' id='word_1_95' title='bbox 251 740 481 788; x_wconf 79' lang='lat' dir='ltr'><strong>humanum,</strong></span> <span class='ocrx_word' id='word_1_96' title='bbox 512 737 619 789; x_wconf 91' lang='lat' dir='ltr'><strong>quod</strong></span> <span class='ocrx_word' id='word_1_97' title='bbox 640 738 771 777; x_wconf 84' lang='lat' dir='ltr'><strong>divino</strong></span> <span class='ocrx_word' id='word_1_98' title='bbox 793 739 857 777; x_wconf 84' lang='lat' dir='ltr'><strong>illo</strong></span> <span class='ocrx_word' id='word_1_99' title='bbox 874 737 1058 786; x_wconf 82' lang='lat' dir='ltr'>Magnete</span> <span class='ocrx_word' id='word_1_100' title='bbox 1074 735 1218 775; x_wconf 73' lang='lat' dir='ltr'><strong>tactum</strong></span> <span class='ocrx_word' id='word_1_101' title='bbox 1235 736 1271 774; x_wconf 90' lang='lat' dir='ltr'><strong>se</strong></span> <span class='ocrx_word' id='word_1_102' title='bbox 1297 748 1377 777; x_wconf 90' lang='lat' dir='ltr'><strong>non</strong></span> <span class='ocrx_word' id='word_1_103' title='bbox 1410 737 1561 776; x_wconf 86' lang='lat' dir='ltr'><strong>sentiat:</strong></span> <span class='ocrx_word' id='word_1_104' title='bbox 1590 737 1629 775; x_wconf 60' lang='grc' dir='ltr'><strong>ὃς</strong></span> <span class='ocrx_word' id='word_1_105' title='bbox 1656 737 1751 776; x_wconf 84' lang='lat' dir='ltr'><strong>ficut</strong></span> <span class='ocrx_word' id='word_1_106' title='bbox 1790 749 1882 776; x_wconf 79' lang='lat' dir='ltr'><strong>acus</strong></span> 
     </span>
     <span class='ocr_line' id='line_1_12' title="bbox 67 794 1881 853; baseline -0.003 -12"><span class='ocrx_word' id='word_1_107' title='bbox 67 801 218 842; x_wconf 87' lang='lat' dir='ltr'><strong>nautica</strong></span> <span class='ocrx_word' id='word_1_108' title='bbox 236 811 284 839; x_wconf 87' lang='lat' dir='ltr'><strong>ex</strong></span> <span class='ocrx_word' id='word_1_109' title='bbox 305 800 537 853; x_wconf 78' lang='lat' dir='ltr'>cognatione</span> <span class='ocrx_word' id='word_1_110' title='bbox 557 796 891 850; x_wconf 74' lang='lat' dir='ltr'><strong>quadamNaturae</strong></span> <span class='ocrx_word' id='word_1_111' title='bbox 907 796 945 835; x_wconf 86' lang='lat'>&amp;</span> <span class='ocrx_word' id='word_1_112' title='bbox 968 795 1170 845; x_wconf 76' lang='lat' dir='ltr'><strong>consensu,</strong></span> <span class='ocrx_word' id='word_1_113' title='bbox 1188 807 1300 846; x_wconf 86' lang='lat' dir='ltr'><strong>quam</strong></span> <span class='ocrx_word' id='word_1_114' title='bbox 1318 794 1544 844; x_wconf 52' lang='lat' dir='ltr'><strong>cupersa‘3aav</strong></span> <span class='ocrx_word' id='word_1_115' title='bbox 1565 795 1691 835; x_wconf 81' lang='lat' dir='ltr'><strong>Graeci</strong></span> <span class='ocrx_word' id='word_1_116' title='bbox 1716 807 1881 844; x_wconf 76' lang='lat' dir='ltr'><strong>vocant,</strong></span> 
     </span>
     <span class='ocr_line' id='line_1_13' title="bbox 11 853 1881 912; baseline 0 -16"><span class='ocrx_word' id='word_1_117' title='bbox 11 892 14 896; x_wconf 91' lang='lat'>.</span> <span class='ocrx_word' id='word_1_118' title='bbox 67 861 106 904; x_wconf 91' lang='lat' dir='ltr'><strong>in</strong></span> <span class='ocrx_word' id='word_1_119' title='bbox 127 868 320 912; x_wconf 86' lang='lat' dir='ltr'><strong>perpetuo</strong></span> <span class='ocrx_word' id='word_1_120' title='bbox 338 869 450 898; x_wconf 89' lang='lat' dir='ltr'><strong>motu</strong></span> <span class='ocrx_word' id='word_1_121' title='bbox 469 856 541 907; x_wconf 83' lang='lat' dir='ltr'><strong>est,</strong></span> <span class='ocrx_word' id='word_1_122' title='bbox 572 859 697 897; x_wconf 84' lang='lat' dir='ltr'><strong>donec</strong></span> <span class='ocrx_word' id='word_1_123' title='bbox 716 858 789 899; x_wconf 87' lang='lat' dir='ltr'><strong>sese</strong></span> <span class='ocrx_word' id='word_1_124' title='bbox 808 856 934 896; x_wconf 87' lang='lat' dir='ltr'><strong>firmet</strong></span> <span class='ocrx_word' id='word_1_125' title='bbox 955 854 1002 893; x_wconf 91' lang='lat' dir='ltr'><strong>ad</strong></span> <span class='ocrx_word' id='word_1_126' title='bbox 1028 857 1154 894; x_wconf 90' lang='lat' dir='ltr'><strong>lucem</strong></span> <span class='ocrx_word' id='word_1_127' title='bbox 1177 854 1291 895; x_wconf 79' lang='lat' dir='ltr'><strong>stellae</strong></span> <span class='ocrx_word' id='word_1_128' title='bbox 1319 853 1415 894; x_wconf 89' lang='lat' dir='ltr'><strong>illius</strong></span> <span class='ocrx_word' id='word_1_129' title='bbox 1448 856 1609 908; x_wconf 76' lang='lat' dir='ltr'><strong>polaris,</strong></span> <span class='ocrx_word' id='word_1_130' title='bbox 1639 857 1739 894; x_wconf 81' lang='lat' dir='ltr'><strong>circa</strong></span> <span class='ocrx_word' id='word_1_131' title='bbox 1768 867 1881 907; x_wconf 85' lang='lat' dir='ltr'><strong>quam</strong></span> 
     </span>
     <span class='ocr_line' id='line_1_14' title="bbox 69 915 1883 969; baseline -0.003 -10"><span class='ocrx_word' id='word_1_132' title='bbox 69 919 283 961; x_wconf 90' lang='lat' dir='ltr'><strong>volvuntur</strong></span> <span class='ocrx_word' id='word_1_133' title='bbox 304 917 473 958; x_wconf 85' lang='lat' dir='ltr'><strong>coelestes</strong></span> <span class='ocrx_word' id='word_1_134' title='bbox 494 920 625 958; x_wconf 90' lang='lat' dir='ltr'><strong>orbes:</strong></span> <span class='ocrx_word' id='word_1_135' title='bbox 657 919 707 957; x_wconf 88' lang='lat' dir='ltr'><strong>ita</strong></span> <span class='ocrx_word' id='word_1_136' title='bbox 728 917 841 957; x_wconf 90' lang='lat' dir='ltr'><strong>nobis</strong></span> <span class='ocrx_word' id='word_1_137' title='bbox 859 916 997 966; x_wconf 86' lang='lat' dir='ltr'><strong>quietis</strong></span> <span class='ocrx_word' id='word_1_138' title='bbox 1022 916 1159 954; x_wconf 83' lang='lat' dir='ltr'><strong>vivere</strong></span> <span class='ocrx_word' id='word_1_139' title='bbox 1185 927 1264 955; x_wconf 88' lang='lat' dir='ltr'><strong>non</strong></span> <span class='ocrx_word' id='word_1_140' title='bbox 1284 917 1396 963; x_wconf 80' lang='lat' dir='ltr'><strong>licet,</strong></span> <span class='ocrx_word' id='word_1_141' title='bbox 1429 915 1555 958; x_wconf 88' lang='lat' dir='ltr'><strong>donec</strong></span> <span class='ocrx_word' id='word_1_142' title='bbox 1574 917 1819 969; x_wconf 81' lang='lat' dir='ltr'>agnoscamus</span> <span class='ocrx_word' id='word_1_143' title='bbox 1845 915 1883 954; x_wconf 60' lang='grc' dir='ltr'>ἃ</span> 
     </span>
     <span class='ocr_line' id='line_1_15' title="bbox 11 974 1881 1026; baseline -0.004 -5"><span class='ocrx_word' id='word_1_144' title='bbox 11 1022 13 1024; x_wconf 72' lang='grc'>,</span> <span class='ocrx_word' id='word_1_145' title='bbox 68 991 298 1021; x_wconf 85' lang='lat' dir='ltr'><strong>veneremur</strong></span> <span class='ocrx_word' id='word_1_146' title='bbox 316 981 525 1019; x_wconf 87' lang='lat' dir='ltr'><strong>increatum</strong></span> <span class='ocrx_word' id='word_1_147' title='bbox 549 978 641 1018; x_wconf 86' lang='lat' dir='ltr'><strong>illud</strong></span> <span class='ocrx_word' id='word_1_148' title='bbox 661 976 793 1024; x_wconf 79' lang='lat' dir='ltr'><strong>Sidus,</strong></span> <span class='ocrx_word' id='word_1_149' title='bbox 824 977 861 1014; x_wconf 89' lang='lat' dir='ltr'><strong>in</strong></span> <span class='ocrx_word' id='word_1_150' title='bbox 883 987 961 1026; x_wconf 90' lang='lat' dir='ltr'><strong>quo</strong></span> <span class='ocrx_word' id='word_1_151' title='bbox 984 986 1077 1013; x_wconf 89' lang='lat' dir='ltr'><strong>vera</strong></span> <span class='ocrx_word' id='word_1_152' title='bbox 1106 974 1159 1013; x_wconf 80' lang='lat' dir='ltr'><strong>est</strong></span> <span class='ocrx_word' id='word_1_153' title='bbox 1177 976 1348 1026; x_wconf 80' lang='lat' dir='ltr'><strong>requies,</strong></span> <span class='ocrx_word' id='word_1_154' title='bbox 1379 974 1417 1014; x_wconf 83' lang='lat'>&amp;</span> <span class='ocrx_word' id='word_1_155' title='bbox 1441 974 1542 1014; x_wconf 88' lang='lat' dir='ltr'><strong>unde</strong></span> <span class='ocrx_word' id='word_1_156' title='bbox 1560 988 1684 1015; x_wconf 87' lang='lat' dir='ltr'><strong>rerum</strong></span> <span class='ocrx_word' id='word_1_157' title='bbox 1706 977 1881 1014; x_wconf 85' lang='lat' dir='ltr'><strong>omnium</strong></span> 
     </span>
     <span class='ocr_line' id='line_1_16' title="bbox 69 1033 1883 1091; baseline -0.004 -11"><span class='ocrx_word' id='word_1_158' title='bbox 69 1048 199 1080; x_wconf 90' lang='lat' dir='ltr'><strong>motus</strong></span> <span class='ocrx_word' id='word_1_159' title='bbox 216 1038 480 1091; x_wconf 81' lang='lat' dir='ltr'><strong>proficiscitur.</strong></span> <span class='ocrx_word' id='word_1_160' title='bbox 540 1038 682 1089; x_wconf 84' lang='lat' dir='ltr'>Ecquis</span> <span class='ocrx_word' id='word_1_161' title='bbox 698 1037 812 1088; x_wconf 82' lang='lat' dir='ltr'><strong>magis</strong></span> <span class='ocrx_word' id='word_1_162' title='bbox 840 1046 888 1073; x_wconf 90' lang='lat' dir='ltr'><strong>eo</strong></span> <span class='ocrx_word' id='word_1_163' title='bbox 909 1034 1108 1074; x_wconf 84' lang='lat' dir='ltr'><strong>intendere</strong></span> <span class='ocrx_word' id='word_1_164' title='bbox 1133 1034 1250 1074; x_wconf 90' lang='lat' dir='ltr'><strong>debet</strong></span> <span class='ocrx_word' id='word_1_165' title='bbox 1271 1037 1407 1074; x_wconf 87' lang='lat' dir='ltr'><strong>oculos</strong></span> <span class='ocrx_word' id='word_1_166' title='bbox 1441 1033 1552 1086; x_wconf 70' lang='lat' dir='ltr'><strong>quam</strong></span> <span class='ocrx_word' id='word_1_167' title='bbox 1582 1036 1783 1087; x_wconf 75' lang='lat' dir='ltr'><strong>Princeps,</strong></span> <span class='ocrx_word' id='word_1_168' title='bbox 1817 1035 1883 1086; x_wconf 85' lang='lat' dir='ltr'><strong>qui</strong></span> 
     </span>
     <span class='ocr_line' id='line_1_17' title="bbox 67 1093 1883 1150; baseline -0.004 -10"><span class='ocrx_word' id='word_1_169' title='bbox 67 1098 269 1140; x_wconf 87' lang='lat' dir='ltr'><strong>Navarchi</strong></span> <span class='ocrx_word' id='word_1_170' title='bbox 292 1097 403 1139; x_wconf 88' lang='lat' dir='ltr'><strong>instar</strong></span> <span class='ocrx_word' id='word_1_171' title='bbox 428 1098 722 1150; x_wconf 87' lang='lat' dir='ltr'><strong>Rempublicam</strong></span> <span class='ocrx_word' id='word_1_172' title='bbox 739 1094 960 1136; x_wconf 82' lang='lat' dir='ltr'>moderatur</span> <span class='ocrx_word' id='word_1_173' title='bbox 982 1124 995 1143; x_wconf 96' lang='lat'><strong>,</strong></span> <span class='ocrx_word' id='word_1_174' title='bbox 1026 1104 1070 1133; x_wconf 89' lang='lat' dir='ltr'><strong>ut</strong></span> <span class='ocrx_word' id='word_1_175' title='bbox 1096 1095 1235 1134; x_wconf 84' lang='lat' dir='ltr'><strong>salvam</strong></span> <span class='ocrx_word' id='word_1_176' title='bbox 1263 1099 1300 1134; x_wconf 88' lang='lat' dir='ltr'><strong>in</strong></span> <span class='ocrx_word' id='word_1_177' title='bbox 1331 1104 1447 1146; x_wconf 78' lang='lat' dir='ltr'><strong>portu</strong></span> <span class='ocrx_word' id='word_1_178' title='bbox 1468 1093 1565 1134; x_wconf 83' lang='lat' dir='ltr'><strong>sistat</strong></span> <span class='ocrx_word' id='word_1_179' title='bbox 1584 1097 1602 1134; x_wconf 65' lang='grc' dir='ltr'><strong>ἱ.)</strong></span> <span class='ocrx_word' id='word_1_180' title='bbox 1633 1108 1760 1146; x_wconf 80' lang='lat' dir='ltr'><strong>neque</strong></span> <span class='ocrx_word' id='word_1_181' title='bbox 1786 1094 1883 1133; x_wconf 81' lang='lat' dir='ltr'><strong>suffi·</strong></span> 
     </span>
     <span class='ocr_line' id='line_1_18' title="bbox 70 1152 1882 1212; baseline -0.003 -14"><span class='ocrx_word' id='word_1_182' title='bbox 70 1161 141 1207; x_wconf 90' lang='lat' dir='ltr'><strong>cit,</strong></span> <span class='ocrx_word' id='word_1_183' title='bbox 172 1157 280 1212; x_wconf 80' lang='lat' dir='ltr'><strong>quod</strong></span> <span class='ocrx_word' id='word_1_184' title='bbox 301 1158 487 1209; x_wconf 82' lang='lat' dir='ltr'><strong>respicere</strong></span> <span class='ocrx_word' id='word_1_185' title='bbox 503 1157 595 1197; x_wconf 84' lang='lat' dir='ltr'><strong>illud</strong></span> <span class='ocrx_word' id='word_1_186' title='bbox 620 1157 658 1197; x_wconf 88' lang='lat' dir='ltr'><strong>se</strong></span> <span class='ocrx_word' id='word_1_187' title='bbox 682 1155 851 1202; x_wconf 80' lang='lat' dir='ltr'><strong>simulet,</strong></span> <span class='ocrx_word' id='word_1_188' title='bbox 881 1154 910 1195; x_wconf 82' lang='lat' dir='ltr'><strong>si</strong></span> <span class='ocrx_word' id='word_1_189' title='bbox 934 1152 1028 1194; x_wconf 82' lang='lat' dir='ltr'><strong>astra</strong></span> <span class='ocrx_word' id='word_1_190' title='bbox 1050 1155 1118 1193; x_wconf 89' lang='lat' dir='ltr'><strong>alia</strong></span> <span class='ocrx_word' id='word_1_191' title='bbox 1148 1167 1246 1195; x_wconf 80' lang='lat' dir='ltr'><strong>vana</strong></span> <span class='ocrx_word' id='word_1_192' title='bbox 1271 1155 1308 1194; x_wconf 68' lang='grc' dir='ltr'><strong>δε</strong></span> <span class='ocrx_word' id='word_1_193' title='bbox 1336 1154 1518 1193; x_wconf 66' lang='lat' dir='ltr'><strong>nebulosa</strong></span> <span class='ocrx_word' id='word_1_194' title='bbox 1544 1166 1798 1202; x_wconf 71' lang='lat' dir='ltr'><strong>contueatur-3</strong></span> <span class='ocrx_word' id='word_1_195' title='bbox 1830 1154 1882 1193; x_wconf 84' lang='lat' dir='ltr'><strong>fic</strong></span> 
     </span>
     <span class='ocr_line' id='line_1_19' title="bbox 69 1212 1881 1268; baseline -0.003 -10"><span class='ocrx_word' id='word_1_196' title='bbox 69 1220 170 1258; x_wconf 89' lang='lat' dir='ltr'><strong>enim</strong></span> <span class='ocrx_word' id='word_1_197' title='bbox 205 1218 395 1258; x_wconf 88' lang='lat' dir='ltr'><strong>deerrabit</strong></span> <span class='ocrx_word' id='word_1_198' title='bbox 422 1216 443 1256; x_wconf 78' lang='grc' dir='ltr'>ὲ</span> <span class='ocrx_word' id='word_1_199' title='bbox 464 1214 802 1268; x_wconf 85' lang='lat' dir='ltr'><strong>via,Reipublicae</strong></span> <span class='ocrx_word' id='word_1_200' title='bbox 823 1215 952 1254; x_wconf 85' lang='lat' dir='ltr'><strong>navim</strong></span> <span class='ocrx_word' id='word_1_201' title='bbox 968 1215 1006 1253; x_wconf 90' lang='lat' dir='ltr'><strong>in</strong></span> <span class='ocrx_word' id='word_1_202' title='bbox 1025 1213 1155 1264; x_wconf 78' lang='lat' dir='ltr'><strong>Syrtes</strong></span> <span class='ocrx_word' id='word_1_203' title='bbox 1173 1214 1209 1254; x_wconf 62' lang='grc' dir='ltr'>ἃ</span> <span class='ocrx_word' id='word_1_204' title='bbox 1234 1212 1412 1267; x_wconf 84' lang='lat' dir='ltr'><strong>scopulos</strong></span> <span class='ocrx_word' id='word_1_205' title='bbox 1446 1213 1595 1265; x_wconf 84' lang='lat' dir='ltr'><strong>allidet,</strong></span> <span class='ocrx_word' id='word_1_206' title='bbox 1629 1216 1664 1254; x_wconf 69' lang='grc' dir='ltr'><strong>δε</strong></span> <span class='ocrx_word' id='word_1_207' title='bbox 1693 1214 1881 1265; x_wconf 75' lang='lat' dir='ltr'><strong>naufragi-</strong></span> 
     </span>
     <span class='ocr_line' id='line_1_20' title="bbox 67 1274 1883 1327; baseline -0.003 -9"><span class='ocrx_word' id='word_1_208' title='bbox 67 1290 133 1318; x_wconf 88' lang='lat' dir='ltr'><strong>um</strong></span> <span class='ocrx_word' id='word_1_209' title='bbox 153 1277 282 1318; x_wconf 90' lang='lat' dir='ltr'><strong>faciet.</strong></span> <span class='ocrx_word' id='word_1_210' title='bbox 344 1276 515 1327; x_wconf 90' lang='lat' dir='ltr'><strong>Populus</strong></span> <span class='ocrx_word' id='word_1_211' title='bbox 534 1277 573 1315; x_wconf 91' lang='lat' dir='ltr'><strong>in</strong></span> <span class='ocrx_word' id='word_1_212' title='bbox 595 1276 797 1327; x_wconf 79' lang='lat' dir='ltr'>opiniones</span> <span class='ocrx_word' id='word_1_213' title='bbox 819 1274 982 1325; x_wconf 77' lang='lat' dir='ltr'><strong>dispares</strong></span> <span class='ocrx_word' id='word_1_214' title='bbox 999 1274 1187 1325; x_wconf 76' lang='lat' dir='ltr'><strong>primum,</strong></span> <span class='ocrx_word' id='word_1_215' title='bbox 1221 1274 1358 1314; x_wconf 76' lang='lat' dir='ltr'><strong>deinde</strong></span> <span class='ocrx_word' id='word_1_216' title='bbox 1375 1275 1412 1313; x_wconf 88' lang='lat' dir='ltr'><strong>in</strong></span> <span class='ocrx_word' id='word_1_217' title='bbox 1441 1274 1586 1314; x_wconf 79' lang='lat' dir='ltr'><strong>diversa</strong></span> <span class='ocrx_word' id='word_1_218' title='bbox 1616 1276 1784 1314; x_wconf 71' lang='lat' dir='ltr'><strong>trahetur</strong></span> <span class='ocrx_word' id='word_1_219' title='bbox 1810 1286 1883 1314; x_wconf 73' lang='lat' dir='ltr'><strong>vo-</strong></span> 
     </span>
     <span class='ocr_line' id='line_1_21' title="bbox 13 1333 1882 1389; baseline -0.003 -12"><span class='ocrx_word' id='word_1_220' title='bbox 13 1378 15 1382; x_wconf 76' lang='grc'>,</span> <span class='ocrx_word' id='word_1_221' title='bbox 66 1338 259 1389; x_wconf 88' lang='lat' dir='ltr'><strong>luptatum</strong></span> <span class='ocrx_word' id='word_1_222' title='bbox 288 1334 428 1383; x_wconf 87' lang='lat' dir='ltr'><strong>studia,</strong></span> <span class='ocrx_word' id='word_1_223' title='bbox 456 1334 559 1374; x_wconf 90' lang='lat' dir='ltr'><strong>uude</strong></span> <span class='ocrx_word' id='word_1_224' title='bbox 582 1333 785 1374; x_wconf 85' lang='lat' dir='ltr'><strong>seditiones</strong></span> <span class='ocrx_word' id='word_1_225' title='bbox 802 1334 971 1372; x_wconf 88' lang='lat' dir='ltr'><strong>orientur</strong></span> <span class='ocrx_word' id='word_1_226' title='bbox 989 1334 1024 1371; x_wconf 64' lang='grc' dir='ltr'><strong>ὃς</strong></span> <span class='ocrx_word' id='word_1_227' title='bbox 1042 1335 1341 1385; x_wconf 72' lang='lat' dir='ltr'><strong>conspirationes</strong></span> <span class='ocrx_word' id='word_1_228' title='bbox 1359 1364 1370 1382; x_wconf 84' lang='lat'><strong>,</strong></span> <span class='ocrx_word' id='word_1_229' title='bbox 1403 1346 1450 1372; x_wconf 80' lang='lat' dir='ltr'><strong>ex</strong></span> <span class='ocrx_word' id='word_1_230' title='bbox 1478 1335 1535 1373; x_wconf 79' lang='lat' dir='ltr'><strong>liis</strong></span> <span class='ocrx_word' id='word_1_231' title='bbox 1567 1335 1731 1385; x_wconf 79' lang='lat' dir='ltr'><strong>denique</strong></span> <span class='ocrx_word' id='word_1_232' title='bbox 1758 1344 1882 1373; x_wconf 80' lang='lat' dir='ltr'><strong>muta--</strong></span> 
     </span>
     <span class='ocr_line' id='line_1_22' title="bbox 68 1392 1884 1446; baseline -0.003 -10"><span class='ocrx_word' id='word_1_233' title='bbox 68 1398 194 1437; x_wconf 88' lang='lat' dir='ltr'><strong>tiones</strong></span> <span class='ocrx_word' id='word_1_234' title='bbox 222 1393 609 1446; x_wconf 86' lang='lat' dir='ltr'><strong>Rerumpublicarnm</strong></span> <span class='ocrx_word' id='word_1_235' title='bbox 635 1393 674 1433; x_wconf 86' lang='lat'>&amp;</span> <span class='ocrx_word' id='word_1_236' title='bbox 698 1392 975 1445; x_wconf 54' lang='lat' dir='ltr'><strong>dominatuum.</strong></span> <span class='ocrx_word' id='word_1_237' title='bbox 1043 1392 1119 1444; x_wconf 74' lang='lat' dir='ltr'><strong>(a)</strong></span> <span class='ocrx_word' id='word_1_238' title='bbox 1151 1394 1279 1432; x_wconf 79' lang='lat' dir='ltr'><strong>Plures</strong></span> <span class='ocrx_word' id='word_1_239' title='bbox 1302 1394 1496 1443; x_wconf 55' lang='lat' dir='ltr'><strong>Principes</strong></span> <span class='ocrx_word' id='word_1_240' title='bbox 1524 1394 1811 1434; x_wconf 59' lang='lat' dir='ltr'><strong>diiscniionibus</strong></span> <span class='ocrx_word' id='word_1_241' title='bbox 1842 1395 1884 1432; x_wconf 82' lang='lat' dir='ltr'><strong>in</strong></span> 
     </span>
     <span class='ocr_line' id='line_1_23' title="bbox 67 1450 1881 1507; baseline -0.003 -11"><span class='ocrx_word' id='word_1_242' title='bbox 67 1456 273 1507; x_wconf 86' lang='lat' dir='ltr'><strong>Religione</strong></span> <span class='ocrx_word' id='word_1_243' title='bbox 297 1452 444 1506; x_wconf 85' lang='lat' dir='ltr'><strong>periiffe</strong></span> <span class='ocrx_word' id='word_1_244' title='bbox 469 1453 661 1503; x_wconf 83' lang='lat' dir='ltr'><strong>vidimus,</strong></span> <span class='ocrx_word' id='word_1_245' title='bbox 692 1451 807 1505; x_wconf 72' lang='lat' dir='ltr'><strong>quam</strong></span> <span class='ocrx_word' id='word_1_246' title='bbox 840 1452 949 1491; x_wconf 84' lang='lat' dir='ltr'><strong>armis</strong></span> <span class='ocrx_word' id='word_1_247' title='bbox 980 1450 1055 1505; x_wconf 69' lang='lat' dir='ltr'><strong>(b)</strong></span> <span class='ocrx_word' id='word_1_248' title='bbox 1086 1452 1179 1492; x_wconf 83' lang='lat' dir='ltr'><strong>Eam</strong></span> <span class='ocrx_word' id='word_1_249' title='bbox 1216 1455 1267 1492; x_wconf 87' lang='lat' dir='ltr'><strong>ob</strong></span> <span class='ocrx_word' id='word_1_250' title='bbox 1296 1466 1375 1492; x_wconf 80' lang='lat' dir='ltr'><strong>rem</strong></span> <span class='ocrx_word' id='word_1_251' title='bbox 1402 1452 1615 1493; x_wconf 79' lang='lat' dir='ltr'>Concilium</span> <span class='ocrx_word' id='word_1_252' title='bbox 1646 1454 1881 1492; x_wconf 72' lang='lat' dir='ltr'><strong>Toletanurn</strong></span> 
     </span>
     <span class='ocr_line' id='line_1_24' title="bbox 66 1510 1881 1568; baseline -0.002 -13"><span class='ocrx_word' id='word_1_253' title='bbox 66 1515 138 1557; x_wconf 90' lang='lat' dir='ltr'><strong>VI.</strong></span> <span class='ocrx_word' id='word_1_254' title='bbox 160 1513 417 1568; x_wconf 78' lang='lat' dir='ltr'><strong>sapientiffime</strong></span> <span class='ocrx_word' id='word_1_255' title='bbox 438 1512 655 1563; x_wconf 71' lang='lat' dir='ltr'><strong>ordinavit,</strong></span> <span class='ocrx_word' id='word_1_256' title='bbox 685 1523 727 1552; x_wconf 92' lang='lat' dir='ltr'><strong>ut</strong></span> <span class='ocrx_word' id='word_1_257' title='bbox 743 1513 885 1552; x_wconf 88' lang='lat' dir='ltr'><strong>nemini</strong></span> <span class='ocrx_word' id='word_1_258' title='bbox 910 1510 1075 1551; x_wconf 77' lang='lat' dir='ltr'><strong>Corona:</strong></span> <span class='ocrx_word' id='word_1_259' title='bbox 1089 1511 1353 1564; x_wconf 79' lang='lat' dir='ltr'><strong>poffessiouem</strong></span> <span class='ocrx_word' id='word_1_260' title='bbox 1374 1512 1476 1553; x_wconf 83' lang='lat' dir='ltr'><strong>adire</strong></span> <span class='ocrx_word' id='word_1_261' title='bbox 1499 1514 1650 1564; x_wconf 83' lang='lat' dir='ltr'><strong>licerer,</strong></span> <span class='ocrx_word' id='word_1_262' title='bbox 1680 1514 1748 1553; x_wconf 78' lang='lat' dir='ltr'><strong>nili</strong></span> <span class='ocrx_word' id='word_1_263' title='bbox 1769 1514 1881 1565; x_wconf 79' lang='lat' dir='ltr'><strong>prius</strong></span> 
     </span>
     <span class='ocr_line' id='line_1_25' title="bbox 67 1571 1879 1627; baseline -0.002 -11"><span class='ocrx_word' id='word_1_264' title='bbox 67 1575 165 1616; x_wconf 89' lang='lat' dir='ltr'><strong>dato</strong></span> <span class='ocrx_word' id='word_1_265' title='bbox 176 1573 419 1627; x_wconf 82' lang='lat' dir='ltr'><strong>jurejurando</strong></span> <span class='ocrx_word' id='word_1_266' title='bbox 443 1574 762 1626; x_wconf 86' lang='lat' dir='ltr'><strong>adpromitteret,</strong></span> <span class='ocrx_word' id='word_1_267' title='bbox 790 1573 936 1611; x_wconf 88' lang='lat' dir='ltr'><strong>nullum</strong></span> <span class='ocrx_word' id='word_1_268' title='bbox 961 1571 1036 1610; x_wconf 90' lang='lat' dir='ltr'><strong>sese</strong></span> <span class='ocrx_word' id='word_1_269' title='bbox 1065 1572 1102 1611; x_wconf 88' lang='lat' dir='ltr'><strong>in</strong></span> <span class='ocrx_word' id='word_1_270' title='bbox 1128 1585 1247 1625; x_wconf 83' lang='lat' dir='ltr'><strong>regno</strong></span> <span class='ocrx_word' id='word_1_271' title='bbox 1272 1573 1338 1612; x_wconf 81' lang='lat' dir='ltr'><strong>suo</strong></span> <span class='ocrx_word' id='word_1_272' title='bbox 1376 1574 1646 1623; x_wconf 74' lang='lat' dir='ltr'><strong>toleraturum,</strong></span> <span class='ocrx_word' id='word_1_273' title='bbox 1679 1575 1743 1624; x_wconf 87' lang='lat' dir='ltr'><strong>qui</strong></span> <span class='ocrx_word' id='word_1_274' title='bbox 1773 1585 1879 1612; x_wconf 67' lang='lat' dir='ltr'><strong>verte</strong></span> 
     </span>
     <span class='ocr_line' id='line_1_26' title="bbox 68 1630 1885 1684; baseline -0.001 -10"><span class='ocrx_word' id='word_1_275' title='bbox 68 1635 107 1675; x_wconf 88' lang='lat'>&amp;</span> <span class='ocrx_word' id='word_1_276' title='bbox 133 1634 364 1674; x_wconf 83' lang='lat' dir='ltr'><strong>orthodoxae</strong></span> <span class='ocrx_word' id='word_1_277' title='bbox 385 1632 475 1674; x_wconf 84' lang='lat' dir='ltr'><strong>fidei</strong></span> <span class='ocrx_word' id='word_1_278' title='bbox 495 1633 680 1684; x_wconf 74' lang='lat' dir='ltr'><strong>mysteriis</strong></span> <span class='ocrx_word' id='word_1_279' title='bbox 708 1630 780 1672; x_wconf 77' lang='lat' dir='ltr'><strong>rite</strong></span> <span class='ocrx_word' id='word_1_280' title='bbox 805 1632 973 1671; x_wconf 87' lang='lat' dir='ltr'><strong>imbutus</strong></span> <span class='ocrx_word' id='word_1_281' title='bbox 994 1643 1074 1670; x_wconf 87' lang='lat' dir='ltr'><strong>nou</strong></span> <span class='ocrx_word' id='word_1_282' title='bbox 1105 1631 1212 1674; x_wconf 70' lang='lat' dir='ltr'><strong>esset.</strong></span> <span class='ocrx_word' id='word_1_283' title='bbox 1273 1632 1453 1683; x_wconf 78' lang='lat' dir='ltr'><strong>Hispania</strong></span> <span class='ocrx_word' id='word_1_284' title='bbox 1469 1635 1597 1683; x_wconf 88' lang='lat' dir='ltr'><strong>quieta</strong></span> <span class='ocrx_word' id='word_1_285' title='bbox 1619 1632 1693 1672; x_wconf 80' lang='lat' dir='ltr'><strong>ess&#39;e</strong></span> <span class='ocrx_word' id='word_1_286' title='bbox 1711 1645 1789 1672; x_wconf 92' lang='lat' dir='ltr'><strong>non</strong></span> <span class='ocrx_word' id='word_1_287' title='bbox 1808 1645 1885 1684; x_wconf 86' lang='lat' dir='ltr'><strong>po-</strong></span> 
     </span>
     <span class='ocr_line' id='line_1_27' title="bbox 13 1691 1884 1744; baseline -0.003 -10"><span class='ocrx_word' id='word_1_288' title='bbox 13 1707 16 1712; x_wconf 56' lang='lat'>*</span> <span class='ocrx_word' id='word_1_289' title='bbox 68 1696 167 1743; x_wconf 90' lang='lat' dir='ltr'><strong>tuit,</strong></span> <span class='ocrx_word' id='word_1_290' title='bbox 198 1694 326 1734; x_wconf 91' lang='lat' dir='ltr'><strong>donec</strong></span> <span class='ocrx_word' id='word_1_291' title='bbox 346 1705 494 1733; x_wconf 88' lang='lat' dir='ltr'><strong>errores</strong></span> <span class='ocrx_word' id='word_1_292' title='bbox 521 1696 621 1733; x_wconf 87' lang='lat' dir='ltr'><strong>Arrii</strong></span> <span class='ocrx_word' id='word_1_293' title='bbox 647 1693 861 1744; x_wconf 85' lang='lat' dir='ltr'><strong>deponeret</strong></span> <span class='ocrx_word' id='word_1_294' title='bbox 880 1720 893 1739; x_wconf 86' lang='lat'>‚</span> <span class='ocrx_word' id='word_1_295' title='bbox 923 1691 961 1729; x_wconf 87' lang='lat'>&amp;</span> <span class='ocrx_word' id='word_1_296' title='bbox 980 1702 1114 1730; x_wconf 90' lang='lat' dir='ltr'><strong>omnes</strong></span> <span class='ocrx_word' id='word_1_297' title='bbox 1140 1691 1381 1742; x_wconf 79' lang='lat' dir='ltr'><strong>Religionem</strong></span> <span class='ocrx_word' id='word_1_298' title='bbox 1404 1691 1640 1731; x_wconf 82' lang='lat' dir='ltr'><strong>Catholicam</strong></span> <span class='ocrx_word' id='word_1_299' title='bbox 1668 1691 1884 1744; x_wconf 64' lang='lat' dir='ltr'><strong>ample8oe-</strong></span> 
     </span>
     <span class='ocr_line' id='line_1_28' title="bbox 67 1749 1882 1804; baseline -0.001 -11"><span class='ocrx_word' id='word_1_300' title='bbox 67 1764 211 1794; x_wconf 89' lang='lat' dir='ltr'><strong>rentur.</strong></span> <span class='ocrx_word' id='word_1_301' title='bbox 270 1754 306 1792; x_wconf 89' lang='lat' dir='ltr'><strong>A</strong></span> <span class='ocrx_word' id='word_1_302' title='bbox 332 1766 410 1804; x_wconf 90' lang='lat' dir='ltr'><strong>quo</strong></span> <span class='ocrx_word' id='word_1_303' title='bbox 431 1763 608 1804; x_wconf 88' lang='lat' dir='ltr'><strong>tempore</strong></span> <span class='ocrx_word' id='word_1_304' title='bbox 626 1760 705 1791; x_wconf 86' lang='lat' dir='ltr'><strong>tam</strong></span> <span class='ocrx_word' id='word_1_305' title='bbox 727 1752 827 1790; x_wconf 91' lang='lat' dir='ltr'><strong>bene</strong></span> <span class='ocrx_word' id='word_1_306' title='bbox 843 1749 916 1789; x_wconf 86' lang='lat' dir='ltr'><strong>fuit</strong></span> <span class='ocrx_word' id='word_1_307' title='bbox 932 1750 1108 1789; x_wconf 86' lang='lat' dir='ltr'><strong>universo</strong></span> <span class='ocrx_word' id='word_1_308' title='bbox 1139 1751 1288 1803; x_wconf 85' lang='lat' dir='ltr'><strong>Populo</strong></span> <span class='ocrx_word' id='word_1_309' title='bbox 1303 1780 1315 1799; x_wconf 88' lang='lat'><strong>,</strong></span> <span class='ocrx_word' id='word_1_310' title='bbox 1346 1758 1389 1788; x_wconf 86' lang='lat' dir='ltr'><strong>ut</strong></span> <span class='ocrx_word' id='word_1_311' title='bbox 1406 1762 1492 1789; x_wconf 90' lang='lat' dir='ltr'><strong>cum</strong></span> <span class='ocrx_word' id='word_1_312' title='bbox 1515 1751 1647 1802; x_wconf 73' lang='lat' dir='ltr'><strong>postea</strong></span> <span class='ocrx_word' id='word_1_313' title='bbox 1672 1752 1760 1791; x_wconf 86' lang='lat' dir='ltr'><strong>Rex</strong></span> <span class='ocrx_word' id='word_1_314' title='bbox 1781 1749 1882 1791; x_wconf 90' lang='lat' dir='ltr'><strong>We-</strong></span> 
     </span>
     <span class='ocr_line' id='line_1_29' title="bbox 67 1808 1884 1864; baseline -0.002 -10"><span class='ocrx_word' id='word_1_315' title='bbox 67 1816 208 1854; x_wconf 88' lang='lat' dir='ltr'><strong>tericus</strong></span> <span class='ocrx_word' id='word_1_316' title='bbox 241 1811 402 1853; x_wconf 88' lang='lat' dir='ltr'><strong>eandem</strong></span> <span class='ocrx_word' id='word_1_317' title='bbox 435 1811 573 1851; x_wconf 67' lang='lat' dir='ltr'><strong>seuam</strong></span> <span class='ocrx_word' id='word_1_318' title='bbox 595 1810 829 1863; x_wconf 86' lang='lat' dir='ltr'><strong>postliminio</strong></span> <span class='ocrx_word' id='word_1_319' title='bbox 849 1818 1052 1848; x_wconf 82' lang='lat' dir='ltr'><strong>conaretur</strong></span> <span class='ocrx_word' id='word_1_320' title='bbox 1082 1808 1212 1851; x_wconf 75' lang='lat' dir='ltr'><strong>denuo</strong></span> <span class='ocrx_word' id='word_1_321' title='bbox 1247 1808 1514 1859; x_wconf 82' lang='lat' dir='ltr'><strong>introducere,</strong></span> <span class='ocrx_word' id='word_1_322' title='bbox 1545 1811 1785 1862; x_wconf 17' lang='lat' dir='ltr'><strong>intraripsum</strong></span> <span class='ocrx_word' id='word_1_323' title='bbox 1814 1824 1884 1864; x_wconf 87' lang='lat' dir='ltr'><strong>pa-</strong></span> 
     </span>
     <span class='ocr_line' id='line_1_30' title="bbox 67 1866 1886 1921; baseline -0.003 -7"><span class='ocrx_word' id='word_1_324' title='bbox 67 1875 200 1914; x_wconf 81' lang='lat' dir='ltr'><strong>latium</strong></span> <span class='ocrx_word' id='word_1_325' title='bbox 222 1869 427 1912; x_wconf 76' lang='lat' dir='ltr'><strong>miserrime</strong></span> <span class='ocrx_word' id='word_1_326' title='bbox 446 1871 563 1911; x_wconf 88' lang='lat' dir='ltr'><strong>fuerit</strong></span> <span class='ocrx_word' id='word_1_327' title='bbox 579 1870 801 1914; x_wconf 68' lang='lat' dir='ltr'><strong>trucidatus.</strong></span> <span class='ocrx_word' id='word_1_328' title='bbox 859 1866 1010 1907; x_wconf 74' lang='lat' dir='ltr'><strong>Verum</strong></span> <span class='ocrx_word' id='word_1_329' title='bbox 1035 1880 1115 1907; x_wconf 86' lang='lat' dir='ltr'><strong>non</strong></span> <span class='ocrx_word' id='word_1_330' title='bbox 1137 1867 1373 1908; x_wconf 87' lang='lat' dir='ltr'><strong>obstantibus</strong></span> <span class='ocrx_word' id='word_1_331' title='bbox 1403 1867 1517 1920; x_wconf 74' lang='lat' dir='ltr'><strong>quam</strong></span> <span class='ocrx_word' id='word_1_332' title='bbox 1546 1870 1717 1921; x_wconf 87' lang='lat' dir='ltr'><strong>plurimis</strong></span> <span class='ocrx_word' id='word_1_333' title='bbox 1749 1883 1886 1910; x_wconf 81' lang='lat' dir='ltr'><strong>exem-</strong></span> 
     </span>
     <span class='ocr_line' id='line_1_31' title="bbox 66 1926 1882 1987; baseline -0.002 -15"><span class='ocrx_word' id='word_1_334' title='bbox 66 1934 139 1987; x_wconf 81' lang='lat' dir='ltr'><strong>plis</strong></span> <span class='ocrx_word' id='word_1_335' title='bbox 164 1932 344 1972; x_wconf 83' lang='lat' dir='ltr'><strong>similibus</strong></span> <span class='ocrx_word' id='word_1_336' title='bbox 372 1930 691 1981; x_wconf 85' lang='lat' dir='ltr'><strong>&amp;experientiis,</strong></span> <span class='ocrx_word' id='word_1_337' title='bbox 719 1927 793 1965; x_wconf 90' lang='lat' dir='ltr'><strong>fuit</strong></span> <span class='ocrx_word' id='word_1_338' title='bbox 818 1937 1038 1975; x_wconf 79' lang='lat' dir='ltr'><strong>nonne1n0‚</strong></span> <span class='ocrx_word' id='word_1_339' title='bbox 1067 1927 1132 1977; x_wconf 92' lang='lat' dir='ltr'><strong>qui</strong></span> <span class='ocrx_word' id='word_1_340' title='bbox 1149 1926 1267 1978; x_wconf 83' lang='lat' dir='ltr'><strong>impie</strong></span> <span class='ocrx_word' id='word_1_341' title='bbox 1283 1927 1427 1965; x_wconf 90' lang='lat' dir='ltr'><strong>docere</strong></span> <span class='ocrx_word' id='word_1_342' title='bbox 1450 1927 1556 1967; x_wconf 88' lang='lat' dir='ltr'><strong>ausus</strong></span> <span class='ocrx_word' id='word_1_343' title='bbox 1572 1928 1625 1967; x_wconf 89' lang='lat' dir='ltr'><strong>est</strong></span> <span class='ocrx_word' id='word_1_344' title='bbox 1647 1929 1882 1981; x_wconf 80' lang='lat' dir='ltr'><strong>Principem,</strong></span> 
     </span>
     <span class='ocr_line' id='line_1_32' title="bbox 13 1985 1881 2046; baseline -0.002 -15"><span class='ocrx_word' id='word_1_345' title='bbox 13 1993 15 2007; x_wconf 81' lang='lat'><strong>²</strong></span> <span class='ocrx_word' id='word_1_346' title='bbox 65 1991 173 2046; x_wconf 85' lang='lat' dir='ltr'><strong>poffe</strong></span> <span class='ocrx_word' id='word_1_347' title='bbox 203 2002 275 2042; x_wconf 90' lang='lat' dir='ltr'><strong>pro</strong></span> <span class='ocrx_word' id='word_1_348' title='bbox 315 1986 426 2027; x_wconf 89' lang='lat' dir='ltr'><strong>libitu</strong></span> <span class='ocrx_word' id='word_1_349' title='bbox 449 1988 690 2043; x_wconf 79' lang='lat' dir='ltr'><strong>Religionem</strong></span> <span class='ocrx_word' id='word_1_350' title='bbox 723 1995 787 2025; x_wconf 90' lang='lat' dir='ltr'><strong>aut</strong></span> <span class='ocrx_word' id='word_1_351' title='bbox 810 1985 1048 2035; x_wconf 83' lang='lat' dir='ltr'><strong>dissimulare,</strong></span> <span class='ocrx_word' id='word_1_352' title='bbox 1081 1996 1146 2025; x_wconf 83' lang='lat' dir='ltr'><strong>aut</strong></span> <span class='ocrx_word' id='word_1_353' title='bbox 1179 1986 1335 2039; x_wconf 83' lang='lat' dir='ltr'><strong>fingere.</strong></span> <span class='ocrx_word' id='word_1_354' title='bbox 1405 1987 1484 2039; x_wconf 84' lang='lat' dir='ltr'><strong>Qui</strong></span> <span class='ocrx_word' id='word_1_355' title='bbox 1511 1998 1595 2027; x_wconf 84' lang='lat' dir='ltr'><strong>eam</strong></span> <span class='ocrx_word' id='word_1_356' title='bbox 1626 1987 1763 2041; x_wconf 83' lang='lat' dir='ltr'><strong>fingit,</strong></span> <span class='ocrx_word' id='word_1_357' title='bbox 1795 1991 1881 2028; x_wconf 79' lang='lat' dir='ltr'><strong>nul-</strong></span> 
     </span>
     <span class='ocr_line' id='line_1_33' title="bbox 65 2044 1877 2099; baseline -0.002 -7"><span class='ocrx_word' id='word_1_358' title='bbox 65 2054 141 2093; x_wconf 87' lang='lat' dir='ltr'><strong>lam</strong></span> <span class='ocrx_word' id='word_1_359' title='bbox 160 2050 317 2090; x_wconf 90' lang='lat' dir='ltr'><strong>omnino</strong></span> <span class='ocrx_word' id='word_1_360' title='bbox 349 2047 484 2088; x_wconf 86' lang='lat' dir='ltr'><strong>credit.</strong></span> <span class='ocrx_word' id='word_1_361' title='bbox 559 2047 612 2088; x_wconf 89' lang='lat' dir='ltr'><strong>Et</strong></span> <span class='ocrx_word' id='word_1_362' title='bbox 634 2047 661 2086; x_wconf 87' lang='lat' dir='ltr'><strong>fi</strong></span> <span class='ocrx_word' id='word_1_363' title='bbox 677 2044 865 2097; x_wconf 78' lang='lat' dir='ltr'><strong>ejusmodi</strong></span> <span class='ocrx_word' id='word_1_364' title='bbox 896 2044 1001 2085; x_wconf 57' lang='lat' dir='ltr'><strong>finitio</strong></span> <span class='ocrx_word' id='word_1_365' title='bbox 1024 2044 1222 2089; x_wconf 76' lang='lat' dir='ltr'><strong>artificium</strong></span> <span class='ocrx_word' id='word_1_366' title='bbox 1252 2045 1446 2098; x_wconf 84' lang='lat' dir='ltr'><strong>quoddam</strong></span> <span class='ocrx_word' id='word_1_367' title='bbox 1471 2046 1524 2086; x_wconf 81' lang='lat' dir='ltr'><strong>est</strong></span> <span class='ocrx_word' id='word_1_368' title='bbox 1549 2048 1750 2099; x_wconf 87' lang='lat' dir='ltr'><strong>politicum</strong></span> <span class='ocrx_word' id='word_1_369' title='bbox 1768 2079 1779 2096; x_wconf 84' lang='lat'><strong>,</strong></span> <span class='ocrx_word' id='word_1_370' title='bbox 1826 2049 1877 2088; x_wconf 74' lang='lat' dir='ltr'><strong>ad</strong></span> 
     </span>
     <span class='ocr_line' id='line_1_34' title="bbox 67 2105 1878 2162; baseline -0.001 -11"><span class='ocrx_word' id='word_1_371' title='bbox 67 2108 306 2162; x_wconf 87' lang='lat' dir='ltr'><strong>copulandos</strong></span> <span class='ocrx_word' id='word_1_372' title='bbox 327 2109 494 2156; x_wconf 85' lang='lat' dir='ltr'><strong>animos,</strong></span> <span class='ocrx_word' id='word_1_373' title='bbox 524 2106 562 2147; x_wconf 71' lang='grc' dir='ltr'><strong>δι</strong></span> <span class='ocrx_word' id='word_1_374' title='bbox 589 2107 771 2146; x_wconf 88' lang='lat' dir='ltr'><strong>tuendam</strong></span> <span class='ocrx_word' id='word_1_375' title='bbox 796 2105 1112 2156; x_wconf 78' lang='lat' dir='ltr'><strong>Rempublicam,</strong></span> <span class='ocrx_word' id='word_1_376' title='bbox 1147 2108 1268 2147; x_wconf 84' lang='lat' dir='ltr'><strong>multo</strong></span> <span class='ocrx_word' id='word_1_377' title='bbox 1284 2107 1321 2146; x_wconf 88' lang='lat' dir='ltr'><strong>id</strong></span> <span class='ocrx_word' id='word_1_378' title='bbox 1344 2105 1676 2158; x_wconf 51' lang='lat' dir='ltr'><strong>prestabit-melius</strong></span> <span class='ocrx_word' id='word_1_379' title='bbox 1692 2119 1783 2149; x_wconf 77' lang='lat' dir='ltr'><strong>vera</strong></span> <span class='ocrx_word' id='word_1_380' title='bbox 1800 2109 1878 2149; x_wconf 80' lang='lat' dir='ltr'><strong>Re·-</strong></span> 
     </span>
     <span class='ocr_line' id='line_1_35' title="bbox 67 2163 1605 2224; baseline -0.003 -13"><span class='ocrx_word' id='word_1_381' title='bbox 67 2172 157 2224; x_wconf 88' lang='lat' dir='ltr'><strong>ligio</strong></span> <span class='ocrx_word' id='word_1_382' title='bbox 175 2199 190 2220; x_wconf 88' lang='lat'><strong>,</strong></span> <span class='ocrx_word' id='word_1_383' title='bbox 218 2167 331 2221; x_wconf 75' lang='lat' dir='ltr'><strong>quam</strong></span> <span class='ocrx_word' id='word_1_384' title='bbox 348 2167 458 2208; x_wconf 85' lang='lat' dir='ltr'><strong>falsa:</strong></span> <span class='ocrx_word' id='word_1_385' title='bbox 487 2169 573 2208; x_wconf 90' lang='lat' dir='ltr'><strong>haec</strong></span> <span class='ocrx_word' id='word_1_386' title='bbox 591 2168 692 2206; x_wconf 89' lang='lat' dir='ltr'><strong>enim</strong></span> <span class='ocrx_word' id='word_1_387' title='bbox 711 2165 854 2205; x_wconf 85' lang='lat' dir='ltr'><strong>caduca</strong></span> <span class='ocrx_word' id='word_1_388' title='bbox 872 2163 949 2213; x_wconf 83' lang='lat' dir='ltr'><strong>cst,</strong></span> <span class='ocrx_word' id='word_1_389' title='bbox 980 2166 1040 2206; x_wconf 85' lang='lat' dir='ltr'><strong>illa</strong></span> <span class='ocrx_word' id='word_1_390' title='bbox 1059 2177 1197 2206; x_wconf 63' lang='lat' dir='ltr'><strong>aeterna</strong></span> <span class='ocrx_word' id='word_1_391' title='bbox 1216 2199 1226 2216; x_wconf 87' lang='lat'><strong>,</strong></span> <span class='ocrx_word' id='word_1_392' title='bbox 1259 2168 1295 2207; x_wconf 83' lang='lat'>&amp;</span> <span class='ocrx_word' id='word_1_393' title='bbox 1313 2170 1548 2217; x_wconf 86' lang='lat' dir='ltr'><strong>immortalis,</strong></span> <span class='ocrx_word' id='word_1_394' title='bbox 1602 2218 1605 2221; x_wconf 21' lang='grc' dir='ltr'><strong>Δ</strong></span> 
     </span>
     <span class='ocr_line' id='line_1_36' title="bbox 235 2225 1875 2281; baseline -0.001 -13"><span class='ocrx_word' id='word_1_395' title='bbox 235 2227 364 2268; x_wconf 89' lang='lat' dir='ltr'><strong>Multa</strong></span> <span class='ocrx_word' id='word_1_396' title='bbox 389 2227 550 2279; x_wconf 87' lang='lat' dir='ltr'><strong>Imperia</strong></span> <span class='ocrx_word' id='word_1_397' title='bbox 575 2225 732 2266; x_wconf 88' lang='lat' dir='ltr'><strong>fundata</strong></span> <span class='ocrx_word' id='word_1_398' title='bbox 758 2226 798 2265; x_wconf 88' lang='lat' dir='ltr'><strong>in</strong></span> <span class='ocrx_word' id='word_1_399' title='bbox 823 2225 1087 2276; x_wconf 82' lang='lat' dir='ltr'><strong>Religionibus</strong></span> <span class='ocrx_word' id='word_1_400' title='bbox 1107 2226 1205 2267; x_wconf 78' lang='lat' dir='ltr'><strong>fallis</strong></span> <span class='ocrx_word' id='word_1_401' title='bbox 1225 2258 1237 2276; x_wconf 83' lang='lat'><strong>‚</strong></span> <span class='ocrx_word' id='word_1_402' title='bbox 1269 2228 1332 2268; x_wconf 91' lang='lat' dir='ltr'><strong>sed</strong></span> <span class='ocrx_word' id='word_1_403' title='bbox 1358 2230 1404 2268; x_wconf 87' lang='lat' dir='ltr'><strong>ab</strong></span> <span class='ocrx_word' id='word_1_404' title='bbox 1432 2228 1642 2280; x_wconf 82' lang='lat' dir='ltr'><strong>ignorantia</strong></span> <span class='ocrx_word' id='word_1_405' title='bbox 1665 2227 1875 2281; x_wconf 49' lang='lat' dir='ltr'><strong>profecffiis,</strong></span> 
     </span>
     <span class='ocr_line' id='line_1_37' title="bbox 69 2285 1876 2341; baseline -0.001 -13"><span class='ocrx_word' id='word_1_406' title='bbox 69 2289 187 2341; x_wconf 83' lang='lat' dir='ltr'><strong>longo</strong></span> <span class='ocrx_word' id='word_1_407' title='bbox 199 2296 377 2339; x_wconf 89' lang='lat' dir='ltr'><strong>tempore</strong></span> <span class='ocrx_word' id='word_1_408' title='bbox 395 2287 506 2328; x_wconf 89' lang='lat' dir='ltr'><strong>Deus</strong></span> <span class='ocrx_word' id='word_1_409' title='bbox 527 2285 787 2334; x_wconf 83' lang='lat' dir='ltr'><strong>conservavit,</strong></span> <span class='ocrx_word' id='word_1_410' title='bbox 817 2287 1097 2328; x_wconf 88' lang='lat' dir='ltr'><strong>remunerando</strong></span> <span class='ocrx_word' id='word_1_411' title='bbox 1115 2287 1232 2327; x_wconf 85' lang='lat' dir='ltr'><strong>isthac</strong></span> <span class='ocrx_word' id='word_1_412' title='bbox 1253 2290 1401 2328; x_wconf 84' lang='lat' dir='ltr'><strong>ratione</strong></span> <span class='ocrx_word' id='word_1_413' title='bbox 1429 2291 1590 2328; x_wconf 87' lang='lat' dir='ltr'><strong>virtutes</strong></span> <span class='ocrx_word' id='word_1_414' title='bbox 1606 2291 1787 2339; x_wconf 84' lang='lat' dir='ltr'><strong>quasdam</strong></span> <span class='ocrx_word' id='word_1_415' title='bbox 1808 2300 1876 2327; x_wconf 85' lang='lat' dir='ltr'><strong>eo..</strong></span> 
     </span>
     <span class='ocr_line' id='line_1_38' title="bbox 70 2344 1873 2400; baseline -0.002 -11"><span class='ocrx_word' id='word_1_416' title='bbox 70 2359 154 2389; x_wconf 83' lang='lat' dir='ltr'><strong>rum</strong></span> <span class='ocrx_word' id='word_1_417' title='bbox 174 2349 359 2399; x_wconf 87' lang='lat' dir='ltr'><strong>morales,</strong></span> <span class='ocrx_word' id='word_1_418' title='bbox 387 2357 452 2388; x_wconf 88' lang='lat' dir='ltr'><strong>aut</strong></span> <span class='ocrx_word' id='word_1_419' title='bbox 468 2347 613 2386; x_wconf 90' lang='lat' dir='ltr'><strong>cultum</strong></span> <span class='ocrx_word' id='word_1_420' title='bbox 629 2357 796 2395; x_wconf 82' lang='lat' dir='ltr'><strong>coecum,</strong></span> <span class='ocrx_word' id='word_1_421' title='bbox 826 2344 865 2384; x_wconf 89' lang='lat'>&amp;</span> <span class='ocrx_word' id='word_1_422' title='bbox 883 2344 1058 2387; x_wconf 72' lang='lat' dir='ltr'><strong>victimas</strong></span> <span class='ocrx_word' id='word_1_423' title='bbox 1076 2348 1276 2397; x_wconf 87' lang='lat' dir='ltr'><strong>barbaras,</strong></span> <span class='ocrx_word' id='word_1_424' title='bbox 1307 2349 1444 2400; x_wconf 86' lang='lat' dir='ltr'><strong>quibus</strong></span> <span class='ocrx_word' id='word_1_425' title='bbox 1467 2349 1588 2400; x_wconf 88' lang='lat' dir='ltr'><strong>ipsum</strong></span> <span class='ocrx_word' id='word_1_426' title='bbox 1607 2349 1873 2400; x_wconf 77' lang='lat' dir='ltr'><strong>inquirebant3</strong></span> 
     </span>
     <span class='ocr_line' id='line_1_39' title="bbox 69 2404 1875 2461; baseline -0.001 -13"><span class='ocrx_word' id='word_1_427' title='bbox 69 2418 152 2448; x_wconf 90' lang='lat' dir='ltr'><strong>non</strong></span> <span class='ocrx_word' id='word_1_428' title='bbox 175 2406 281 2458; x_wconf 93' lang='lat' dir='ltr'><strong>quod</strong></span> <span class='ocrx_word' id='word_1_429' title='bbox 300 2409 359 2449; x_wconf 84' lang='lat' dir='ltr'><strong>hae</strong></span> <span class='ocrx_word' id='word_1_430' title='bbox 380 2408 432 2447; x_wconf 89' lang='lat' dir='ltr'><strong>illi</strong></span> <span class='ocrx_word' id='word_1_431' title='bbox 460 2415 573 2460; x_wconf 83' lang='lat' dir='ltr'><strong>gratae</strong></span> <span class='ocrx_word' id='word_1_432' title='bbox 597 2405 735 2456; x_wconf 87' lang='lat' dir='ltr'><strong>essent,</strong></span> <span class='ocrx_word' id='word_1_433' title='bbox 757 2404 823 2446; x_wconf 87' lang='lat' dir='ltr'><strong>sed</strong></span> <span class='ocrx_word' id='word_1_434' title='bbox 847 2405 899 2444; x_wconf 91' lang='lat' dir='ltr'><strong>ob</strong></span> <span class='ocrx_word' id='word_1_435' title='bbox 922 2405 1132 2459; x_wconf 84' lang='lat' dir='ltr'><strong>religiosam</strong></span> <span class='ocrx_word' id='word_1_436' title='bbox 1155 2409 1455 2461; x_wconf 85' lang='lat' dir='ltr'><strong>simplicitatem,</strong></span> <span class='ocrx_word' id='word_1_437' title='bbox 1487 2406 1563 2460; x_wconf 66' lang='lat' dir='ltr'><strong>qua</strong></span> <span class='ocrx_word' id='word_1_438' title='bbox 1592 2420 1654 2447; x_wconf 86' lang='lat' dir='ltr'><strong>eas</strong></span> <span class='ocrx_word' id='word_1_439' title='bbox 1682 2407 1875 2448; x_wconf 85' lang='lat' dir='ltr'><strong>interdum</strong></span> 
     </span>
     <span class='ocr_line' id='line_1_40' title="bbox 71 2465 1875 2521; baseline -0.001 -14"><span class='ocrx_word' id='word_1_440' title='bbox 71 2465 301 2513; x_wconf 76' lang='lat' dir='ltr'><strong>offerebant,</strong></span> <span class='ocrx_word' id='word_1_441' title='bbox 359 2465 573 2519; x_wconf 86' lang='lat' dir='ltr'><strong>Nunquam</strong></span> <span class='ocrx_word' id='word_1_442' title='bbox 593 2475 718 2507; x_wconf 88' lang='lat' dir='ltr'><strong>tamen</strong></span> <span class='ocrx_word' id='word_1_443' title='bbox 744 2477 788 2505; x_wconf 89' lang='lat' dir='ltr'><strong>ea</strong></span> <span class='ocrx_word' id='word_1_444' title='bbox 805 2465 967 2517; x_wconf 83' lang='lat' dir='ltr'><strong>Imperia</strong></span> <span class='ocrx_word' id='word_1_445' title='bbox 990 2466 1055 2507; x_wconf 85' lang='lat' dir='ltr'><strong>diu</strong></span> <span class='ocrx_word' id='word_1_446' title='bbox 1072 2467 1197 2518; x_wconf 83' lang='lat' dir='ltr'><strong>fovit,</strong></span> <span class='ocrx_word' id='word_1_447' title='bbox 1228 2481 1313 2521; x_wconf 88' lang='lat' dir='ltr'><strong>quae</strong></span> <span class='ocrx_word' id='word_1_448' title='bbox 1334 2471 1449 2521; x_wconf 70' lang='lat' dir='ltr'><strong>magis</strong></span> <span class='ocrx_word' id='word_1_449' title='bbox 1468 2481 1517 2508; x_wconf 79' lang='lat' dir='ltr'><strong>ex</strong></span> <span class='ocrx_word' id='word_1_450' title='bbox 1543 2467 1705 2517; x_wconf 65' lang='lat' dir='ltr'><strong>malitia,</strong></span> <span class='ocrx_word' id='word_1_451' title='bbox 1729 2477 1795 2507; x_wconf 91' lang='lat' dir='ltr'><strong>aut</strong></span> <span class='ocrx_word' id='word_1_452' title='bbox 1821 2479 1875 2506; x_wconf 82' lang='lat' dir='ltr'><strong>ar-</strong></span> 
     </span>
     <span class='ocr_line' id='line_1_41' title="bbox 71 2525 1872 2580; baseline -0.001 -14"><span class='ocrx_word' id='word_1_453' title='bbox 71 2535 133 2575; x_wconf 84' lang='lat' dir='ltr'><strong>te,</strong></span> <span class='ocrx_word' id='word_1_454' title='bbox 164 2525 277 2577; x_wconf 73' lang='lat' dir='ltr'><strong>quam</strong></span> <span class='ocrx_word' id='word_1_455' title='bbox 307 2537 356 2566; x_wconf 87' lang='lat' dir='ltr'><strong>ex</strong></span> <span class='ocrx_word' id='word_1_456' title='bbox 378 2528 609 2580; x_wconf 86' lang='lat' dir='ltr'><strong>ignorantia,</strong></span> <span class='ocrx_word' id='word_1_457' title='bbox 637 2526 879 2580; x_wconf 86' lang='lat' dir='ltr'><strong>Religionem</strong></span> <span class='ocrx_word' id='word_1_458' title='bbox 913 2526 1192 2573; x_wconf 74' lang='lat' dir='ltr'><strong>diffimularent.</strong></span> <span class='ocrx_word' id='word_1_459' title='bbox 1251 2528 1290 2568; x_wconf 90' lang='lat' dir='ltr'><strong>S.</strong></span> <span class='ocrx_word' id='word_1_460' title='bbox 1316 2529 1481 2569; x_wconf 83' lang='lat' dir='ltr'><strong>Isidorus</strong></span> <span class='ocrx_word' id='word_1_461' title='bbox 1501 2530 1668 2567; x_wconf 84' lang='lat' dir='ltr'><strong>moriens</strong></span> <span class='ocrx_word' id='word_1_462' title='bbox 1688 2528 1872 2567; x_wconf 78' lang='lat' dir='ltr'><strong>vaticina-</strong></span> 
     </span>
     <span class='ocr_line' id='line_1_42' title="bbox 71 2583 1876 2641; baseline -0.001 -14"><span class='ocrx_word' id='word_1_463' title='bbox 71 2595 136 2627; x_wconf 91' lang='lat' dir='ltr'><strong>tus</strong></span> <span class='ocrx_word' id='word_1_464' title='bbox 170 2583 225 2625; x_wconf 90' lang='lat' dir='ltr'><strong>est</strong></span> <span class='ocrx_word' id='word_1_465' title='bbox 247 2584 409 2628; x_wconf 86' lang='lat' dir='ltr'><strong>Nationi</strong></span> <span class='ocrx_word' id='word_1_466' title='bbox 430 2587 670 2639; x_wconf 87' lang='lat' dir='ltr'><strong>Hispanicae,</strong></span> <span class='ocrx_word' id='word_1_467' title='bbox 697 2585 784 2626; x_wconf 89' lang='lat' dir='ltr'><strong>fore</strong></span> <span class='ocrx_word' id='word_1_468' title='bbox 819 2595 861 2624; x_wconf 85' lang='lat' dir='ltr'><strong>ut</strong></span> <span class='ocrx_word' id='word_1_469' title='bbox 877 2612 891 2632; x_wconf 87' lang='lat'>‚</span> <span class='ocrx_word' id='word_1_470' title='bbox 922 2584 951 2624; x_wconf 89' lang='lat' dir='ltr'><strong>fi</strong></span> <span class='ocrx_word' id='word_1_471' title='bbox 970 2585 991 2625; x_wconf 76' lang='grc' dir='ltr'><strong>ἐι</strong></span> <span class='ocrx_word' id='word_1_472' title='bbox 1019 2585 1111 2627; x_wconf 64' lang='lat' dir='ltr'><strong>vera</strong></span> <span class='ocrx_word' id='word_1_473' title='bbox 1136 2590 1339 2641; x_wconf 86' lang='lat' dir='ltr'><strong>Religione</strong></span> <span class='ocrx_word' id='word_1_474' title='bbox 1359 2589 1434 2640; x_wconf 84' lang='lat' dir='ltr'><strong>ipsa</strong></span> <span class='ocrx_word' id='word_1_475' title='bbox 1469 2587 1713 2634; x_wconf 79' lang='lat' dir='ltr'><strong>descisceret,</strong></span> <span class='ocrx_word' id='word_1_476' title='bbox 1746 2589 1876 2638; x_wconf 74' lang='lat' dir='ltr'><strong>oppri-</strong></span> 
     </span>
     <span class='ocr_line' id='line_1_43' title="bbox 71 2643 1874 2699; baseline -0.002 -12"><span class='ocrx_word' id='word_1_477' title='bbox 71 2654 241 2687; x_wconf 82' lang='lat' dir='ltr'><strong>meretur</strong></span> <span class='ocrx_word' id='word_1_478' title='bbox 259 2645 306 2685; x_wconf 89' lang='lat' dir='ltr'><strong>ab</strong></span> <span class='ocrx_word' id='word_1_479' title='bbox 332 2645 525 2695; x_wconf 63' lang='lat' dir='ltr'><strong>hostibus,</strong></span> <span class='ocrx_word' id='word_1_480' title='bbox 554 2645 609 2686; x_wconf 86' lang='lat' dir='ltr'><strong>fin</strong></span> <span class='ocrx_word' id='word_1_481' title='bbox 632 2647 670 2686; x_wconf 92' lang='lat' dir='ltr'><strong>in</strong></span> <span class='ocrx_word' id='word_1_482' title='bbox 693 2643 737 2686; x_wconf 67' lang='lat' dir='ltr'><strong>ea</strong></span> <span class='ocrx_word' id='word_1_483' title='bbox 761 2644 936 2686; x_wconf 84' lang='lat' dir='ltr'><strong>constans</strong></span> <span class='ocrx_word' id='word_1_484' title='bbox 966 2646 1169 2698; x_wconf 87' lang='lat' dir='ltr'><strong>perstiterit</strong></span> <span class='ocrx_word' id='word_1_485' title='bbox 1185 2647 1318 2688; x_wconf 74' lang='lat' dir='ltr'><strong>contra</strong></span> <span class='ocrx_word' id='word_1_486' title='bbox 1342 2678 1355 2696; x_wconf 80' lang='lat'>‚</span> <span class='ocrx_word' id='word_1_487' title='bbox 1386 2648 1494 2699; x_wconf 78' lang='lat' dir='ltr'><strong>supra</strong></span> <span class='ocrx_word' id='word_1_488' title='bbox 1518 2659 1653 2686; x_wconf 81' lang='lat' dir='ltr'><strong>omnes</strong></span> <span class='ocrx_word' id='word_1_489' title='bbox 1682 2646 1874 2685; x_wconf 83' lang='lat' dir='ltr'><strong>Nationes</strong></span> 
     </span>
     <span class='ocr_line' id='line_1_44' title="bbox 71 2703 1872 2763; baseline -0.001 -18"><span class='ocrx_word' id='word_1_490' title='bbox 71 2706 162 2746; x_wconf 84' lang='lat' dir='ltr'><strong>alias</strong></span> <span class='ocrx_word' id='word_1_491' title='bbox 192 2703 373 2746; x_wconf 64' lang='lat' dir='ltr'><strong>eveuum</strong></span> <span class='ocrx_word' id='word_1_492' title='bbox 395 2707 455 2746; x_wconf 88' lang='lat' dir='ltr'><strong>iri:</strong></span> <span class='ocrx_word' id='word_1_493' title='bbox 485 2705 524 2747; x_wconf 93' lang='lat' dir='ltr'><strong>id</strong></span> <span class='ocrx_word' id='word_1_494' title='bbox 552 2705 658 2758; x_wconf 90' lang='lat' dir='ltr'><strong>quod</strong></span> <span class='ocrx_word' id='word_1_495' title='bbox 682 2707 800 2760; x_wconf 87' lang='lat' dir='ltr'><strong>reipsa</strong></span> <span class='ocrx_word' id='word_1_496' title='bbox 824 2706 956 2745; x_wconf 87' lang='lat' dir='ltr'><strong>evenit</strong></span> <span class='ocrx_word' id='word_1_497' title='bbox 981 2708 1021 2746; x_wconf 91' lang='lat' dir='ltr'><strong>in</strong></span> <span class='ocrx_word' id='word_1_498' title='bbox 1049 2709 1237 2748; x_wconf 84' lang='lat' dir='ltr'><strong>durissimo</strong></span> <span class='ocrx_word' id='word_1_499' title='bbox 1270 2709 1516 2747; x_wconf 78' lang='lat' dir='ltr'><strong>Arrianorum</strong></span> <span class='ocrx_word' id='word_1_500' title='bbox 1543 2706 1658 2760; x_wconf 76' lang='lat' dir='ltr'><strong>jugO,</strong></span> <span class='ocrx_word' id='word_1_501' title='bbox 1692 2705 1760 2763; x_wconf 79' lang='lat' dir='ltr'><strong>(c)</strong></span> <span class='ocrx_word' id='word_1_502' title='bbox 1790 2718 1872 2756; x_wconf 84' lang='lat' dir='ltr'><strong>quo</strong></span> 
     </span>
     <span class='ocr_line' id='line_1_45' title="bbox 72 2763 1876 2819; baseline -0.001 -13"><span class='ocrx_word' id='word_1_503' title='bbox 72 2766 240 2818; x_wconf 86' lang='lat' dir='ltr'><strong>opprimi</strong></span> <span class='ocrx_word' id='word_1_504' title='bbox 260 2767 376 2818; x_wconf 89' lang='lat' dir='ltr'><strong>coepit</strong></span> <span class='ocrx_word' id='word_1_505' title='bbox 398 2765 597 2819; x_wconf 89' lang='lat' dir='ltr'><strong>Hispania,</strong></span> <span class='ocrx_word' id='word_1_506' title='bbox 627 2777 676 2805; x_wconf 84' lang='lat' dir='ltr'><strong>ex</strong></span> <span class='ocrx_word' id='word_1_507' title='bbox 691 2779 769 2818; x_wconf 92' lang='lat' dir='ltr'><strong>quo</strong></span> <span class='ocrx_word' id='word_1_508' title='bbox 788 2767 876 2806; x_wconf 80' lang='lat' dir='ltr'><strong>Rex</strong></span> <span class='ocrx_word' id='word_1_509' title='bbox 893 2763 950 2803; x_wconf 82' lang='lat' dir='ltr'>W</span> <span class='ocrx_word' id='word_1_510' title='bbox 954 2766 1040 2807; x_wconf 86' lang='lat' dir='ltr'><strong>itiza</strong></span> <span class='ocrx_word' id='word_1_511' title='bbox 1060 2768 1221 2808; x_wconf 89' lang='lat' dir='ltr'><strong>Summo</strong></span> <span class='ocrx_word' id='word_1_512' title='bbox 1238 2766 1416 2807; x_wconf 80' lang='lat' dir='ltr'><strong>Pontifici</strong></span> <span class='ocrx_word' id='word_1_513' title='bbox 1445 2765 1702 2805; x_wconf 80' lang='lat' dir='ltr'><strong>obedientiam</strong></span> <span class='ocrx_word' id='word_1_514' title='bbox 1727 2764 1876 2817; x_wconf 79' lang='lat' dir='ltr'><strong>praesta-</strong></span> 
     </span>
     <span class='ocr_line' id='line_1_46' title="bbox 71 2825 1877 2878; baseline -0.002 -11"><span class='ocrx_word' id='word_1_515' title='bbox 71 2837 115 2867; x_wconf 82' lang='lat' dir='ltr'><strong>re</strong></span> <span class='ocrx_word' id='word_1_516' title='bbox 134 2826 340 2874; x_wconf 88' lang='lat' dir='ltr'><strong>recusavit,</strong></span> <span class='ocrx_word' id='word_1_517' title='bbox 373 2837 421 2865; x_wconf 87' lang='lat' dir='ltr'><strong>ex</strong></span> <span class='ocrx_word' id='word_1_518' title='bbox 437 2838 486 2866; x_wconf 92' lang='lat' dir='ltr'><strong>eo</strong></span> <span class='ocrx_word' id='word_1_519' title='bbox 509 2827 611 2866; x_wconf 91' lang='lat' dir='ltr'><strong>enim</strong></span> <span class='ocrx_word' id='word_1_520' title='bbox 630 2834 804 2878; x_wconf 89' lang='lat' dir='ltr'><strong>tempore</strong></span> <span class='ocrx_word' id='word_1_521' title='bbox 827 2826 980 2865; x_wconf 85' lang='lat' dir='ltr'><strong>libertas</strong></span> <span class='ocrx_word' id='word_1_522' title='bbox 1004 2825 1150 2877; x_wconf 71' lang='lat' dir='ltr'><strong>cultus,</strong></span> <span class='ocrx_word' id='word_1_523' title='bbox 1183 2828 1219 2867; x_wconf 87' lang='lat'>&amp;</span> <span class='ocrx_word' id='word_1_524' title='bbox 1238 2829 1418 2867; x_wconf 88' lang='lat' dir='ltr'><strong>vitiorum</strong></span> <span class='ocrx_word' id='word_1_525' title='bbox 1439 2828 1589 2865; x_wconf 88' lang='lat' dir='ltr'><strong>licentia</strong></span> <span class='ocrx_word' id='word_1_526' title='bbox 1612 2828 1779 2878; x_wconf 88' lang='lat' dir='ltr'><strong>quietem</strong></span> <span class='ocrx_word' id='word_1_527' title='bbox 1806 2838 1877 2878; x_wconf 87' lang='lat' dir='ltr'><strong>pu-</strong></span> 
     </span>
     <span class='ocr_line' id='line_1_47' title="bbox 72 2883 1874 2939; baseline -0.001 -13"><span class='ocrx_word' id='word_1_528' title='bbox 72 2885 212 2926; x_wconf 84' lang='lat' dir='ltr'><strong>blicam</strong></span> <span class='ocrx_word' id='word_1_529' title='bbox 229 2883 516 2937; x_wconf 71' lang='lat' dir='ltr'><strong>perturbarunt,</strong></span> <span class='ocrx_word' id='word_1_530' title='bbox 547 2885 584 2924; x_wconf 85' lang='lat'>&amp;</span> <span class='ocrx_word' id='word_1_531' title='bbox 607 2887 717 2937; x_wconf 87' lang='lat' dir='ltr'><strong>periit</strong></span> <span class='ocrx_word' id='word_1_532' title='bbox 732 2888 891 2927; x_wconf 87' lang='lat' dir='ltr'><strong>militare</strong></span> <span class='ocrx_word' id='word_1_533' title='bbox 912 2886 1052 2933; x_wconf 73' lang='lat' dir='ltr'><strong>robur-3</strong></span> <span class='ocrx_word' id='word_1_534' title='bbox 1083 2900 1166 2939; x_wconf 84' lang='lat' dir='ltr'><strong>quae</strong></span> <span class='ocrx_word' id='word_1_535' title='bbox 1184 2900 1242 2926; x_wconf 90' lang='lat' dir='ltr'><strong>res</strong></span> <span class='ocrx_word' id='word_1_536' title='bbox 1260 2889 1310 2926; x_wconf 88' lang='lat' dir='ltr'><strong>illi</strong></span> <span class='ocrx_word' id='word_1_537' title='bbox 1336 2887 1404 2937; x_wconf 81' lang='lat' dir='ltr'><strong>ipsi</strong></span> <span class='ocrx_word' id='word_1_538' title='bbox 1427 2887 1548 2938; x_wconf 83' lang='lat' dir='ltr'><strong>Regi,</strong></span> <span class='ocrx_word' id='word_1_539' title='bbox 1581 2886 1738 2937; x_wconf 82' lang='lat' dir='ltr'><strong>ejusque</strong></span> <span class='ocrx_word' id='word_1_540' title='bbox 1759 2884 1845 2925; x_wconf 82' lang='lat' dir='ltr'><strong>filiis</strong></span> <span class='ocrx_word' id='word_1_541' title='bbox 1862 2916 1874 2933; x_wconf 94' lang='lat'><strong>,</strong></span> 
     </span>
     <span class='ocr_line' id='line_1_48' title="bbox 74 2943 1872 3002; baseline -0.001 -18"><span class='ocrx_word' id='word_1_542' title='bbox 74 2956 119 2984; x_wconf 88' lang='lat' dir='ltr'><strong>ac</strong></span> <span class='ocrx_word' id='word_1_543' title='bbox 137 2946 276 2997; x_wconf 86' lang='lat' dir='ltr'><strong>Regno</strong></span> <span class='ocrx_word' id='word_1_544' title='bbox 293 2958 426 2999; x_wconf 83' lang='lat' dir='ltr'><strong>graves</strong></span> <span class='ocrx_word' id='word_1_545' title='bbox 445 2946 674 2986; x_wconf 83' lang='lat' dir='ltr'><strong>calamitates</strong></span> <span class='ocrx_word' id='word_1_546' title='bbox 697 2948 819 2986; x_wconf 88' lang='lat' dir='ltr'><strong>attulit</strong></span> <span class='ocrx_word' id='word_1_547' title='bbox 827 2956 842 2997; x_wconf 78' lang='lat'>3</span> <span class='ocrx_word' id='word_1_548' title='bbox 872 2945 998 2985; x_wconf 89' lang='lat' dir='ltr'><strong>donec</strong></span> <span class='ocrx_word' id='word_1_549' title='bbox 1020 2947 1164 2987; x_wconf 83' lang='lat' dir='ltr'><strong>domita</strong></span> <span class='ocrx_word' id='word_1_550' title='bbox 1188 2947 1340 2988; x_wconf 87' lang='lat' dir='ltr'><strong>tandem</strong></span> <span class='ocrx_word' id='word_1_551' title='bbox 1370 2947 1407 2985; x_wconf 64' lang='grc' dir='ltr'>ἅ</span> <span class='ocrx_word' id='word_1_552' title='bbox 1426 2945 1600 2999; x_wconf 84' lang='lat' dir='ltr'><strong>castigata</strong></span> <span class='ocrx_word' id='word_1_553' title='bbox 1633 2943 1702 3002; x_wconf 74' lang='lat' dir='ltr'><strong>(A)</strong></span> <span class='ocrx_word' id='word_1_554' title='bbox 1737 2944 1872 2996; x_wconf 82' lang='lat' dir='ltr'><strong>Hispa-</strong></span> 
     </span>
     <span class='ocr_line' id='line_1_49' title="bbox 75 3004 1870 3058; baseline -0.002 -13"><span class='ocrx_word' id='word_1_555' title='bbox 75 3007 138 3045; x_wconf 86' lang='lat' dir='ltr'><strong>nia</strong></span> <span class='ocrx_word' id='word_1_556' title='bbox 164 3017 311 3046; x_wconf 89' lang='lat' dir='ltr'><strong>errores</strong></span> <span class='ocrx_word' id='word_1_557' title='bbox 344 3007 430 3045; x_wconf 89' lang='lat' dir='ltr'><strong>suos</strong></span> <span class='ocrx_word' id='word_1_558' title='bbox 458 3005 700 3057; x_wconf 81' lang='lat' dir='ltr'><strong>agnosceret,</strong></span> <span class='ocrx_word' id='word_1_559' title='bbox 730 3005 768 3045; x_wconf 91' lang='lat'>&amp;</span> <span class='ocrx_word' id='word_1_560' title='bbox 797 3005 958 3046; x_wconf 90' lang='lat' dir='ltr'><strong>Numen</strong></span> <span class='ocrx_word' id='word_1_561' title='bbox 989 3007 1138 3047; x_wconf 86' lang='lat' dir='ltr'><strong>coeleste</strong></span> <span class='ocrx_word' id='word_1_562' title='bbox 1169 3009 1404 3058; x_wconf 76' lang='lat' dir='ltr'><strong>experiretur</strong></span> <span class='ocrx_word' id='word_1_563' title='bbox 1435 3008 1573 3045; x_wconf 88' lang='lat' dir='ltr'><strong>iterum</strong></span> <span class='ocrx_word' id='word_1_564' title='bbox 1601 3007 1807 3057; x_wconf 82' lang='lat' dir='ltr'><strong>propitium</strong></span> <span class='ocrx_word' id='word_1_565' title='bbox 1834 3004 1870 3042; x_wconf 87' lang='lat' dir='ltr'><strong>in</strong></span> 
     </span>
     <span class='ocr_line' id='line_1_50' title="bbox 74 3065 1872 3117; baseline -0.002 -13"><span class='ocrx_word' id='word_1_566' title='bbox 74 3065 211 3117; x_wconf 86' lang='lat' dir='ltr'><strong>exigua</strong></span> <span class='ocrx_word' id='word_1_567' title='bbox 239 3067 299 3105; x_wconf 92' lang='lat' dir='ltr'><strong>illa</strong></span> <span class='ocrx_word' id='word_1_568' title='bbox 332 3065 630 3106; x_wconf 85' lang='lat' dir='ltr'><strong>Christianorum</strong></span> <span class='ocrx_word' id='word_1_569' title='bbox 652 3078 786 3114; x_wconf 87' lang='lat' dir='ltr'><strong>manu,</strong></span> <span class='ocrx_word' id='word_1_570' title='bbox 816 3078 904 3105; x_wconf 88' lang='lat' dir='ltr'><strong>curn</strong></span> <span class='ocrx_word' id='word_1_571' title='bbox 933 3079 1007 3117; x_wconf 85' lang='lat' dir='ltr'><strong>qua</strong></span> <span class='ocrx_word' id='word_1_572' title='bbox 1036 3070 1073 3108; x_wconf 88' lang='lat' dir='ltr'><strong>in</strong></span> <span class='ocrx_word' id='word_1_573' title='bbox 1103 3066 1264 3108; x_wconf 87' lang='lat' dir='ltr'><strong>Ausenae</strong></span> <span class='ocrx_word' id='word_1_574' title='bbox 1286 3068 1428 3106; x_wconf 89' lang='lat' dir='ltr'><strong>montis</strong></span> <span class='ocrx_word' id='word_1_575' title='bbox 1450 3066 1686 3117; x_wconf 80' lang='lat' dir='ltr'><strong>speluncam,</strong></span> <span class='ocrx_word' id='word_1_576' title='bbox 1715 3065 1775 3101; x_wconf 85' lang='lat' dir='ltr'><strong>cui</strong></span> <span class='ocrx_word' id='word_1_577' title='bbox 1802 3074 1872 3102; x_wconf 86' lang='lat' dir='ltr'><strong>no-</strong></span> 
     </span>
     <span class='ocr_line' id='line_1_51' title="bbox 75 3121 1872 3179; baseline -0.003 -14"><span class='ocrx_word' id='word_1_578' title='bbox 75 3135 166 3165; x_wconf 85' lang='lat' dir='ltr'><strong>men</strong></span> <span class='ocrx_word' id='word_1_579' title='bbox 182 3124 230 3164; x_wconf 90' lang='lat' dir='ltr'><strong>de</strong></span> <span class='ocrx_word' id='word_1_580' title='bbox 245 3125 498 3179; x_wconf 84' lang='lat' dir='ltr'><strong>Covalonga,</strong></span> <span class='ocrx_word' id='word_1_581' title='bbox 526 3125 698 3178; x_wconf 86' lang='lat' dir='ltr'><strong>Pelagius</strong></span> <span class='ocrx_word' id='word_1_582' title='bbox 720 3124 794 3165; x_wconf 88' lang='lat' dir='ltr'><strong>sese</strong></span> <span class='ocrx_word' id='word_1_583' title='bbox 816 3137 1033 3177; x_wconf 79' lang='lat' dir='ltr'><strong>receperat,</strong></span> <span class='ocrx_word' id='word_1_584' title='bbox 1064 3128 1130 3168; x_wconf 88' lang='lat' dir='ltr'><strong>ubi</strong></span> <span class='ocrx_word' id='word_1_585' title='bbox 1155 3127 1293 3179; x_wconf 82' lang='lat' dir='ltr'><strong>sagittae</strong></span> <span class='ocrx_word' id='word_1_586' title='bbox 1319 3127 1356 3166; x_wconf 86' lang='lat'>&amp;</span> <span class='ocrx_word' id='word_1_587' title='bbox 1382 3126 1527 3178; x_wconf 85' lang='lat' dir='ltr'><strong>lapides</strong></span> <span class='ocrx_word' id='word_1_588' title='bbox 1559 3126 1648 3164; x_wconf 73' lang='lat' dir='ltr'><strong>miili</strong></span> <span class='ocrx_word' id='word_1_589' title='bbox 1672 3123 1691 3161; x_wconf 71' lang='lat' dir='ltr'><strong>a</strong></span> <span class='ocrx_word' id='word_1_590' title='bbox 1725 3121 1872 3161; x_wconf 81' lang='lat' dir='ltr'><strong>Mauris</strong></span> 
     </span>
     <span class='ocr_line' id='line_1_52' title="bbox 886 3183 1871 3226; baseline -0.004 -1"><span class='ocrx_word' id='word_1_591' title='bbox 886 3185 917 3225; x_wconf 90' lang='lat' dir='ltr'>B</span> <span class='ocrx_word' id='word_1_592' title='bbox 937 3187 962 3225; x_wconf 89' lang='lat' dir='ltr'><strong>b</strong></span> <span class='ocrx_word' id='word_1_593' title='bbox 997 3200 1019 3226; x_wconf 80' lang='lat'><em>2</em></span> <span class='ocrx_word' id='word_1_594' title='bbox 1817 3183 1871 3222; x_wconf 83' lang='lat' dir='ltr'><strong>in-</strong></span> 
     </span>
    </p>
   </div>
   <div class='ocr_carea' id='block_1_4' title="bbox 78 3245 1874 3369">
    <p class='ocr_par' dir='ltr' id='par_1_4' title="bbox 78 3245 1874 3369">
     <span class='ocr_line' id='line_1_53' title="bbox 81 3245 1874 3316; baseline -0.002 -13"><span class='ocrx_word' id='word_1_595' title='bbox 81 3245 583 3316; x_wconf 58' lang='lat' dir='ltr'><strong>m</strong></span> <span class='ocrx_word' id='word_1_596' title='bbox 602 3264 663 3302; x_wconf 83' lang='lat' dir='ltr'><strong>lib.</strong></span> <span class='ocrx_word' id='word_1_597' title='bbox 685 3270 717 3302; x_wconf 81' lang='lat'><strong>6.</strong></span> <span class='ocrx_word' id='word_1_598' title='bbox 737 3278 768 3302; x_wconf 89' lang='lat' dir='ltr'><strong>c.</strong></span> <span class='ocrx_word' id='word_1_599' title='bbox 787 3270 821 3302; x_wconf 82' lang='lat'><strong>6.</strong></span> <span class='ocrx_word' id='word_1_600' title='bbox 873 3268 933 3313; x_wconf 81' lang='lat' dir='ltr'><strong>(b)</strong></span> <span class='ocrx_word' id='word_1_601' title='bbox 962 3267 1077 3305; x_wconf 84' lang='lat' dir='ltr'><strong>Cone.</strong></span> <span class='ocrx_word' id='word_1_602' title='bbox 1100 3268 1221 3304; x_wconf 87' lang='lat' dir='ltr'><strong>Tolet.</strong></span> <span class='ocrx_word' id='word_1_603' title='bbox 1240 3279 1327 3314; x_wconf 60' lang='lat' dir='ltr'><strong>c.&gt;=3.</strong></span> <span class='ocrx_word' id='word_1_604' title='bbox 1387 3270 1446 3315; x_wconf 72' lang='lat' dir='ltr'><strong>(e)</strong></span> <span class='ocrx_word' id='word_1_605' title='bbox 1473 3268 1560 3301; x_wconf 76' lang='lat' dir='ltr'><strong>Mar.</strong></span> <span class='ocrx_word' id='word_1_606' title='bbox 1584 3263 1671 3300; x_wconf 79' lang='lat' dir='ltr'><strong>Hist.</strong></span> <span class='ocrx_word' id='word_1_607' title='bbox 1692 3247 1874 3312; x_wconf 47' lang='lat' dir='ltr'><strong>Hispfl&#39;iffi</strong></span> 
     </span>
     <span class='ocr_line' id='line_1_54' title="bbox 78 3317 1004 3369; baseline -0.001 -11"><span class='ocrx_word' id='word_1_608' title='bbox 78 3323 118 3358; x_wconf 76' lang='lat'><strong>6.</strong></span> <span class='ocrx_word' id='word_1_609' title='bbox 138 3329 214 3369; x_wconf 82' lang='lat' dir='ltr'><strong>cap.</strong></span> <span class='ocrx_word' id='word_1_610' title='bbox 244 3328 300 3362; x_wconf 78' lang='lat'><strong>19·</strong></span> <span class='ocrx_word' id='word_1_611' title='bbox 356 3319 417 3368; x_wconf 83' lang='lat' dir='ltr'><strong>(d)</strong></span> <span class='ocrx_word' id='word_1_612' title='bbox 442 3319 534 3359; x_wconf 88' lang='lat' dir='ltr'><strong>Id.m</strong></span> <span class='ocrx_word' id='word_1_613' title='bbox 550 3317 643 3360; x_wconf 63' lang='lat' dir='ltr'><strong>Hist,</strong></span> <span class='ocrx_word' id='word_1_614' title='bbox 665 3317 764 3369; x_wconf 82' lang='lat' dir='ltr'><strong>Hisp.</strong></span> <span class='ocrx_word' id='word_1_615' title='bbox 782 3317 843 3355; x_wconf 87' lang='lat' dir='ltr'><strong>lib.</strong></span> <span class='ocrx_word' id='word_1_616' title='bbox 866 3329 900 3365; x_wconf 86' lang='lat'><strong>7.</strong></span> <span class='ocrx_word' id='word_1_617' title='bbox 918 3331 950 3356; x_wconf 89' lang='lat' dir='ltr'><strong>c.</strong></span> <span class='ocrx_word' id='word_1_618' title='bbox 971 3334 1004 3360; x_wconf 84' lang='lat'><strong>2.</strong></span> 
     </span>
    </p>
   </div>
   <div class='ocr_carea' id='block_1_5' title="bbox 1626 297 1882 306">
    <p class='ocr_par' dir='ltr' id='par_1_5' title="bbox 1626 297 1882 306">
     <span class='ocr_line' id='line_1_55' title="bbox 1626 297 1882 306; baseline 0 3424"><span class='ocrx_word' id='word_1_619' title='bbox 1626 297 1882 306; x_wconf 95' lang='lat' dir='ltr'><strong> </strong></span> 
     </span>
    </p>
   </div>
   <div class='ocr_carea' id='block_1_6' title="bbox 1186 300 1368 308">
    <p class='ocr_par' dir='ltr' id='par_1_6' title="bbox 1186 300 1368 308">
     <span class='ocr_line' id='line_1_56' title="bbox 1186 300 1368 308; baseline 0 3422"><span class='ocrx_word' id='word_1_620' title='bbox 1186 300 1368 308; x_wconf 95' lang='lat' dir='ltr'><strong> </strong></span> 
     </span>
    </p>
   </div>
   <div class='ocr_carea' id='block_1_7' title="bbox 1440 300 1621 308">
    <p class='ocr_par' dir='ltr' id='par_1_7' title="bbox 1440 300 1621 308">
     <span class='ocr_line' id='line_1_57' title="bbox 1440 300 1621 308; baseline 0 3422"><span class='ocrx_word' id='word_1_621' title='bbox 1440 300 1621 308; x_wconf 95' lang='lat' dir='ltr'><strong> </strong></span> 
     </span>
    </p>
   </div>
   <div class='ocr_carea' id='block_1_8' title="bbox 589 3248 843 3256">
    <p class='ocr_par' dir='ltr' id='par_1_8' title="bbox 589 3248 843 3256">
     <span class='ocr_line' id='line_1_58' title="bbox 589 3248 843 3256; baseline 0 474"><span class='ocrx_word' id='word_1_622' title='bbox 589 3248 843 3256; x_wconf 95' lang='lat' dir='ltr'><strong> </strong></span> 
     </span>
    </p>
   </div>
   <div class='ocr_carea' id='block_1_9' title="bbox 1364 3248 1612 3256">
    <p class='ocr_par' dir='ltr' id='par_1_9' title="bbox 1364 3248 1612 3256">
     <span class='ocr_line' id='line_1_59' title="bbox 1364 3248 1612 3256; baseline 0 474"><span class='ocrx_word' id='word_1_623' title='bbox 1364 3248 1612 3256; x_wconf 95' lang='lat' dir='ltr'><strong> </strong></span> 
     </span>
    </p>
   </div>
   <div class='ocr_carea' id='block_1_10' title="bbox 1616 3246 1777 3254">
    <p class='ocr_par' dir='ltr' id='par_1_10' title="bbox 1616 3246 1777 3254">
     <span class='ocr_line' id='line_1_60' title="bbox 1616 3246 1777 3254; baseline 0 476"><span class='ocrx_word' id='word_1_624' title='bbox 1616 3246 1777 3254; x_wconf 95' lang='lat' dir='ltr'><strong> </strong></span> 
     </span>
    </p>
   </div>
   <div class='ocr_carea' id='block_1_11' title="bbox 844 3250 1101 3257">
    <p class='ocr_par' dir='ltr' id='par_1_11' title="bbox 844 3250 1101 3257">
     <span class='ocr_line' id='line_1_61' title="bbox 844 3250 1101 3257; baseline 0 473"><span class='ocrx_word' id='word_1_625' title='bbox 844 3250 1101 3257; x_wconf 95' lang='lat' dir='ltr'><strong> </strong></span> 
     </span>
    </p>
   </div>
   <div class='ocr_carea' id='block_1_12' title="bbox 1105 3250 1360 3256">
    <p class='ocr_par' dir='ltr' id='par_1_12' title="bbox 1105 3250 1360 3256">
     <span class='ocr_line' id='line_1_62' title="bbox 1105 3250 1360 3256; baseline 0 0"><span class='ocrx_word' id='word_1_626' title='bbox 1105 3250 1360 3256; x_wconf 95' lang='lat' dir='ltr'><strong> </strong></span> 
     </span>
    </p>
   </div>
  </div>
 </body>
</html>
