2132 3730
482 292 1438 335 SYMBOLAPOLJTJCA.
1776 302 1857 344 413

83 374 126 417 In
154 376 261 427 hujus
284 378 499 427 amplexum
525 377 597 415 ruit
626 375 698 430 (a)
724 375 871 427 justitia.
930 375 1142 425 Metuunt,
1171 377 1384 417 recondunt
1409 377 1503 422 lese,
1534 377 1570 416 &
1609 375 1715 415 silent
1741 376 1862 426 leges,

84 436 150 474 ubi
166 447 264 475 arma
288 437 533 487 conspiciunt.
593 434 653 475 Eo
678 436 833 475 nomine
855 436 1007 475 excusat
1032 437 1069 475 se
1101 434 1273 485 Marius,
1302 436 1406 488 quod
1444 435 1600 475 durante
1629 434 1733 474 bello
1763 446 1862 484 quae·

83 494 170 534 dam
191 495 229 533 in
247 494 377 535 Patriae
398 495 520 546 Leges
543 493 799 543 commisisset,
830 494 1002 535 dictitans
1027 495 1079 535 ob
1100 507 1289 536 armorum
1306 496 1500 547 strepitum
1519 507 1580 534 eas
1598 494 1634 534 se
1653 492 1780 533 audire
1794 505 1859 532 ne-

83 551 253 604 quiviffe.
312 554 356 594 In
375 554 476 593 bello
490 583 502 601 ,
532 553 606 606 (h)
635 555 729 607 <eque
748 554 844 606 apud
853 555 951 594 bonos
966 551 1115 605 miftrum
1128 552 1176 606 est
1197 554 1360 605 occidere,
1389 556 1491 609 qnc‘zm
1501 557 1631 606 perire.
1691 553 1733 592 In
1755 554 1860 593 bello

80 623 257 664 parentes
281 614 366 654 suos
389 613 572 664 sepeliunt
595 612 713 662 filios,
743 615 897 654 turbato
915 615 1150 654 mortalitatis
1170 614 1322 662 ordine;
1351 615 1454 667 pacis
1477 615 1574 654 vero
1597 623 1792 664 tempore,
1820 610 1863 651 fi-

80 673 310 723 lii'parentes
331 673 479 712 tumulo
495 671 674 717 inferunt.
733 672 799 727 (c)
829 673 873 713 In
880 682 967 726 pace
985 670 1113 723 causae,
1142 671 1194 717 &³
1206 677 1328 714 merita
1343 671 1565 726 specJantur:
1593 673 1650 713 ubl
1677 673 1791 713 lleL'um
1811 673 1862 711 in-

75 734 193 783 gruit,
222 735 403 771 innocentes
423 744 463 771 ac
482 734 572 772 noxii
588 734 696 786 juxta
717 731 855 772 cadum.
909 732 951 773 In
971 745 1068 785 pace
1083 732 1309 773 Nobilitasa
1331 735 1446 785 plebe
1467 732 1702 780 discernitur,
1733 733 1769 769 in
1784 731 1864 770 bel-

0 834 1 838 ,
79 792 119 830 lo
140 789 425 831 confunduntur
440 793 537 831 inter
551 791 612 840 se,
642 793 707 831 ubi
725 793 951 832 imbecillior
974 794 1182 845 potentiori
1200 805 1332 844 parere
1352 794 1512 846 cogitur.
1573 791 1615 831 In
1633 790 1694 830 illa
1714 790 1865 830 conset-

0 881 2 908 3
80 858 220 899 vatur,
250 852 288 890 in
309 851 384 890 hoc
401 853 527 890 interit
562 851 724 903 Religio.
783 851 847 891 Illa
869 861 1024 902 tuetur,
1054 853 1132 892 hoc
1156 852 1307 904 usurpat
1339 851 1517 892 dominia.
1582 854 1660 892 Pax
1695 849 1866 890 subdito·

0 915 2 961 ζ
76 920 160 948 rum
182 911 325 949 animos
342 912 507 963 mitigat,
537 910 575 950 &
606 908 677 966 (d)
706 910 756 950 ad
767 924 858 952 omne
869 908 1011 964 frangit
1018 908 1220 962 servitem,
1249 924 1293 951 ac
1308 911 1440 951 fideles
1457 911 1594 955 efficit;
1623 909 1765 949 bellum
1780 920 1864 949 eos·

77 967 168 1007 dem
191 969 373 1021 superbos
391 970 515 1010 reddit
536 970 574 1009 &
593 971 869 1012 inobedientes.
927 971 1056 1025 Quam
1074 971 1126 1011 ob
1155 983 1235 1011 rem
1260 969 1324 1026 (e)
1353 970 1436 1012 nihil
1454 972 1547 1023 aequ&
1579 969 1866 1010 Tiberiumanxi—

0 1023 3 1043 ³
76 1040 133 1067 um
148 1027 314 1078 habehat,
343 1032 445 1084 qutim
464 1043 504 1069 ne
526 1029 695 1081 cempofita
711 1031 758 1069 ab
780 1028 953 1083 Augusto
972 1031 1202 1071 turbarentur
1229 1033 1266 1070 in
1288 1031 1467 1082 Imperio.
1526 1029 1625 1068 Cum
1651 1040 1748 1080 pace
1774 1026 1866 1066 deii-

78 1088 147 1126 ciae
168 1089 338 1129 crescunt
356 1089 393 1128 δε
407 1091 650 1141 voluptates,
681 1089 720 1129 δι
741 1099 886 1142 quanto
906 1101 960 1129 eae
976 1090 1138 1142 maJ'ores
1156 1090 1260 1139 sunt,
1290 1100 1397 1130 tanto
1418 1090 1535 1141 magis
1552 1088 1721 1128 imbelles
1741 1087 1778 1127 &
1796 1087 1866 1126 mi-

1 1139 4 1176 ἒ
76 1145 148 1186 niis
163 1147 311 1188 solliciti
330 1148 413 1189 sunt
445 1147 526 1204 (f)
556 1149 705 1189 subditi.
762 1149 806 1189 In
823 1161 921 1202 pace
951 1151 1079 1190 omnia
1106 1149 1128 1189 a
1152 1150 1327 1202 Principe
1352 1149 1591 1202 dependent,
1619 1150 1657 1187 in
1683 1147 1787 1186 bello
1818 1146 1866 1185 ab

2 1214 5 1250 ζ
76 1218 147 1254 eo,
176 1209 241 1259 qui
258 1220 446 1249 armorum
464 1218 569 1249 tenet
583 1210 805 1260 imperium,
826 1207 1004 1261 adeoque
1018 1209 1194 1250 Tiberius
1210 1221 1342 1264 ompes
1361 1211 1449 1249 belli
1467 1208 1686 1248 occasiones
1706 1206 1869 1246 diffiniu-

2 1266 3 1278 ³
75 1267 198 1315 labat,
229 1270 356 1308 necui
386 1269 492 1308 alteri
520 1266 589 1323 (g)
620 1268 713 1308 illud
727 1270 998 1310 committeret.
1059 1267 1189 1311 Probe
1210 1267 1408 1322 perspecta
1430 1269 1595 1309 habebat
1619 1264 1869 1307 incommoda

76 1325 137 1364 illa
160 1326 196 1364 &
216 1326 352 1367 damna
375 1327 612 1380 Pomponius
630 1326 780 1377 Laetus,
810 1329 899 1368 cum
916 1328 1081 1377 diceret,
1113 1329 1204 1369 dum
1224 1341 1322 1381 pace
1340 1327 1414 1368 frui
1438 1330 1571 1368 liceret
1586 1326 1770 1377 Principi,
1800 1336 1869 1364 ne-

75 1396 264 1435 quaquam
289 1387 430 1427 bellum
454 1386 757 1438 suscipildebere,
813 1385 856 1428 F.
874 1387 1092 1428 Marcianus
1111 1387 1178 1427 illo
1193 1389 1371 1428 utebatur
1394 1388 1593 1437 symbolo:
1623 1386 1708 1426 Pax
1724 1385 1869 1435 bellopo-

74 1445 160 1491 tior‚·
189 1443 227 1483 &
256 1447 394 1484 merito
411 1445 502 1483 illud
524 1444 694 1496 quidem:
723 1445 867 1484 bellum
884 1448 986 1484 enim
1010 1459 1090 1484 non
1110 1446 1179 1486 nisi
1200 1449 1304 1496 pacis
1320 1447 1472 1486 tuendae
1502 1447 1610 1485 causa
1625 1447 1766 1484 utiliter
1789 1442 1871 1494 geri

73 1501 214 1553 potest.
274 1503 407 1543 Solum
424 1502 520 1541 istud
546 1504 692 1542 bonum
713 1502 740 1554 ζ
754 1505 809 1541 uti
830 1502 1024 1555 diximus)
1055 1502 1263 1544 monstrum
1287 1503 1380 1543 illud
1396 1504 1579 1543 infernale
1595 1504 1721 1543 secum
1745 1502 1870 1539 trahit„

72 1559 288 1611 Tyrannica
310 1561 383 1602 fuit
402 1572 483 1600 vox
499 1561 559 1601 illa
587 1561 730 1601 Aurelii
753 1559 953 1605 Caracallae
971 1561 1226 1611 Imperatoris.
1285 1560 1360 1613 (h)
1391 1557 1564 1601 Omnis'in
1578 1560 1686 1610 ferro
1700 1558 1817 1610 fidus,
1833 1559 1872 1598 dt.

5 1645 7 1652 ψ
77 1619 287 1671 Principis,
318 1621 382 1673 qui
403 1620 478 1660 sola
495 1623 535 1660 vi
561 1614 658 1660 tueri
678 1619 714 1658 se
728 1617 866 1671 potest.
925 1618 993 1672 (i)
1027 1616 1178 1660 Violenta
1193 1632 1283 1659 nemo
1312 1621 1452 1671 inperia
1476 1622 1639 1659 continuit
1653 1618 1736 1664 dm,
1765 1616 1871 1657 iti-ode-

6 1688 8 1735 [
74 1688 160 1720 rata
175 1679 316 1720 durant.
373 1679 481 1720 Dum
503 1679 646 1733 gladius
666 1678 878 1718 succinctus
897 1679 1015 1718 haeret
1032 1680 1162 1727 lateri,
1190 1690 1384 1730 nunquam
1405 1679 1618 1730 periculum
1640 1676 1757 1727 abest.
1818 1676 1870 1715 Et

6 1737 9 1767 ἶ
75 1739 223 1779 tametsi
251 1740 482 1791 triumphare
511 1739 645 1791 possit,
674 1750 750 1791 pax
768 1748 896 1778 tamen
911 1738 1036 1779 modis
1056 1739 1233 1778 omnibus
1259 1737 1523 1790 amplectenda
1557 1736 1631 1781 est:
1661 1736 1763 1776 nulla
1792 1744 1872 1776 ete-

74 1801 154 1840 nim
171 1809 247 1839 tam
261 1799 355 1840 felix
372 1798 533 1840 victoria
546 1829 557 1847 ,
587 1808 631 1838 ut
649 1797 784 1838 damna
798 1827 812 1847 ,
840 1811 924 1850 quae
943 1810 1027 1839 eam
1045 1799 1299 1847 comitantur,
1328 1796 1470 1847 majora
1489 1808 1570 1837 non
1592 1796 1676 1837 sint.

301 1940 317 1951 -
357 1939 380 1950 ·
410 1908 490 1975 (k)
526 1907 637 1960 Pax
656 1911 840 1978 optima
858 1927 1022 1961 rerum

250 1981 386 2050 Qus
411 1981 621 2032 hominis
644 1976 823 2048 novtffi
848 1977 1023 2032 datum
1060 1977 1142 2048 est,
1186 1989 1291 2048 pax
1317 1996 1415 2031 una
1442 1978 1706 2047 triumphis

290 2053 564 2105 Innumeris
588 2052 764 2121 potior.

77 2173 197 2216 Nulla
212 2173 374 2215 victoria
394 2172 512 2214 factas
532 2174 714 2225 expensas
735 2173 817 2212 satis
843 2146 1077 2225 compensat.
1137 2161 1233 2212 Tam
1262 2170 1406 2211 bellum
1432 2169 1489 2211 est
1512 2172 1694 2220 noxium,
1725 2178 1768 2210 ut
1783 2182 1872 2212 cum

12 2281 13 2287 ¹
80 2236 287 2286 triumphat
304 2236 438 2282 etiam,
469 2245 598 2273 muros
615 2232 767 2284 dejiciat
788 2249 802 2280 5
831 2233 887 2272 uti
906 2231 1007 2284 apud
1029 2231 1228 2271 Romanos
1245 2231 1284 2270 in
1297 2232 1364 2270 usu
1383 2240 1475 2270 erat.

12 2330 14 2350 ,
231 2294 266 2346 §.
297 2292 500 2345 Postquam
528 2293 639 2345 igitur
663 2292 877 2345 Principem
899 2293 999 2331 inter
1024 2291 1225 2342 pulverem
1257 2290 1294 2330 &
1318 2291 1532 2342 sanguinem
1561 2286 1789 2337 dedufram,
1831 2289 1869 2329 in

13 2373 15 2377 ¹
78 2355 346 2404 tranquillitate
361 2352 622 2402 felicitateque
636 2353 741 2402 pacis
763 2352 814 2392 fic
836 2350 1120 2399 constituimus,
1147 2360 1249 2390 nunc
1272 2350 1488 2398 hortamur,
1520 2358 1561 2387 ut
1589 2347 1749 2387 eandem
1778 2359 1869 2386 con-

14 2410 15 2424 *
78 2414 248 2460 servare,
276 2413 433 2463 ejusque
454 2412 566 2451 bonis
585 2410 660 2450 frui
685 2409 854 2459 studeat,
883 2421 957 2449 nec
980 2421 1025 2449 ea
1039 2411 1234 2461 periculis,
1265 2418 1330 2448 aut
1356 2410 1444 2449 belli
1481 2408 1754 2447 calamitatibus
1777 2419 1871 2446 con-

78 2472 221 2512 turbet.
281 2469 494 2521 Nunquam
522 2468 570 2507 ad
593 2480 695 2508 arma
718 2468 851 2507 David
868 2469 1050 2507 veniebat
1066 2496 1078 2516 ,
1108 2470 1175 2509 nisi
1197 2469 1391 2510 laceffitus.
1448 2466 1689 2507 Theodosius
1707 2466 1870 2517 Impera-

74 2529 462 2584 ‘torinon'quaerebat
483 2527 624 2568 bellurn
639 2558 651 2577 ,
678 2525 744 2566 sed
773 2526 988 2578 reperiebat
1015 2528 1157 2576 potius.
1217 2527 1392 2570 Gloriosa
1414 2526 1454 2566 δε
1475 2527 1649 2579 Principe
1680 2525 1790 2578 digna
1805 2536 1871 2564 cu-

15 2588 17 2635 ῗ
81 2601 122 2631 ra
134 2619 147 2640 ,
178 2600 262 2643 quae
275 2590 374 2628 circa
388 2599 524 2640 pacem
541 2585 821 2639 procurandam
842 2594 1066 2638 occupatur.
1856 2598 1858 2600 v

253 2698 330 2764 (l)
365 2695 563 2764 Caefhris
581 2697 671 2750 baer
688 2698 876 2754 virtus,
910 2695 977 2750 &⁴
992 2693 1152 2764 gloria
1170 2690 1367 2764 Caestzris
1393 2686 1483 2749 haec
1507 2692 1566 2762 est

257 2768 356 2823 Illa
371 2806 386 2827 ‚
420 2767 518 2838 qud
545 2767 690 2825 vicit,
724 2764 935 2822 condidit
953 2783 1095 2819 arma
1115 2776 1282 2819 manu.

18 2871 21 2918 ἶ
83 2894 194 2937 Nihil
216 2894 334 2948 magis
349 2889 560 2946 poffeffioni
581 2891 774 2932 inimicum
792 2888 903 2943 quam
924 2886 1079 2931 bellum.
1136 2887 1256 2941 Impia
1271 2886 1310 2928 δι
1329 2886 1548 2941 imprudens
1567 2883 1759 2936 doctrina,
1789 2897 1877 2938 quae

20 2966 21 2974 ,
87 2956 265 3031 odiorum
288 2954 326 2994 δε
348 2950 575 2993 Δ(ιίῆίᾰειπὶειε
606 2952 757 3031 semina>
776 2949 965 3051 foKZnndo]
964 2949 1325 3050 1<tixrl3enelt{urbem
1365 2950 1539 3025 materies
1571 2947 1873 3046 suppetat3coigll>i

183 3144 239 3189 (a)
267 3141 423 3196 Justitia
439 3141 484 3185 ὥ·
495 3153 573 3195 pax
588 3138 843 3187 ostulatafimt.
871 3123 956 3179 P'sal.
988 3147 1048 3184 85.
1077 3151 1133 3177 11.
1184 3134 1245 3185 (b)
1271 3134 1388 3175 Taciti*
1409 3133 1472 3174 lib.
1497 3147 1524 3174 5.
1548 3135 1636 3172 Hist.
1692 3130 1748 3183 (c)
1775 3137 1876 3173 Idem

91 3194 115 3231 i.
132 3193 260 3230 Annal.
315 3197 375 3243 (d)
401 3195 499 3232 Idem
521 3194 582 3231 lib.
603 3207 638 3232 2.
663 3193 750 3231 Hist.
803 3195 860 3241 (e)
888 3194 983 3229 Idem
1006 3191 1067 3228 lib.
1098 3205 1132 3228 2.
1157 3190 1285 3227 Annal.
1338 3190 1404 3237 (f)
1429 3194 1579 3241 Qam‘o
1601 3190 1750 3240 pecunia
1770 3187 1877 3229 dites.

23 3260 25 3297 ξ
90 3245 136 3289 όν
157 3244 396 3298 voluptatibus
414 3246 597 3300 opulentos,
626 3255 728 3283 tanto
745 3246 859 3298 magis
874 3243 1029 3283 imbelles.
1055 3242 1171 3281 Tacit.
1189 3242 1251 3280 lib.
1288 3256 1318 3290 3.
1343 3238 1471 3292 Annal.
1547 3240 1608 3289 (g)
1636 3237 1878 3291 Dg'ffzmulante

97 3296 224 3346 (liberio
248 3297 397 3347 damna,
422 3313 464 3336 ne
480 3301 534 3336 cui
556 3296 675 3336 bellum
692 3300 926 3352 permisteretr
954 3295 1070 3334 Tacit.
1088 3295 1150 3337 lib.
1181 3309 1219 3344 4.
1236 3294 1364 3334 Annal.
1413 3295 1474 3342 (h)
1502 3296 1646 3331 seneca.
1702 3290 1751 3342 (i)
1777 3293 1878 3331 Idem

24 3339 27 3370 Ρ
92 3350 167 3402 (k)
185 3348 245 3387 Sil.
262 3351 337 3388 Ital.
388 3353 447 3402 (1)
472 3353 631 3402 Propert.
