2132 3730
253 240 337 282 230
688 224 1036 291 DIDACI
1086 226 1622 273 SAAVEDRAE.

249 324 318 353 nes
335 314 578 365 particulares
600 322 689 350 cum
711 310 910 360 Principe,
940 311 1004 349 cui
1024 309 1206 360 affistunt,
1229 312 1386 365 ejusque
1406 310 1602 353 Ministris.
1660 316 1803 366 Arces‚
1835 328 2053 369 propugna-
2120 346 2121 350 ,

249 375 356 420 cula,
388 375 425 412 δι
438 374 505 411 alia
527 370 762 409 munimenta
777 399 790 418 ,
821 381 906 421 quae
928 371 1153 422 Regnorum
1177 371 1262 412 sunt
1282 372 1488 422 claves,ab
1508 374 1933 428 arbitrio,irnp-erioque
1949 374 2051 415 Prin·
2091 369 2094 372 ’

249 434 345 485 cipis
363 433 508 482 semper
525 428 745 469 immediate
766 429 1024 481 dependeant.
1083 430 1214 484 Quam
1231 433 1285 472 ob
1305 433 1451 473 causam
1462 433 1585 473 minus
1606 432 1762 474 salutare
1777 433 1851 475 fuit
1876 435 1966 475 illud
1977 436 2053 474 Re-
2120 468 2121 473 ,

247 495 305 544 gis
321 489 670 530 Sanctiiconsilium
692 519 705 539 ‚
735 490 823 530 cnm
848 488 928 530 vita
950 489 1193 530 concessurus
1212 521 1227 540 ,
1256 494 1310 531 ob
1340 495 1567 545 pupillarem
1596 503 1747 533 aetatem
1778 494 1842 534 filii
1867 494 2055 547 Alphonfi
2120 497 2121 502 ’

247 551 367 591 Tertii
387 579 400 597 ,
433 546 504 604 (a)
524 548 707 589 proceres
724 550 892 603 ipsorum
924 549 1015 590 fidei
1031 549 1269 591 concreditas
1281 554 1414 600 urbes,
1429 565 1611 604 arcesque
1622 553 1771 593 tamdiu
1789 555 1965 595 obtinere
1983 567 2056 594 vo-

248 612 317 650 luit
336 640 348 660 ,
379 608 507 649 donec
528 639 542 659 ,
572 609 660 649 Rex
682 610 968 662 quindecimum
990 612 1109 650 aetatis
1134 622 1275 651 annum
1294 610 1479 664 explesset
1497 643 1511 662 ‚
1540 613 1645 652 unde
1678 615 1807 666 gravia
1829 615 1969 668 Regno
1999 613 2056 654 isti
2118 604 2120 622 ⁵

245 681 333 711 nata
352 669 436 710 sunt
451 669 712 715 incommoda.
772 668 940 710 Munera
963 672 1031 710 alia
1050 683 1128 711 non
1141 670 1210 710 nisi
1233 671 1280 710 ad
1304 682 1450 712 certum
1467 682 1621 725 tempus
1634 673 1866 724 perdurent,
1895 684 2056 714 nectam

247 731 426 770 diuturna
441 729 537 779 sint,
567 740 610 770 ut
626 731 681 770 ob
711 732 860 784 imperii
878 732 1159 782 peren-nitatem
1178 729 1378 770 Ministros
1396 733 1636 785 superbiores
1653 733 1690 772 in
1710 731 1906 773 discrimen
1939 733 2056 773 addua
2117 735 2118 744 ³

244 799 349 835 cant.
436 789 494 830 Ita
507 789 723 845 faciendum
736 790 933 842 judicabat
951 791 1041 830 olim
1054 790 1253 838 Tiberius;
1283 790 1309 843 ζ
1310 791 1358 844 b)
1368 791 1490 842 ajebat
1501 793 1627 842 enim,
1644 790 1825 843 superbire
1836 794 1979 834 homines
1994 794 2056 833 eti·
2116 826 2118 838 ἰ

240 864 300 899 am
323 863 440 891 annua
463 848 706 902 designatione,-
732 850 864 904 quidst
876 851 1015 891 honores
1026 859 1094 905 per
1118 853 1381 905 quinquennium
1396 854 1558 903 agitent?
1589 864 1808 904 quanquam
1829 853 1947 905 reipsa
1962 851 2056 891 illud

243 911 352 951 suurn
375 909 574 950 consilium
594 909 751 957 minime
775 910 1060 962 exsequeretur.
1117 911 1363 964 Defatigatur
1384 910 1537 951 tandem
1551 913 1672 952 virtus
1687 911 1874 952 merendo
1887 912 2058 964 ,speran-
2116 919 2118 931 ¹

243 971 389 1024 doque.
450 968 597 1021 Neque
614 979 743 1009 tamen
769 979 849 1009 tam
873 971 983 1010 brevi
1005 980 1183 1023 tempore
1208 971 1337 1010 munia
1367 972 1620 1011 terminentur
1635 1000 1649 1021 ‚
1678 980 1722 1011 ut
1741 973 1877 1012 notitia
1906 971 1944 1012 δι
1968 972 2056 1011 usus
2116 961 2132 994 >⁴

241 1032 376 1084 aliquis
391 1041 462 1082 per
482 1041 527 1069 ea
552 1031 766 1082 comparari
790 1041 869 1070 non
895 1030 1031 1082 poffint
1051 1060 1064 1080 ,
1094 1041 1159 1070 aut
1178 1041 1221 1070 ut
1236 1032 1367 1084 rapina
1382 1031 1517 1083 vigiles
1541 1032 1651 1070 nimis
1672 1030 1807 1071 red-dat
1826 1029 2025 1072 Ministros
2040 1059 2057 1080 ‚
2115 1033 2116 1038 ’

243 1092 365 1131 veluti
387 1087 559 1130 falcones
578 1088 822 1144 Norvvegiae
844 1090 897 1129 ob
918 1089 980 1129 die
1000 1091 1242 1130 brevitatem„
1328 1092 1371 1131 ln
1393 1091 1539 1143 magnis
1563 1090 1730 1142 denique
1749 1103 1873 1131 rerum
1907 1100 2056 1143 pertur-
2114 1097 2123 1127 3·

242 1149 463 1192 bationibus
477 1149 516 1189 &
533 1148 758 1202 Regnorum
777 1151 979 1202 periculis,
1010 1148 1350 1191 administrationes
1363 1150 1527 1203 publicae
1541 1180 1555 1199 ‚
1584 1151 1621 1190 &
1644 1151 1766 1190 officia
1782 1151 1977 1203 protrachi
1989 1149 2057 1190 de-
2114 1150 2117 1196 ξ

241 1212 336 1252 bent
353 1208 503 1265 longius
520 1239 534 1259 ,
562 1221 613 1250 ne
627 1207 756 1250 forsan
784 1209 1004 1250 hominibus
1020 1211 1135 1249 novis
1157 1209 1196 1250 &
1211 1211 1420 1264 inexpertis
1430 1212 1732 1255 committantur.
1791 1211 1848 1251 Ita
1869 1209 1964 1250 fecit
1976 1213 2056 1250 Au-
2113 1231 2116 1264 3

240 1270 383 1326 gustus.
446 1269 625 1323 Quintilii
646 1269 740 1310 Vari
756 1271 866 1310 clade
881 1267 1085 1309 intelleffli.
2113 1267 2115 1319 f

408 1330 445 1382 §.
478 1328 629 1370 Vetilm
645 1328 773 1370 isthaec
791 1329 967 1370 doctrina
980 1359 994 1378 ‚
1023 1338 1067 1369 ut
1087 1330 1209 1369 officia
1228 1340 1309 1369 non
1330 1327 1400 1371 nist
1420 1328 1469 1370 ad
1491 1338 1637 1370 certum
1665 1339 1820 1382 ‘tempus
1848 1328 2055 1369 conferan-

240 1400 328 1440 tur,
356 1391 512 1442 intelligi
525 1402 605 1430 non
622 1389 741 1430 debet
761 1389 811 1430 de
829 1389 1013 1442 supremis
1038 1388 1108 1428 illis
1127 1388 1304 1429 institutis
1318 1403 1394 1442 pro
1421 1390 1580 1429 confilio
1600 1388 1806 1441 Principis,
1835 1389 1873 1429 δι
1897 1389 2056 1428 admini-

240 1450 421 1491 stratione
432 1447 600 1501 justitiae,
629 1449 742 1490 satius
757 1450 858 1489 enim
880 1448 936 1489 est
952 1478 965 1498 ,
995 1457 1037 1488 ut
1057 1460 1106 1488 ea
1132 1450 1314 1489 continua
1336 1449 1409 1489 fint
1426 1480 1438 1498 ,
1469 1449 1518 1489 eo
1550 1448 1656 1500 quod
1687 1450 1724 1488 in
1743 1443 1824 1488 ¹illis
1846 1446 2055 1501 plurimum

239 1511 361 1564 profit
382 1511 522 1563 longus
544 1521 672 1550 rerum
695 1509 808 1557 usus,
838 1508 877 1549 &
897 1509 1090 1548 causarum
1108 1508 1360 1560 pendentium
1391 1510 1573 1561 cognitio,
1633 1507 1704 1547 Ista
1721 1509 1898 1547 nimirum
1922 1519 2056 1550 mune-

240 1583 281 1610 ra
297 1571 438 1610 suntin
462 1569 700 1621 Republica,
730 1568 837 1620 quod
854 1570 935 1620 poli
954 1569 991 1608 in
1019 1570 1143 1616 coelo,
1171 1569 1316 1608 circum
1337 1580 1436 1619 quos
1453 1568 1589 1618 reliqui
1622 1568 1837 1606 volvuntur
1863 1568 2001 1614 orbes,
2017 1565 2057 1606 δι
2110 1606 2112 1615 ,

238 1630 268 1671 fi
293 1637 552 1676 mutarentur,
583 1628 780 1669 universus
803 1629 866 1668 hic
886 1626 1062 1666 Mundus
1086 1628 1124 1666 in
1143 1629 1317 1678 periculo
1340 1627 1462 1675 foret,
1493 1626 1648 1666 turbato
1667 1627 1771 1665 omni
1792 1628 1952 1666 naturali
1971 1637 2056 1666 11³0-
2110 1675 2112 1677 ‚

237 1699 292 1729 tu.
354 1685 563 1740 Perpendit
585 1685 876 1727 incommodum
894 1685 1013 1734 istud,
1043 1684 1164 1725 Solon
1180 1689 1220 1726 in
1235 1685 1518 1739 quadringentis
1537 1685 1806 1735 Senatoribus,
1835 1688 1901 1739 qui
1925 1687 1962 1726 in
1987 1698 2055 1725 an·
2109 1682 2112 1702 ²

237 1761 312 1790 nos
345 1748 511 1800 singulos
536 1746 640 1787 forte
662 1747 887 1799 legebantur
917 1746 1103 1792 Athenis;
1133 1744 1370 1798 instituitque
1405 1746 1587 1786 Senatum
1609 1756 1841 1798 perpetuum
1871 1746 2058 1786 Virorum
2108 1753 2110 1797 j

237 1809 456 1862 sexaginta,
484 1818 583 1859 quos
600 1807 836 1859 Areopagitas
859 1806 1135 1854 nominabant3
1166 1805 1274 1859 quod
1296 1806 1388 1847 dum
1412 1807 1659 1847 observatum
1676 1806 1772 1857 fuit,
1800 1805 1903 1846 stetit
1923 1819 1967 1845 ac
1983 1805 2054 1846 flo-
2108 1818 2110 1831 ¹

236 1871 314 1910 ruit
327 1871 389 1909 illa
403 1867 650 1919 Respublica.
2107 1900 2109 1904 Α

414 1927 450 1978 §.
482 1925 579 1966 Illud
607 1925 757 1977 insuper
795 1921 1075 1976 periculosum,
1104 1923 1142 1965 δε
1172 1924 1469 1977 graviffimorum
1506 1935 1705 1975 motuum,
1736 1938 1782 1965 ac
1824 1921 2056 1966 seditionum
2106 1958 2108 1976 i

239 1986 415 2036 occas10,
443 1985 473 2025 fi
494 1986 718 2038 Regnorum
739 1986 958 2036 procuratio
979 1985 1138 2025 durante
1173 1983 1403 2024 Success'oris
1419 1987 1593 2036 pupillari
1618 1995 1751 2032 aetate,
1782 1987 1817 2023 ei
1838 1986 2055 2025 committa„
2106 1991 2108 1994 '

239 2058 322 2096 tur,
349 2047 414 2098 qui
437 2045 497 2097 jus
518 2044 673 2098 aliquod
697 2046 837 2096 quovis
864 2045 976 2083 titulo
1004 2046 1041 2082 in
1062 2055 1107 2083 ea
1129 2044 1256 2095 potest
1281 2044 1516 2091 obtendere-5
1547 2046 1602 2084 uti
1631 2043 1775 2084 factum
1801 2045 1839 2083 in
1870 2045 2056 2096 Aragonia
2104 2094 2106 2097 Ι

239 2102 497 2159 imprudentia
522 2117 680 2154 eorum,
711 2106 774 2156 qui
805 2105 927 2156 Regni
952 2105 1208 2156 gubernacula
1233 2103 1389 2143 Sanftio
1421 2103 1566 2143 Comiti
1594 2104 1876 2144 Ruscinonensi
1899 2104 2057 2144 deman-

239 2164 398 2215 di'irunt,
430 2165 557 2204 donec
580 2164 667 2220 Rex
685 2162 851 2214 jacobus
872 2163 900 2208 Ι,
926 2163 1173 2205 adolesceret.
1234 2162 1433 2213 Regnandi
1459 2163 1579 2202 libido
1605 2160 1703 2214 saep'e
1727 2164 1765 2202 in
1793 2163 1837 2202 iis
1864 2166 1978 2203 etiam
2001 2165 2059 2204 in-
2104 2173 2106 2198 ἐ

237 2226 355 2274 sidet,
389 2226 527 2277 quibus
557 2235 630 2264 nec
655 2222 678 2263 ὲ
705 2224 902 2275 sanguine,
934 2235 1005 2262 nec
1033 2220 1102 2261 alifi
1130 2222 1178 2261 de
1193 2220 1305 2262 causa
1328 2223 1401 2262 ulla
1422 2221 1470 2262 ad
1497 2235 1683 2263 coronam
1714 2225 1904 2275 competit
1933 2222 2057 2271 aetio,-

238 2286 332 2340 quid
356 2284 424 2325 fiet
453 2286 565 2336 igitur
586 2284 684 2324 iniis
698 2313 710 2331 ,
741 2285 807 2335 qui
835 2285 873 2323 in
889 2283 1044 2335 picturis
1070 2282 1105 2322 ἃ
1123 2280 1249 2321 statuis
1267 2278 1416 2322 frontes
1435 2283 1726 2334 Progenitorum
1747 2282 1899 2323 suorum
1926 2284 2056 2323 illare-
2103 2295 2106 2307 ’

240 2347 390 2387 dimitas
408 2343 571 2383 vident?
602 2342 763 2383 Funesta
779 2346 903 2395 aliqua
929 2343 1008 2395 ejus
1026 2343 1079 2381 rei
1103 2343 1174 2382 hac
1191 2340 1317 2381 nostra
1334 2352 1445 2382 aetate
1471 2342 1679 2399 suppetunt
1698 2343 1876 2394 exempla
1901 2342 1939 2382 &
1971 2345 2058 2395 plu-

241 2419 281 2446 ra
299 2401 442 2445 dedere
460 2404 590 2443 saecula
607 2404 710 2442 retro
732 2406 944 2454 praeterita,
974 2403 1181 2442 multorum
1202 2401 1601 2455 Consanguineorum‚
1630 2403 1695 2454 qui
1718 2402 1853 2453 Regna
1870 2401 1961 2442 fidei
1981 2402 2056 2442 suae

240 2465 462 2506 concredita
477 2462 611 2515 postea
634 2462 701 2502 sibi
723 2472 965 2515 arrogarunt,
996 2471 1039 2501 ut
1060 2464 1229 2513 propria.
1292 2462 1370 2514 Qui
1394 2462 1415 2501 e
1432 2463 1556 2515 Regio
1582 2471 1883 2515 progenerant-ur
1911 2462 2057 2515 sangui«

238 2538 314 2575 ne,
343 2524 390 2564 ad
409 2522 649 2573 tyrannidem
678 2519 760 2562 fere
780 2522 865 2562 sunt
882 2524 1082 2573 proniores
1096 2551 1108 2571 ,
1140 2523 1285 2574 quippe
1305 2523 1369 2573 qui
1390 2520 1560 2573 pluribus
1580 2521 1776 2561 abundent
1796 2518 1953 2570 mediis,
1970 2523 2055 2573 qui·

238 2588 312 2628 bus
328 2584 482 2625 consilia
502 2583 564 2624 sua
580 2582 628 2622 ad
647 2584 792 2622 exitum
813 2592 955 2634 queant
969 2583 1194 2634 perducere.
1256 2582 1367 2621 Pauci
1388 2582 1614 2633 persuadere
1632 2582 1700 2621 fibi
1725 2580 1903 2633 possunt,
1915 2580 2052 2633 just-am
2100 2611 2102 2618 l

241 2645 318 2687 esse
339 2647 439 2685 illam
470 2643 620 2697 legem,
649 2655 734 2696 quae
766 2643 943 2683 nascendi
981 2644 1220 2695 prioritatem
1252 2644 1384 2681 virtuti
1419 2643 1659 2695 anteposuit,
1692 2642 1730 2682 δε
1755 2643 1917 2694 quisque
1943 2641 1993 2681 de
2019 2641 2057 2681 se
2099 2682 2101 2688 ,

238 2708 323 2759 ipso
344 2702 559 2758 praesumit,
587 2703 626 2743 se
641 2716 720 2755 prae
746 2702 821 2742 alio
851 2703 1045 2742 Coronam
1073 2702 1296 2755 promereri.
1358 2700 1471 2742 Licet
1504 2702 1600 2742 vero
1623 2703 1662 2742 in
1686 2714 1765 2741 uno
1791 2703 1919 2753 aliquo
1941 2702 2057 2740 inter·
2098 2725 2100 2755 3

240 2766 336 2806 dum
361 2765 524 2804 excellat
546 2764 668 2813 ratio,
696 2763 910 2814 periculum
927 2773 1054 2803 tamen
1073 2761 1128 2802 est
1143 2763 1190 2801 ab
1211 2762 1275 2809 iis,
1305 2773 1404 2812 quos
1431 2762 1663 2815 singulariter
1689 2762 1826 2802 charos
1848 2761 1984 2809 habet,
2015 2760 2055 2801 δε
2098 2763 2100 2805 ξ’

240 2824 466 2867 familiares:
496 2824 536 2863 hi
558 2824 682 2872 enim,
712 2822 801 2862 cum
826 2821 1035 2875 Majestatis
1064 2822 1160 2862 illius
1176 2822 1380 2874 participes
1396 2819 1434 2862 se
1460 2819 1546 2863 fore
1564 2823 1736 2876 sperent,
1767 2821 1949 2861 violentis
1970 2821 2055 2871 qui·
2097 2822 2099 2868 j

240 2883 404 2925 busdam
423 2879 557 2924 mediis
587 2894 669 2923 eam
690 2894 898 2935 procurare
922 2883 1184 2931 contendunt,
1213 2880 1368 2920 &inter
1391 2882 1589 2936 Cognatos
1616 2882 1841 2923 diffidentias
1865 2878 2057 2924 suscitant.
2096 2877 2098 2936 J
2125 2880 2131 2901 *¹

241 2943 367 2999 Quod
392 2942 420 2982 ss
436 2955 529 2995 quas
551 2944 644 2982 tales
665 2943 753 2983 Rex
774 2942 976 2996 Philippus
1009 2942 1209 2983 Secundus
1234 2940 1283 2981 de
1311 2936 1458 2992 Joanne
1486 2941 1686 2983 Austriaco
1711 2942 1865 2986 habuit,
1894 2951 1944 2978 ex
1979 2938 2053 2979 isto
2096 2938 2098 2963 s

241 3001 442 3046 manarunt
471 3001 594 3043 fonte.
655 3002 802 3056 Insigne
832 3006 1053 3056 exemplum
1079 3002 1190 3053 hujus
1213 3000 1385 3042 Politicae
1418 3004 1569 3056 reliquit
1592 3001 1752 3055 posteris
1777 2997 1903 3039 Infans
1925 2996 1954 3037 F
1957 2999 2056 3038 erdi-
2095 3032 2097 3051 9

243 3063 393 3107 nandus
422 3061 504 3117 (ε),
519 3061 729 3103 recusando
748 3062 967 3114 Coronam,
998 3076 1083 3117 quae
1108 3061 1157 3103 ad
1181 3061 1330 3115 Regem
1348 3061 1536 3116 Joannem
1554 3062 1602 3109 ΙΙ,
1631 3064 1728 3102 illius
1753 3062 1943 3127 'nepotem
1965 3069 2056 3158 {er-
2094 3071 2096 3098 a

1891 3127 1971 3159 tme
2001 3127 2056 3169 at,
2093 3144 2095 3172 5

329 3237 406 3324 us?
432 3238 996 3289 Mar.hist.Hisp,1ib.11.c.7.
1048 3235 1109 3288 (b)
1133 3235 1249 3277 Tacit.
1266 3237 1327 3280 nb„
1354 3250 1390 3275 2.
1416 3234 1547 3276 Annal-
1594 3235 1654 3281 ce>
1678 3233 1880 3274 Man‘Hist.
1899 3228 1998 3286 Hisp.
2016 3246 2050 3272 c.
2092 3217 2094 3271 j

255 3300 270 3325 ι
279 3299 313 3334 ς.
383 3314 392 3323 .
417 3300 474 3335 19a
2092 3302 2093 3305 ¹
