2132 3730
245 261 329 303 206
698 252 1640 301 DIDACISAAVEDRAE

758 318 2044 334 m——ss—ffi-d———h—a.

395 342 525 394 Quare
545 338 572 377 si
587 336 704 388 paulo
723 338 904 377 attentius
924 337 1163 377 considerare
1183 339 1368 389 placuerit
1386 340 1568 380 maximas
1584 370 1597 389 ,
1633 341 1672 381 δε
1695 341 1865 384 actiones
1887 353 2046 393 eorum,

242 403 307 453 qui
323 403 438 454 gratia
463 399 499 439 ὅτ
514 395 739 436 auctoritate
754 397 957 448 aliquando
981 399 1019 438 in
1036 399 1128 437 aulis
1148 397 1362 440 floruerunt
1376 430 1390 450 ,
1419 399 1543 452 Sejani
1559 400 1764 453 praesertim
1785 417 1798 452 ,-
1828 403 2047 445 videbimus

241 463 448 514 plerosque
482 454 656 508 periiffe,
688 458 774 508 quia
796 455 1011 497 constanter
1041 459 1096 498 uti
1127 458 1341 499 nescierunt
1364 461 1476 500 bonis
1521 462 1565 500 iis
1589 461 1725 501 mediis
1743 491 1758 513 ,
1787 464 1926 515 quibus
1946 464 2049 504 Prin·

240 522 335 572 cipis
353 518 527 558 savorem
552 516 620 556 fibi
640 519 897 558 conciliarant.
960 518 1108 558 Omnes
1131 517 1215 557 fere
1237 549 1249 568 ,
1281 528 1324 558 ut
1352 520 1456 560 hunc
1470 531 1688 561 mereantur
1709 550 1724 571 ,
1754 521 1792 562 δι
1812 525 1950 576 populi
1984 535 2050 576 ap·

238 579 406 632 plausum
422 577 606 626 babeant,
621 578 659 617 in
676 579 876 618 amicitiam
895 577 932 617 &
948 577 1238 618 familiaritatem
1257 579 1357 634 illam
1372 580 1447 620 sese
1457 580 1667 631 insinuant,
1678 583 1844 623 animum
1857 583 2046 632 zelosum,

239 635 434 678 demissum
449 666 463 687 ,
492 637 701 677 humanum
716 667 730 687 ,
761 637 799 678 ἃ
815 637 1082 690 obsequiosum
1100 652 1178 691 prae
1199 639 1237 678 se
1258 638 1442 688 ferendo,
1464 651 1588 693 eaque
1610 641 1847 694 suggerendo
1863 643 2019 684 consilia
2034 672 2048 692 ,

238 709 323 749 quae
359 696 408 736 ad
428 697 612 750 majorem
634 697 817 751 Principis
844 700 1034 751 gloriam,
1063 699 1101 739 &
1125 698 1383 750 amplitudinis
1412 701 1493 752 ejus
1526 701 1857 743 conservationem
1878 701 2049 756 spectare

237 757 429 797 videntur.
495 757 586 812 Qua
613 768 693 798 arte
717 758 872 830 Sejanus
896 758 981 798 usus
999 788 1011 808 ,
1043 761 1106 812 qui
1125 759 1201 813 (a)
1221 761 1394 811 incipiente
1418 760 1530 802 adhuc
1538 763 1714 814 potentia,
1738 761 1831 802 honis
1846 764 2010 818 conftliis
1996 776 2049 803 m-

235 813 394 868 icotistere
414 817 559 858 volebat.
621 817 702 858 Ubi
722 818 820 859 vero
837 818 914 869 jam
942 820 1059 871 gratia
1085 818 1152 859 ista
1169 819 1284 872 plene
1307 820 1424 872 potiti
1442 819 1618 870 fuerint,
1648 823 1802 862 clavum
1815 823 1920 863 illum
1944 823 2049 863 dese-

234 888 352 926 runt,
381 875 705 930 existimantque,
736 878 784 918 ad
811 879 1067 932 navigandum
1088 892 1168 920 non
1184 881 1344 934 amplius
1366 891 1417 920 eo
1432 891 1534 933 opus
1557 851 1658 933 eff’e,
1689 881 1756 922 sed
1771 882 1889 923 solam
1902 882 2050 924 favoris

234 949 363 978 auram
386 937 456 978 fibi
485 937 666 978 sufficere.
1577 963 1579 967 .
2037 993 2040 997 ἡ

402 997 556 1038 Interim
572 996 638 1037 sub
663 999 813 1038 initium
833 999 1028 1040 enituntur
1043 999 1175 1040 sedulo
1193 1029 1206 1049 ,
1237 1007 1280 1039 ut
1298 1001 1338 1041 in
1356 997 1571 1041 afflonibus
1592 1000 1663 1041 suis
1683 1002 1737 1041 rei
1756 1003 1916 1054 privatae
1936 999 2050 1043 obliti

233 1056 273 1096 &
293 1057 331 1096 in
350 1056 428 1096 sola
447 1057 654 1097 commoda
676 1058 860 1111 Principis
883 1061 1018 1100 intenti
1037 1061 1269 1109 videantur,
1300 1070 1482 1112 tanquam
1507 1061 1573 1112 qui
1591 1062 1688 1100 illius
1706 1061 1931 1113 obsequium
1956 1063 2050 1102 vitae

234 1117 272 1156 &
289 1114 466 1157 fortuinis
488 1118 561 1158 suis
581 1116 810 1164 anteferant.
871 1120 967 1173 Quo
999 1119 1074 1169 fit,
1102 1130 1145 1160 ut
1161 1119 1260 1160 falso
1275 1121 1470 1173 persuasus
1485 1120 1668 1173 Princeps
1689 1120 1820 1160 credat
1840 1121 1906 1161 se
1895 1134 1933 1161 m
1952 1121 2052 1173 ejus·

232 1176 340 1217 modi
370 1179 498 1230 aliquo
531 1178 704 1219 homine
716 1178 873 1219 fidelem
903 1181 1077 1220 laborum
1103 1180 1248 1220 socium
1278 1179 1433 1221 nactum
1460 1180 1562 1229 effe,
1605 1192 1677 1248 pro
1697 1182 1761 1220 tali
1783 1181 1910 1221 ubivis
1929 1192 2018 1221 eum
2036 1210 2049 1230 ‚

232 1246 348 1288 atque
372 1237 476 1291 apud
492 1249 629 1278 omnes
652 1238 899 1292 depraedicet.
959 1241 1055 1294 Quo
1075 1241 1234 1280 nomine
1251 1239 1428 1281 Tiberius
1451 1240 1529 1295 (b)
1549 1240 1729 1293 Sejanum
1746 1254 1812 1282 non
1828 1239 1948 1282 modo
1933 1238 2049 1292 inser·

229 1297 378 1338 monibus
394 1330 407 1349 ,
427 1295 492 1350 sed
503 1297 599 1352 apud
612 1299 747 1339 Patres
760 1330 772 1348 ,
795 1299 1008 1352 &populum
1029 1300 1230 1340 celebrabat.

409 1359 530 1399 Porro
559 1370 718 1411 operam
738 1358 851 1406 dant,
882 1368 925 1399 ut'
941 1360 1072 1413 insigni
1093 1362 1222 1411 aliquo
1242 1388 1256 1408 ,
1285 1358 1446 1399 heroico
1474 1358 1648 1400 facinore
1685 1359 1909 1400 fidelitatem
1940 1359 2045 1400 suam

229 1417 398 1470 probent
417 1417 604 1486 principi,
644 1432 723 1471 quo
738 1419 904 1459 animum
929 1431 1009 1470 ejus
1024 1429 1254 1472 occupent3
1285 1420 1340 1458 uti
1362 1419 1456 1459 fecit
1473 1418 1668 1471 Sejanus,
1699 1419 1854 1471 quando
1881 1420 2049 1460 brachiis

228 1478 326 1526 ruis,
356 1476 395 1516 δε
415 1479 542 1530 capite
566 1479 712 1519 ruinam
729 1480 871 1519 montis
890 1478 1092 1528 sustinuit,
1123 1481 1187 1531 qui
1205 1480 1315 1531 supra
1337 1478 1535 1518 Tiberium
1552 1480 1836 1529 collabebatur,
1865 1478 1935 1534 (c)
1946 1487 2047 1532 prce·

229 1535 368 1608 &aitque
383 1538 446 1590 ipsi
458 1540 657 1588 materiam,
687 1552 750 1579 cm·
764 1541 922 1579 amicitia
938 1538 1200 1593 constantiaque
1206 1536 1278 1588 fiae
1293 1536 1551 1591 magisfideret

397 1598 506 1650 Quae
534 1600 669 1649 opinio
686 1598 734 1639 de
756 1599 897 1638 Privati
920 1597 1132 1647 fidelitate,
1162 1597 1191 1638 fi
1221 1599 1335 1638 semel
1360 1599 1399 1638 in
1420 1597 1604 1649 Principis
1619 1597 1746 1636 animo
1767 1596 1975 1648 inhaeserit,
1992 1595 2049 1638 fa·

226 1657 300 1696 cile
324 1657 354 1695 is
371 1655 439 1696 sibi
455 1657 684 1708 persuadet,
715 1658 752 1697 se
774 1657 823 1696 de
840 1656 974 1697 eadem
995 1657 1164 1697 securum
1184 1657 1259 1698 effe
1282 1660 1322 1697 in
1334 1656 1551 1708 posterum,
1565 1656 1602 1696 δι
1624 1655 1779 1696 confilia
1798 1657 1909 1707 illius,
1928 1670 2046 1710 quan-

226 1727 344 1767 quam
359 1716 517 1756 exitiosa
539 1745 552 1765 ‚
583 1717 720 1756 lubens
746 1715 852 1756 audit
867 1745 880 1765 ,
909 1726 1050 1769 utpote
1067 1719 1128 1758 cui
1144 1719 1383 1770 plussquam
1407 1717 1475 1757 sibi
1485 1716 1561 1773 ,ipsi
1584 1715 1759 1757 confidit.
1821 1716 1867 1766 ld
1884 1717 2016 1771 quod
2006 1731 2045 1758 m

225 1774 384 1815 Tiberio
402 1774 490 1828 post
507 1773 632 1816 casum
650 1778 754 1817 illum
776 1776 910 1817 videre
928 1777 1002 1832 (d)
1015 1779 1133 1818 licuit.
1195 1780 1327 1830 Atque
1347 1777 1436 1817 hinc
1449 1777 1658 1830 gravislima
1673 1776 1879 1832 nascuntur
1895 1778 2046 1819 damna:

225 1837 285 1877 illa
309 1838 411 1876 enirn
432 1846 706 1889 praeconcepta
732 1838 867 1888 opinio
884 1838 984 1876 viam
1005 1848 1161 1877 omnem
1179 1835 1341 1878 obstruit
1355 1866 1368 1887 ‚
1396 1847 1440 1877 ut
1457 1843 1628 1878 errorem
1658 1836 1766 1877 suum
1787 1836 1984 1891 'Princeps
2008 1851 2047 1878 a·

226 1895 409 1949 gnoscere
442 1905 610 1946 nequeat
633 1909 645 1934 .·
675 1898 765 1947 quin
783 1898 846 1935 ille
868 1896 948 1948 ipse
967 1899 1106 1948 privati
1134 1901 1278 1937 cultum
1295 1907 1507 1951 promovet
1531 1927 1544 1946 ,
1573 1895 1839 1949 permittendo
1858 1899 1902 1938 ut
1920 1908 2045 1939 extra·

224 1954 403 1994 ordinarii
424 1953 494 2006 ipsi
512 1955 682 1994 honores
700 1955 946 2003 deferantur,
977 1956 1180 2007 quomodo
1206 1954 1377 2008 permifit
1394 1955 1583 2003 Tiberius,
1594 1956 1683 1995 cum
1706 1959 1877 2007 proponi
1900 1957 2043 2010 palam,

225 2013 251 2069 (
263 2014 313 2068 e)
354 2013 477 2068 colique
503 2022 574 2066 per
607 2014 748 2055 theatra
769 2046 782 2064 ,
813 2013 865 2060 &⁹
883 2012 975 2066 fora
997 2013 1135 2068 effigiem
1160 2014 1277 2070 Scy'ani
1298 2047 1310 2064 ,
1339 2018 1496 2069 interque
1514 2014 1698 2066 Principia
1724 2015 1885 2067 legionum
1899 2017 2043 2070 sineret.
2119 2047 2123 2060 .

224 2073 318 2115 Nec
335 2085 443 2113 mora
470 2102 483 2123 ,
512 2073 676 2113 susurrus
694 2075 757 2115 ille
781 2073 926 2114 favoris
955 2086 1050 2115 mox
1067 2075 1114 2113 ab
1130 2087 1205 2115 una
1225 2087 1316 2114 aure
1335 2075 1466 2114 transit
1484 2074 1531 2113 ad
1551 2075 1660 2114 aliam
1682 2102 1696 2121 ‚
1726 2074 1762 2113 ἃ
1784 2075 1874 2115 inde
1891 2088 2042 2118 novum
2099 2128 2101 2132 Ἰ
2122 2124 2123 2128 ¹

225 2133 412 2176 formatur
427 2133 597 2183 idolum,
627 2134 724 2173 sicut
746 2146 796 2175 ex
818 2135 1011 2174 inauribus
1039 2136 1181 2174 vitulus
1199 2136 1262 2174 ille
1278 2133 1365 2188 (f)
1385 2135 1630 2179 Aaronicus3
1660 2133 1787 2173 immo
1805 2135 1923 2176 ausim
1940 2136 2044 2177 dice.
2119 2130 2122 2142 ⁶

225 2206 268 2234 re
285 2223 299 2244 ,
329 2203 393 2233 aut
411 2192 526 2233 favor
547 2192 736 2244 ejusmodi
754 2192 945 2246 singularis
965 2205 1045 2233 non
1065 2193 1156 2233 ess'et
1178 2197 1333 2247 penitus
1355 2223 1367 2243 ,
1398 2202 1463 2233 aut
1496 2191 1603 2232 certe
1620 2201 1730 2232 tanto
1751 2190 1930 2246 tempore
1961 2202 2042 2237 non

227 2255 401 2302 duraret,
430 2252 458 2292 si
476 2253 635 2293 aliorum
658 2256 881 2294 acclamatio
899 2283 911 2303 ,
943 2253 982 2293 &
1012 2255 1211 2305 applausus
1240 2265 1320 2294 non
1346 2252 1452 2297 effer.
1511 2252 1648 2292 Cultus
1669 2252 1738 2293 iste
1764 2257 1961 2309 avaritiam
1988 2256 2042 2302 &⁹

225 2308 461 2366 arrogantiam
468 2315 572 2364 parit
585 2344 598 2363 ,
631 2313 677 2352 ad
701 2315 992 2366 amplitudinem
1018 2314 1198 2353 tuendam
1212 2344 1223 2361 ,
1244 2315 1426 2365 prcecipcm
1449 2312 1785 2354 validiorimivitia.
1843 2313 1933 2371 (g)
1960 2316 2041 2369 Qui
2096 2319 2099 2324 ⁴
2127 2319 2132 2359 j

225 2375 341 2414 semel
360 2372 485 2412 faetus
507 2371 562 2412 est
583 2372 747 2424 Principi
766 2373 984 2414 familiarior
1009 2403 1021 2422 ,
1052 2375 1186 2412 suimet
1212 2374 1470 2421 obliviscitur,
1488 2372 1526 2412 ἃ
1548 2373 1726 2412 labuntur
1741 2375 1937 2426 paullatim
1959 2378 2040 2416 exi·
2096 2383 2097 2414 ξ

225 2435 312 2474 miae
342 2434 412 2473 illae
434 2432 548 2472 dotes
565 2461 578 2482 ,
608 2434 662 2472 ob
680 2445 773 2484 quas
795 2464 806 2481 ,
839 2435 946 2473 initio
970 2435 1082 2472 amari
1103 2434 1220 2485 coepit
1236 2463 1249 2482 ,
1279 2443 1458 2484 tanquam
1487 2429 1651 2472 ascititia*
1668 2462 1679 2482 ,
1709 2431 1866 2474 fortuna
1882 2436 2041 2492 prospe-
2094 2461 2096 2490 1

227 2495 329 2534 tiore
362 2492 495 2532 sensim
512 2493 550 2532 in
568 2503 742 2545 apertum
762 2494 854 2533 vitia
880 2492 1105 2545 proferente
1122 2525 1133 2541 ,
1164 2506 1248 2545 quae
1276 2496 1333 2532 ars
1354 2494 1534 2546 tantisper
1557 2494 1760 2534 celaverat.
1784 2516 1787 2518 —
1835 2493 1890 2533 Ita
1915 2495 2041 2536 Anto·
2093 2533 2095 2540 A

226 2554 293 2595 nio
321 2552 449 2593 Primo
470 2551 616 2593 factum
633 2583 643 2602 ,
675 2551 750 2606 (h)
766 2554 802 2593 in
823 2555 917 2597 cuius
938 2555 1063 2606 ingenio
1079 2556 1274 2594 avaritiam
1294 2584 1306 2602 ,
1325 2550 1523 2605 strperbiam
1538 2584 1552 2604 ,
1579 2555 1772 2609 caeteraque
1800 2555 1927 2595 occulta
1946 2557 2038 2596 mala

216 2611 387 2667 patefecit
400 2610 569 2679 felicitas.
638 2612 816 2653 Potentia
834 2615 946 2653 nimia
970 2614 1213 2665 perturbatur
1234 2614 1357 2659 ratio,
1387 2613 1425 2654 δε
1454 2613 1501 2654 ad
1518 2614 1686 2654 intimam
1709 2612 1885 2654 admiffus
1910 2617 2039 2657 amici·

226 2675 317 2713 tiam
333 2672 447 2713 facile
464 2672 607 2724 majora
638 2673 675 2713 se
694 2672 823 2714 audet.
885 2673 924 2712 V
929 2675 1009 2713 ides
1029 2674 1106 2713 hoc
1122 2676 1257 2713 iterum
1272 2675 1311 2713 in
1334 2672 1502 2725 Sejano.
1533 2675 1563 2714 is
1584 2674 1684 2714 enim
1702 2673 1768 2727 (i)
1783 2675 1896 2714 nimia
1909 2674 2035 2728 sortu-

226 2746 274 2774 na
283 2730 428 2784 steors,
456 2733 507 2778 &³
533 2733 686 2773 ‚miliebri
705 2730 837 2785 iiilicper
857 2733 1007 2787 ccfflidine
1040 2736 1110 2774 ime
1094 2731 1187 2773 ensis
1208 2765 1219 2783 ‚
1258 2732 1452 2788 promzssitm
1480 2735 1729 2774 matrimonium
1754 2732 1949 2787 flagitante
1965 2736 2036 2784 Li-

227 2795 318 2841 via,
347 2791 398 2832 ad
419 2790 525 2832 Ccefai
527 2806 584 2832 em
608 2792 766 2834 codicillos
790 2805 834 2833 ea
869 2794 979 2846 super
1008 2807 1047 2834 re
1069 2803 1254 2835 conmanere
1273 2805 1352 2833 non
1374 2794 1550 2835 erubuit.·
1598 2785 1774 2847 Negotia
1790 2805 1871 2834 non
1892 2805 2036 2848 procu-

225 2861 321 2900 rat,
322 2861 393 2891 ut
421 2851 623 2902 Minister,
652 2853 716 2893 sed
747 2855 864 2905 magis
894 2865 936 2894 ut
960 2856 1108 2907 imperii
1140 2854 1260 2893 socius
1289 2853 1317 2908 s
1325 2866 1403 2906 quo
1420 2857 1458 2895 in
1482 2866 1622 2909 genere
1640 2842 1859 2895 Mucianus
1853 2855 2034 2908 deliquit

227 2912 393 2967 graviter
413 2911 439 2967 )
470 2911 545 2968 (k)
563 2913 599 2953 &
610 2882 751 2954 ’relicto
775 2914 941 2968 Principi
962 2916 1043 2956 solo
1058 2916 1238 2963 nomine,
1267 2927 1425 2961 omnem
1454 2914 1720 2957 auctoritatem
1749 2906 1817 2955 sibi
1830 2904 1866 2962 (
1876 2914 1920 2969 l)
1931 2928 2034 2956 arro·

1954 2986 2033 3028 gat.

331 3055 389 3099 (a)
415 3053 532 3091 Tacit.
559 3054 579 3089 1.
594 3067 628 3101 4.
656 3055 787 3095 Annal.
841 3057 902 3104 (b)
931 3056 1071 3093 Ideml.
1088 3069 1125 3103 4.
1143 3058 1239 3094 Arm.
1306 3058 1369 3103 (c)
1396 3055 1492 3092 idern
1513 3056 1535 3093 l.
1540 3069 1577 3104 4.
1593 3058 1688 3092 Ann.
1747 3054 1926 3127 (d)Maj
1925 3068 1964 3092 ον
1982 3070 2031 3095 ex

227 3121 291 3146 eo,
322 3105 368 3149 ἄψ
382 3118 583 3160 quanquam
605 3106 755 3152 exitiosa
770 3106 958 3153 sicaderet,
982 3118 1024 3145 ut
1040 3103 1174 3152 mnffii
1186 3109 1345 3149 anxius.
1369 3121 1446 3145 cum
1456 3108 1532 3159 fide
1545 3104 1770 3145 audiebatur.
1788 3107 1839 3146 Id.
1852 3107 1904 3156 l.4
1900 3110 2029 3146 Ann.

225 3163 285 3203 (e)
308 3160 393 3196 Tac.
417 3160 440 3195 1.
462 3172 499 3207 4.
517 3162 614 3196 Ann
670 3158 839 3213 (OQM
853 3161 997 3198 camille
1011 3157 1204 3212 accepiffi’t.
1221 3159 1410 3210 formavit
1423 3171 1518 3214 opere
1523 3158 1606 3210 fus
1605 3171 1674 3199 rto
1695 3121 1927 3208 &ficitex
1910 3161 1957 3198 tis
1967 3164 2035 3199 vi·

228 3210 342 3248 mlum
357 3208 576 3262 conflatilem.
607 3212 723 3247 Exod.
742 3226 802 3259 23.
821 3228 858 3261 4.
912 3218 975 3263 (g)
999 3215 1082 3251 Tac.
1093 3213 1155 3248 l..1
1178 3213 1269 3251 Hist.
1321 3216 1385 3261 (h)
1410 3214 1546 3250 Ideml.
1568 3226 1601 3261 3.
1622 3210 1713 3248 Hist.
1764 3210 1816 3259 (i)
1833 3214 1970 3253 Ideml.
1959 3230 2024 3264 ..4

227 3265 325 3299 Arm.
377 3259 438 3308 (k)
467 3265 657 3301 Mucianus
682 3276 759 3300 cum
773 3264 955 3323 expedita
952 3262 1211 3310 manufficium
1239 3268 1356 3326 magis
1371 3262 1513 3318 Imperii
1532 3277 1639 3317 qnam
1659 3263 1898 3325 ηήηξβῒπηῖ,
1896 3273 2028 3321 agema

227 3314 328 3352 Idem
350 3315 411 3353 lib.
442 3330 479 3354 2.
542 3318 608 3366 (l)
636 3320 718 3355 Rem
735 3317 905 3370 Principis
938 3317 1111 3372 amplec‘i‘t',
1126 3330 1247 3356 nomen
1260 3318 1618 3367 remittere.1d.l.4
1610 3317 1718 3358 Hist.
