<?xml version="1.0" encoding="UTF-8"?>
<!DOCTYPE html PUBLIC "-//W3C//DTD XHTML 1.0 Transitional//EN"
    "http://www.w3.org/TR/xhtml1/DTD/xhtml1-transitional.dtd">
<html xmlns="http://www.w3.org/1999/xhtml" xml:lang="en" lang="en">
 <head>
  <title>
</title>
<meta http-equiv="Content-Type" content="text/html;charset=utf-8" />
  <meta name='ocr-system' content='tesseract 3.04.00' />
  <meta name='ocr-capabilities' content='ocr_page ocr_carea ocr_par ocr_line ocrx_word'/>
</head>
<body>
  <div class='ocr_page' id='page_1' title='image "./didacisaavedraef00saav_0252.png"; bbox 0 0 2132 3730; ppageno 0'>
   <div class='ocr_carea' id='block_1_1' title="bbox 1831 310 2085 321">
    <p class='ocr_par' dir='ltr' id='par_1_1' title="bbox 1831 310 2085 321">
     <span class='ocr_line' id='line_1_1' title="bbox 1831 310 2085 321; baseline 0 3409"><span class='ocrx_word' id='word_1_1' title='bbox 1831 310 2085 321; x_wconf 95' lang='lat' dir='ltr'> </span> 
     </span>
    </p>
   </div>
   <div class='ocr_carea' id='block_1_2' title="bbox 1317 306 1572 314">
    <p class='ocr_par' dir='ltr' id='par_1_2' title="bbox 1317 306 1572 314">
     <span class='ocr_line' id='line_1_2' title="bbox 1317 306 1572 314; baseline 0 3416"><span class='ocrx_word' id='word_1_2' title='bbox 1317 306 1572 314; x_wconf 95' lang='lat' dir='ltr'> </span> 
     </span>
    </p>
   </div>
   <div class='ocr_carea' id='block_1_3' title="bbox 1574 310 1793 317">
    <p class='ocr_par' dir='ltr' id='par_1_3' title="bbox 1574 310 1793 317">
     <span class='ocr_line' id='line_1_3' title="bbox 1574 310 1793 317; baseline 0 3413"><span class='ocrx_word' id='word_1_3' title='bbox 1574 310 1793 317; x_wconf 95' lang='lat' dir='ltr'> </span> 
     </span>
    </p>
   </div>
   <div class='ocr_carea' id='block_1_4' title="bbox 1061 304 1313 312">
    <p class='ocr_par' dir='ltr' id='par_1_4' title="bbox 1061 304 1313 312">
     <span class='ocr_line' id='line_1_4' title="bbox 1061 304 1313 312; baseline 0 3418"><span class='ocrx_word' id='word_1_4' title='bbox 1061 304 1313 312; x_wconf 95' lang='lat' dir='ltr'> </span> 
     </span>
    </p>
   </div>
   <div class='ocr_carea' id='block_1_5' title="bbox 811 300 1058 313">
    <p class='ocr_par' dir='ltr' id='par_1_5' title="bbox 811 300 1058 313">
     <span class='ocr_line' id='line_1_5' title="bbox 811 300 1058 313; baseline 0 0"><span class='ocrx_word' id='word_1_5' title='bbox 811 300 1058 313; x_wconf 95' lang='lat' dir='ltr'> </span> 
     </span>
    </p>
   </div>
   <div class='ocr_carea' id='block_1_6' title="bbox 275 238 1715 298">
    <p class='ocr_par' dir='ltr' id='par_1_6' title="bbox 275 238 1715 298">
     <span class='ocr_line' id='line_1_6' title="bbox 275 238 1715 298; baseline 0 -11"><span class='ocrx_word' id='word_1_6' title='bbox 275 259 363 298; x_wconf 82' lang='lat'>232</span> <span class='ocrx_word' id='word_1_7' title='bbox 774 238 1123 280; x_wconf 73' lang='lat' dir='ltr'><em>DJDACJ</em></span> <span class='ocrx_word' id='word_1_8' title='bbox 1177 238 1715 287; x_wconf 82' lang='lat' dir='ltr'><em>SAAVEDRAE</em></span> 
     </span>
    </p>
   </div>
   <div class='ocr_carea' id='block_1_7' title="bbox 262 314 2132 1098">
    <p class='ocr_par' dir='ltr' id='par_1_7' title="bbox 262 314 2132 1101">
     <span class='ocr_line' id='line_1_7' title="bbox 275 314 2085 383; baseline -0.002 -15"><span class='ocrx_word' id='word_1_9' title='bbox 275 314 351 383; x_wconf 58' lang='grc' dir='ltr'>(Ῑι)</span> <span class='ocrx_word' id='word_1_10' title='bbox 385 331 492 368; x_wconf 87' lang='lat' dir='ltr'>auris.</span> <span class='ocrx_word' id='word_1_11' title='bbox 554 322 674 376; x_wconf 87' lang='lat' dir='ltr'>Quod</span> <span class='ocrx_word' id='word_1_12' title='bbox 701 324 789 373; x_wconf 90' lang='lat' dir='ltr'>quia</span> <span class='ocrx_word' id='word_1_13' title='bbox 813 321 988 362; x_wconf 62' lang='lat' dir='ltr'>fierinon</span> <span class='ocrx_word' id='word_1_14' title='bbox 1014 321 1163 374; x_wconf 86' lang='lat' dir='ltr'>potest,</span> <span class='ocrx_word' id='word_1_15' title='bbox 1195 324 1324 364; x_wconf 89' lang='lat' dir='ltr'>alienis</span> <span class='ocrx_word' id='word_1_16' title='bbox 1353 334 1506 373; x_wconf 88' lang='lat' dir='ltr'>utatur,</span> <span class='ocrx_word' id='word_1_17' title='bbox 1536 327 1687 368; x_wconf 82' lang='lat' dir='ltr'>necesse</span> <span class='ocrx_word' id='word_1_18' title='bbox 1706 329 1772 370; x_wconf 90' lang='lat' dir='ltr'>est.</span> <span class='ocrx_word' id='word_1_19' title='bbox 1833 329 1895 369; x_wconf 86' lang='lat' dir='ltr'>Ex</span> <span class='ocrx_word' id='word_1_20' title='bbox 1921 340 1999 380; x_wconf 89' lang='lat' dir='ltr'>quo</span> <span class='ocrx_word' id='word_1_21' title='bbox 2019 333 2085 370; x_wconf 81' lang='lat' dir='ltr'>eti.</span> 
     </span>
     <span class='ocr_line' id='line_1_8' title="bbox 275 381 2088 441; baseline 0.001 -13"><span class='ocrx_word' id='word_1_22' title='bbox 275 402 335 428; x_wconf 86' lang='lat' dir='ltr'>am</span> <span class='ocrx_word' id='word_1_23' title='bbox 360 387 423 435; x_wconf 83' lang='lat' dir='ltr'>fit,</span> <span class='ocrx_word' id='word_1_24' title='bbox 453 397 494 425; x_wconf 92' lang='lat' dir='ltr'>ut</span> <span class='ocrx_word' id='word_1_25' title='bbox 515 384 638 424; x_wconf 88' lang='lat' dir='ltr'>nullus</span> <span class='ocrx_word' id='word_1_26' title='bbox 666 384 876 433; x_wconf 80' lang='lat' dir='ltr'>reperiatur</span> <span class='ocrx_word' id='word_1_27' title='bbox 902 381 1106 434; x_wconf 80' lang='lat' dir='ltr'>Princeps,</span> <span class='ocrx_word' id='word_1_28' title='bbox 1137 386 1382 434; x_wconf 88' lang='lat' dir='ltr'>quantumvis</span> <span class='ocrx_word' id='word_1_29' title='bbox 1398 387 1610 439; x_wconf 88' lang='lat' dir='ltr'>intelligens</span> <span class='ocrx_word' id='word_1_30' title='bbox 1640 387 1704 436; x_wconf 85' lang='lat' dir='ltr'>fit,</span> <span class='ocrx_word' id='word_1_31' title='bbox 1734 401 1778 428; x_wconf 90' lang='lat' dir='ltr'>ac</span> <span class='ocrx_word' id='word_1_32' title='bbox 1807 389 1998 441; x_wconf 83' lang='lat' dir='ltr'>prudenS‚</span> <span class='ocrx_word' id='word_1_33' title='bbox 2024 394 2088 441; x_wconf 89' lang='lat' dir='ltr'>qui</span> 
     </span>
     <span class='ocr_line' id='line_1_9' title="bbox 275 440 2087 501; baseline 0.001 -12"><span class='ocrx_word' id='word_1_34' title='bbox 275 448 447 489; x_wconf 87' lang='lat' dir='ltr'>ministris</span> <span class='ocrx_word' id='word_1_35' title='bbox 464 456 541 483; x_wconf 93' lang='lat' dir='ltr'>non</span> <span class='ocrx_word' id='word_1_36' title='bbox 565 451 699 494; x_wconf 83' lang='lat' dir='ltr'><strong>egeat:</strong></span> <span class='ocrx_word' id='word_1_37' title='bbox 730 440 813 496; x_wconf 29' lang='lat' dir='ltr'>(h),</span> <span class='ocrx_word' id='word_1_38' title='bbox 833 443 933 482; x_wconf 75' lang='lat' dir='ltr'>Nam</span> <span class='ocrx_word' id='word_1_39' title='bbox 956 443 1135 494; x_wconf 64' lang='lat' dir='ltr'>Prjmpes</span> <span class='ocrx_word' id='word_1_40' title='bbox 1152 455 1193 481; x_wconf 83' lang='lat' dir='ltr'>ac</span> <span class='ocrx_word' id='word_1_41' title='bbox 1214 443 1328 495; x_wconf 81' lang='lat' dir='ltr'><em>Reges</em></span> <span class='ocrx_word' id='word_1_42' title='bbox 1347 458 1435 485; x_wconf 70' lang='lat' dir='ltr'>mmc</span> <span class='ocrx_word' id='word_1_43' title='bbox 1453 459 1582 501; x_wconf 74' lang='lat' dir='ltr'>quoque</span> <span class='ocrx_word' id='word_1_44' title='bbox 1606 444 1801 501; x_wconf 65' lang='lat' dir='ltr'>multosfibi</span> <span class='ocrx_word' id='word_1_45' title='bbox 1817 450 1941 498; x_wconf 80' lang='lat' dir='ltr'>oculos,</span> <span class='ocrx_word' id='word_1_46' title='bbox 1961 449 2087 490; x_wconf 78' lang='lat' dir='ltr'>multas</span> 
     </span>
     <span class='ocr_line' id='line_1_10' title="bbox 272 500 2087 557; baseline 0.003 -15"><span class='ocrx_word' id='word_1_47' title='bbox 272 520 400 555; x_wconf 68' lang='lat' dir='ltr'>aures,</span> <span class='ocrx_word' id='word_1_48' title='bbox 430 503 556 542; x_wconf 73' lang='lat' dir='ltr'>multas</span> <span class='ocrx_word' id='word_1_49' title='bbox 578 503 657 541; x_wconf 83' lang='lat' dir='ltr'>item</span> <span class='ocrx_word' id='word_1_50' title='bbox 670 515 810 552; x_wconf 73' lang='lat' dir='ltr'>manus,</span> <span class='ocrx_word' id='word_1_51' title='bbox 839 501 1058 556; x_wconf 72' lang='lat' dir='ltr'>atqmpedes</span> <span class='ocrx_word' id='word_1_52' title='bbox 1069 500 1225 553; x_wconf 72' lang='lat' dir='ltr'>faciunt.</span> <span class='ocrx_word' id='word_1_53' title='bbox 1285 503 1328 543; x_wconf 92' lang='lat' dir='ltr'>ln</span> <span class='ocrx_word' id='word_1_54' title='bbox 1347 506 1412 543; x_wconf 90' lang='lat' dir='ltr'>illo</span> <span class='ocrx_word' id='word_1_55' title='bbox 1433 514 1561 546; x_wconf 87' lang='lat' dir='ltr'>tamen</span> <span class='ocrx_word' id='word_1_56' title='bbox 1590 508 1681 547; x_wconf 88' lang='lat' dir='ltr'>nibil</span> <span class='ocrx_word' id='word_1_57' title='bbox 1704 507 1800 548; x_wconf 84' lang='lat' dir='ltr'>inest</span> <span class='ocrx_word' id='word_1_58' title='bbox 1828 508 2087 557; x_wconf 83' lang='lat' dir='ltr'>incommodi,</span> 
     </span>
     <span class='ocr_line' id='line_1_11' title="bbox 271 560 2089 619; baseline 0.002 -16"><span class='ocrx_word' id='word_1_59' title='bbox 271 566 392 607; x_wconf 82' lang='lat' dir='ltr'>modo</span> <span class='ocrx_word' id='word_1_60' title='bbox 411 564 454 602; x_wconf 88' lang='lat' dir='ltr'>iis</span> <span class='ocrx_word' id='word_1_61' title='bbox 475 560 580 602; x_wconf 55' lang='lat' dir='ltr'>recte</span> <span class='ocrx_word' id='word_1_62' title='bbox 602 562 657 601; x_wconf 91' lang='lat' dir='ltr'>uti</span> <span class='ocrx_word' id='word_1_63' title='bbox 683 565 766 613; x_wconf 85' lang='lat' dir='ltr'>quis</span> <span class='ocrx_word' id='word_1_64' title='bbox 787 564 953 602; x_wconf 85' lang='lat' dir='ltr'>noverit.</span> <span class='ocrx_word' id='word_1_65' title='bbox 1023 562 1088 619; x_wconf 77' lang='lat' dir='ltr'>(c)</span> <span class='ocrx_word' id='word_1_66' title='bbox 1119 560 1203 602; x_wconf 69' lang='lat' dir='ltr'>Jffic</span> <span class='ocrx_word' id='word_1_67' title='bbox 1229 564 1314 602; x_wconf 70' lang='lat' dir='ltr'>enim</span> <span class='ocrx_word' id='word_1_68' title='bbox 1333 567 1484 614; x_wconf 76' lang='lat' dir='ltr'>ratione,</span> <span class='ocrx_word' id='word_1_69' title='bbox 1515 564 1568 610; x_wconf 64' lang='lat'>&amp;⁹</span> <span class='ocrx_word' id='word_1_70' title='bbox 1589 570 1731 608; x_wconf 76' lang='lat' dir='ltr'>omnium</span> <span class='ocrx_word' id='word_1_71' title='bbox 1753 569 1854 609; x_wconf 74' lang='lat' dir='ltr'>oculis</span> <span class='ocrx_word' id='word_1_72' title='bbox 1872 576 2007 617; x_wconf 69' lang='lat' dir='ltr'>cernet,</span> <span class='ocrx_word' id='word_1_73' title='bbox 2037 567 2089 613; x_wconf 56' lang='grc' dir='ltr'>ἐξ)</span> 
     </span>
     <span class='ocr_line' id='line_1_12' title="bbox 269 620 2087 679; baseline 0.002 -13"><span class='ocrx_word' id='word_1_74' title='bbox 269 629 410 666; x_wconf 75' lang='lat' dir='ltr'>onmium</span> <span class='ocrx_word' id='word_1_75' title='bbox 425 621 733 673; x_wconf 15' lang='lat' dir='ltr'>auribus-audiet,</span> <span class='ocrx_word' id='word_1_76' title='bbox 765 621 817 667; x_wconf 63' lang='grc' dir='ltr'>ἐξ)</span> <span class='ocrx_word' id='word_1_77' title='bbox 830 624 971 662; x_wconf 57' lang='lat' dir='ltr'>omniun</span> <span class='ocrx_word' id='word_1_78' title='bbox 990 620 1130 675; x_wconf 69' lang='lat' dir='ltr'>denique</span> <span class='ocrx_word' id='word_1_79' title='bbox 1149 622 1288 676; x_wconf 70' lang='lat' dir='ltr'>confiliis</span> <span class='ocrx_word' id='word_1_80' title='bbox 1304 625 1340 663; x_wconf 81' lang='lat' dir='ltr'>in</span> <span class='ocrx_word' id='word_1_81' title='bbox 1360 637 1463 664; x_wconf 74' lang='lat' dir='ltr'>unum</span> <span class='ocrx_word' id='word_1_82' title='bbox 1482 625 1696 666; x_wconf 78' lang='lat' dir='ltr'><em>tendentibus</em></span> <span class='ocrx_word' id='word_1_83' title='bbox 1709 625 1916 679; x_wconf 76' lang='lat' dir='ltr'>consitltahz&#39;t.</span> <span class='ocrx_word' id='word_1_84' title='bbox 1977 628 2087 669; x_wconf 83' lang='lat' dir='ltr'>Idem</span> 
     </span>
     <span class='ocr_line' id='line_1_13' title="bbox 270 681 2089 742; baseline 0.002 -18"><span class='ocrx_word' id='word_1_85' title='bbox 270 682 532 736; x_wconf 83' lang='lat' dir='ltr'>fignificabant</span> <span class='ocrx_word' id='word_1_86' title='bbox 547 681 728 736; x_wconf 82' lang='lat' dir='ltr'>AEgyptii·</span> <span class='ocrx_word' id='word_1_87' title='bbox 745 695 814 736; x_wconf 89' lang='lat' dir='ltr'>per</span> <span class='ocrx_word' id='word_1_88' title='bbox 836 684 992 722; x_wconf 91' lang='lat' dir='ltr'>oculum</span> <span class='ocrx_word' id='word_1_89' title='bbox 1031 682 1197 735; x_wconf 85' lang='lat' dir='ltr'>Sceptro</span> <span class='ocrx_word' id='word_1_90' title='bbox 1226 683 1582 736; x_wconf 74' lang='lat' dir='ltr'>superimpositum.</span> <span class='ocrx_word' id='word_1_91' title='bbox 1614 686 1777 739; x_wconf 73' lang='lat' dir='ltr'>corfilium</span> <span class='ocrx_word' id='word_1_92' title='bbox 1807 690 1952 742; x_wconf 86' lang='lat' dir='ltr'>quippe</span> <span class='ocrx_word' id='word_1_93' title='bbox 1977 688 2089 728; x_wconf 67' lang='lat' dir='ltr'>oculus</span> 
     </span>
     <span class='ocr_line' id='line_1_14' title="bbox 268 741 2132 801; baseline 0.001 -17"><span class='ocrx_word' id='word_1_94' title='bbox 268 743 323 784; x_wconf 89' lang='lat' dir='ltr'>est</span> <span class='ocrx_word' id='word_1_95' title='bbox 330 741 553 796; x_wconf 52' lang='lat' dir='ltr'>futurorum.</span> <span class='ocrx_word' id='word_1_96' title='bbox 615 741 694 797; x_wconf 69' lang='lat' dir='ltr'>(cl)</span> <span class='ocrx_word' id='word_1_97' title='bbox 726 743 898 792; x_wconf 90' lang='lat' dir='ltr'>Eodem,</span> <span class='ocrx_word' id='word_1_98' title='bbox 918 743 1077 796; x_wconf 85' lang='lat' dir='ltr'>opinor,</span> <span class='ocrx_word' id='word_1_99' title='bbox 1110 742 1280 783; x_wconf 81' lang='lat' dir='ltr'>alludere</span> <span class='ocrx_word' id='word_1_100' title='bbox 1315 745 1442 783; x_wconf 88' lang='lat' dir='ltr'>voluit</span> <span class='ocrx_word' id='word_1_101' title='bbox 1471 743 1673 796; x_wconf 88' lang='lat' dir='ltr'>Jeremias‚</span> <span class='ocrx_word' id='word_1_102' title='bbox 1705 744 1772 801; x_wconf 71' lang='lat' dir='ltr'>(e)</span> <span class='ocrx_word' id='word_1_103' title='bbox 1803 759 1890 788; x_wconf 91' lang='lat' dir='ltr'>cum</span> <span class='ocrx_word' id='word_1_104' title='bbox 1920 749 2088 797; x_wconf 88' lang='lat' dir='ltr'>diceret,</span> <span class='ocrx_word' id='word_1_105' title='bbox 2130 760 2132 777; x_wconf 64' lang='grc' dir='ltr'><strong><em>ι</em></strong></span> 
     </span>
     <span class='ocr_line' id='line_1_15' title="bbox 272 801 2129 860; baseline 0.001 -15"><span class='ocrx_word' id='word_1_106' title='bbox 272 805 423 857; x_wconf 71' lang='lat' dir='ltr'>Virgam</span> <span class='ocrx_word' id='word_1_107' title='bbox 447 803 645 856; x_wconf 75' lang='lat' dir='ltr'>vigilantem</span> <span class='ocrx_word' id='word_1_108' title='bbox 661 817 717 856; x_wconf 78' lang='lat' dir='ltr'>ego</span> <span class='ocrx_word' id='word_1_109' title='bbox 732 803 842 845; x_wconf 75' lang='lat' dir='ltr'>video.</span> <span class='ocrx_word' id='word_1_110' title='bbox 902 804 1034 855; x_wconf 89' lang='lat' dir='ltr'>Atque</span> <span class='ocrx_word' id='word_1_111' title='bbox 1055 803 1146 844; x_wconf 83' lang='lat' dir='ltr'>ideo</span> <span class='ocrx_word' id='word_1_112' title='bbox 1164 805 1201 844; x_wconf 93' lang='lat' dir='ltr'>in</span> <span class='ocrx_word' id='word_1_113' title='bbox 1228 801 1403 856; x_wconf 73' lang='lat' dir='ltr'>praesenti</span> <span class='ocrx_word' id='word_1_114' title='bbox 1426 803 1669 845; x_wconf 87' lang='lat' dir='ltr'>Emblemate</span> <span class='ocrx_word' id='word_1_115' title='bbox 1695 805 1898 858; x_wconf 88' lang='lat' dir='ltr'>Sceptrum</span> <span class='ocrx_word' id='word_1_116' title='bbox 1919 809 2087 860; x_wconf 81' lang='lat' dir='ltr'><strong>pingitur</strong></span> <span class='ocrx_word' id='word_1_117' title='bbox 2119 832 2129 853; x_wconf 65' lang='grc'>-,</span> 
     </span>
     <span class='ocr_line' id='line_1_16' title="bbox 266 862 2130 920; baseline 0 -16"><span class='ocrx_word' id='word_1_118' title='bbox 266 866 388 904; x_wconf 88' lang='lat' dir='ltr'>oculis</span> <span class='ocrx_word' id='word_1_119' title='bbox 406 866 584 917; x_wconf 85' lang='lat' dir='ltr'>plenum,</span> <span class='ocrx_word' id='word_1_120' title='bbox 614 863 661 903; x_wconf 88' lang='lat' dir='ltr'>ad</span> <span class='ocrx_word' id='word_1_121' title='bbox 688 863 975 917; x_wconf 72' lang='lat' dir='ltr'>significandum</span> <span class='ocrx_word' id='word_1_122' title='bbox 1003 865 1201 913; x_wconf 87' lang='lat' dir='ltr'>nimirum,</span> <span class='ocrx_word' id='word_1_123' title='bbox 1231 875 1300 916; x_wconf 89' lang='lat' dir='ltr'>per</span> <span class='ocrx_word' id='word_1_124' title='bbox 1321 862 1566 905; x_wconf 85' lang='lat' dir='ltr'>Confiliarios</span> <span class='ocrx_word' id='word_1_125' title='bbox 1596 866 1813 918; x_wconf 80' lang='lat' dir='ltr'>Principem</span> <span class='ocrx_word' id='word_1_126' title='bbox 1842 868 2087 920; x_wconf 82' lang='lat' dir='ltr'>gubernatio·</span> <span class='ocrx_word' id='word_1_127' title='bbox 2127 869 2130 904; x_wconf 52' lang='grc' dir='ltr'><strong>ὲ</strong></span> 
     </span>
     <span class='ocr_line' id='line_1_17' title="bbox 264 922 2132 979; baseline 0.001 -14"><span class='ocrx_word' id='word_1_128' title='bbox 264 926 322 965; x_wconf 88' lang='lat' dir='ltr'>nis</span> <span class='ocrx_word' id='word_1_129' title='bbox 341 924 412 964; x_wconf 85' lang='lat' dir='ltr'>suae</span> <span class='ocrx_word' id='word_1_130' title='bbox 432 925 586 975; x_wconf 82' lang='lat' dir='ltr'>negotia</span> <span class='ocrx_word' id='word_1_131' title='bbox 612 924 825 974; x_wconf 88' lang='lat' dir='ltr'>praevidere</span> <span class='ocrx_word' id='word_1_132' title='bbox 843 924 1012 975; x_wconf 87' lang='lat' dir='ltr'>debere,</span> <span class='ocrx_word' id='word_1_133' title='bbox 1036 937 1080 965; x_wconf 86' lang='lat' dir='ltr'>ac</span> <span class='ocrx_word' id='word_1_134' title='bbox 1101 934 1348 977; x_wconf 88' lang='lat' dir='ltr'>praevertere.</span> <span class='ocrx_word' id='word_1_135' title='bbox 1410 922 1504 964; x_wconf 90' lang='lat' dir='ltr'>Nec</span> <span class='ocrx_word' id='word_1_136' title='bbox 1527 927 1664 966; x_wconf 87' lang='lat' dir='ltr'>mirum</span> <span class='ocrx_word' id='word_1_137' title='bbox 1697 938 1793 976; x_wconf 88' lang='lat' dir='ltr'>eos,</span> <span class='ocrx_word' id='word_1_138' title='bbox 1824 929 1888 979; x_wconf 92' lang='lat' dir='ltr'>qui</span> <span class='ocrx_word' id='word_1_139' title='bbox 1912 926 1933 967; x_wconf 74' lang='lat' dir='ltr'>a</span> <span class='ocrx_word' id='word_1_140' title='bbox 1964 927 2086 966; x_wconf 85' lang='lat' dir='ltr'>confi·</span> <span class='ocrx_word' id='word_1_141' title='bbox 2126 936 2132 976; x_wconf 50' lang='grc' dir='ltr'>ἢ</span> 
     </span>
     <span class='ocr_line' id='line_1_18' title="bbox 263 983 2132 1042; baseline 0.002 -18"><span class='ocrx_word' id='word_1_142' title='bbox 263 986 322 1025; x_wconf 89' lang='lat' dir='ltr'>liis</span> <span class='ocrx_word' id='word_1_143' title='bbox 340 986 422 1024; x_wconf 89' lang='lat' dir='ltr'>sunt</span> <span class='ocrx_word' id='word_1_144' title='bbox 443 984 626 1035; x_wconf 81' lang='lat' dir='ltr'>principi,</span> <span class='ocrx_word' id='word_1_145' title='bbox 659 983 678 1022; x_wconf 77' lang='lat' dir='ltr'>a</span> <span class='ocrx_word' id='word_1_146' title='bbox 693 985 805 1024; x_wconf 88' lang='lat' dir='ltr'>nobis</span> <span class='ocrx_word' id='word_1_147' title='bbox 822 986 859 1024; x_wconf 92' lang='lat' dir='ltr'>in</span> <span class='ocrx_word' id='word_1_148' title='bbox 881 984 1032 1037; x_wconf 89' lang='lat' dir='ltr'>sceptro</span> <span class='ocrx_word' id='word_1_149' title='bbox 1049 986 1254 1036; x_wconf 86' lang='lat' dir='ltr'>collocari,</span> <span class='ocrx_word' id='word_1_150' title='bbox 1286 987 1374 1025; x_wconf 78' lang='lat' dir='ltr'>cum</span> <span class='ocrx_word' id='word_1_151' title='bbox 1392 983 1429 1024; x_wconf 77' lang='grc' dir='ltr'>δι</span> <span class='ocrx_word' id='word_1_152' title='bbox 1448 985 1488 1025; x_wconf 90' lang='lat' dir='ltr'>in</span> <span class='ocrx_word' id='word_1_153' title='bbox 1511 987 1664 1026; x_wconf 87' lang='lat' dir='ltr'>coronis</span> <span class='ocrx_word' id='word_1_154' title='bbox 1683 986 1986 1039; x_wconf 85' lang='lat' dir='ltr'>Imperatorum,</span> <span class='ocrx_word' id='word_1_155' title='bbox 2004 988 2082 1027; x_wconf 80' lang='lat' dir='ltr'>Re.</span> <span class='ocrx_word' id='word_1_156' title='bbox 2125 987 2132 1042; x_wconf 54' lang='grc' dir='ltr'><em>ὲ</em></span> 
     </span>
     <span class='ocr_line' id='line_1_19' title="bbox 262 1043 2085 1098; baseline 0.002 -15"><span class='ocrx_word' id='word_1_157' title='bbox 262 1056 432 1097; x_wconf 86' lang='lat' dir='ltr'>gumque</span> <span class='ocrx_word' id='word_1_158' title='bbox 452 1043 646 1096; x_wconf 83' lang='lat' dir='ltr'>Hispaniae</span> <span class='ocrx_word' id='word_1_159' title='bbox 665 1046 821 1085; x_wconf 81' lang='lat' dir='ltr'>nomina</span> <span class='ocrx_word' id='word_1_160' title='bbox 841 1046 1056 1086; x_wconf 87' lang='lat' dir='ltr'>eorundem</span> <span class='ocrx_word' id='word_1_161' title='bbox 1082 1045 1267 1098; x_wconf 88' lang='lat' dir='ltr'>insculpi,</span> <span class='ocrx_word' id='word_1_162' title='bbox 1297 1057 1382 1085; x_wconf 88' lang='lat' dir='ltr'>mos</span> <span class='ocrx_word' id='word_1_163' title='bbox 1398 1045 1593 1097; x_wconf 88' lang='lat' dir='ltr'>quondam</span> <span class='ocrx_word' id='word_1_164' title='bbox 1610 1045 1726 1087; x_wconf 88' lang='lat' dir='ltr'>fuerit</span> <span class='ocrx_word' id='word_1_165' title='bbox 1747 1077 1759 1096; x_wconf 89' lang='lat'>,</span> <span class='ocrx_word' id='word_1_166' title='bbox 1788 1059 1861 1087; x_wconf 90' lang='lat' dir='ltr'>nec</span> <span class='ocrx_word' id='word_1_167' title='bbox 1879 1045 2085 1089; x_wconf 79' lang='lat' dir='ltr'>immerito:</span> 
     </span>
    </p>
   </div>
   <div class='ocr_carea' id='block_1_8' title="bbox 261 1105 2083 1218">
    <p class='ocr_par' dir='ltr' id='par_1_8' title="bbox 261 1105 2083 1218">
     <span class='ocr_line' id='line_1_20' title="bbox 261 1105 1458 1158; baseline 0.002 -14"><span class='ocrx_word' id='word_1_168' title='bbox 261 1106 379 1157; x_wconf 85' lang='lat' dir='ltr'>magis</span> <span class='ocrx_word' id='word_1_169' title='bbox 399 1105 500 1144; x_wconf 90' lang='lat' dir='ltr'>enim</span> <span class='ocrx_word' id='word_1_170' title='bbox 518 1106 710 1154; x_wconf 87' lang='lat' dir='ltr'>relucent,</span> <span class='ocrx_word' id='word_1_171' title='bbox 742 1118 855 1157; x_wconf 88' lang='lat' dir='ltr'>quam</span> <span class='ocrx_word' id='word_1_172' title='bbox 887 1106 963 1158; x_wconf 84' lang='lat' dir='ltr'>ipsa</span> <span class='ocrx_word' id='word_1_173' title='bbox 989 1107 1207 1157; x_wconf 86' lang='lat' dir='ltr'>Principum</span> <span class='ocrx_word' id='word_1_174' title='bbox 1230 1105 1458 1146; x_wconf 83' lang='lat' dir='ltr'>diademata.</span> 
     </span>
     <span class='ocr_line' id='line_1_21' title="bbox 422 1164 2083 1218; baseline 0.001 -13"><span class='ocrx_word' id='word_1_175' title='bbox 422 1164 460 1216; x_wconf 82' lang='lat'>§.</span> <span class='ocrx_word' id='word_1_176' title='bbox 495 1165 626 1215; x_wconf 86' lang='lat' dir='ltr'>Atque</span> <span class='ocrx_word' id='word_1_177' title='bbox 642 1164 705 1205; x_wconf 87' lang='lat' dir='ltr'>ista</span> <span class='ocrx_word' id='word_1_178' title='bbox 724 1178 812 1205; x_wconf 84' lang='lat' dir='ltr'>cum</span> <span class='ocrx_word' id='word_1_179' title='bbox 835 1169 955 1206; x_wconf 86' lang='lat' dir='ltr'>oculis</span> <span class='ocrx_word' id='word_1_180' title='bbox 978 1167 1218 1218; x_wconf 84' lang='lat' dir='ltr'>comparatio</span> <span class='ocrx_word' id='word_1_181' title='bbox 1238 1167 1403 1205; x_wconf 85' lang='lat' dir='ltr'>virtutes</span> <span class='ocrx_word' id='word_1_182' title='bbox 1428 1167 1509 1206; x_wconf 87' lang='lat' dir='ltr'>illas</span> <span class='ocrx_word' id='word_1_183' title='bbox 1531 1164 1700 1217; x_wconf 83' lang='lat' dir='ltr'>designat</span> <span class='ocrx_word' id='word_1_184' title='bbox 1718 1179 1762 1206; x_wconf 83' lang='lat' dir='ltr'>ac</span> <span class='ocrx_word' id='word_1_185' title='bbox 1788 1165 1921 1213; x_wconf 82' lang='lat' dir='ltr'>dotes,</span> <span class='ocrx_word' id='word_1_186' title='bbox 1943 1166 2083 1217; x_wconf 85' lang='lat' dir='ltr'>quibus</span> 
     </span>
    </p>
   </div>
   <div class='ocr_carea' id='block_1_9' title="bbox 236 1223 2122 2359">
    <p class='ocr_par' dir='ltr' id='par_1_9' title="bbox 249 1223 2122 1823">
     <span class='ocr_line' id='line_1_22' title="bbox 258 1223 2122 1279; baseline 0.002 -16"><span class='ocrx_word' id='word_1_187' title='bbox 258 1223 482 1264; x_wconf 63' lang='lat' dir='ltr'>instructum</span> <span class='ocrx_word' id='word_1_188' title='bbox 517 1224 592 1265; x_wconf 83' lang='lat' dir='ltr'>effe</span> <span class='ocrx_word' id='word_1_189' title='bbox 621 1235 802 1278; x_wconf 83' lang='lat' dir='ltr'>oportet,</span> <span class='ocrx_word' id='word_1_190' title='bbox 835 1228 900 1278; x_wconf 90' lang='lat' dir='ltr'>qui</span> <span class='ocrx_word' id='word_1_191' title='bbox 934 1227 1146 1267; x_wconf 82' lang='lat' dir='ltr'>Consiliarii</span> <span class='ocrx_word' id='word_1_192' title='bbox 1173 1224 1345 1279; x_wconf 86' lang='lat' dir='ltr'>fungitur</span> <span class='ocrx_word' id='word_1_193' title='bbox 1376 1238 1563 1266; x_wconf 88' lang='lat' dir='ltr'>munere:</span> <span class='ocrx_word' id='word_1_194' title='bbox 1595 1226 1691 1266; x_wconf 85' lang='lat' dir='ltr'>ficut</span> <span class='ocrx_word' id='word_1_195' title='bbox 1726 1228 1827 1267; x_wconf 87' lang='lat' dir='ltr'>enim</span> <span class='ocrx_word' id='word_1_196' title='bbox 1867 1225 1979 1265; x_wconf 88' lang='lat' dir='ltr'>Visus</span> <span class='ocrx_word' id='word_1_197' title='bbox 2011 1239 2083 1278; x_wconf 88' lang='lat' dir='ltr'>per</span> <span class='ocrx_word' id='word_1_198' title='bbox 2120 1248 2122 1267; x_wconf 73' lang='grc' dir='ltr'><strong>ι</strong></span> 
     </span>
     <span class='ocr_line' id='line_1_23' title="bbox 258 1285 2081 1340; baseline 0.001 -16"><span class='ocrx_word' id='word_1_199' title='bbox 258 1295 395 1325; x_wconf 88' lang='lat' dir='ltr'>omnes</span> <span class='ocrx_word' id='word_1_200' title='bbox 423 1296 571 1338; x_wconf 87' lang='lat' dir='ltr'>partes,</span> <span class='ocrx_word' id='word_1_201' title='bbox 601 1286 649 1325; x_wconf 87' lang='lat' dir='ltr'>ad</span> <span class='ocrx_word' id='word_1_202' title='bbox 674 1297 733 1326; x_wconf 88' lang='lat' dir='ltr'>res</span> <span class='ocrx_word' id='word_1_203' title='bbox 751 1285 866 1340; x_wconf 78' lang='lat' dir='ltr'>longe</span> <span class='ocrx_word' id='word_1_204' title='bbox 884 1289 997 1329; x_wconf 82' lang='lat' dir='ltr'>etiam</span> <span class='ocrx_word' id='word_1_205' title='bbox 1021 1286 1198 1327; x_wconf 83' lang='lat' dir='ltr'>distantes</span> <span class='ocrx_word' id='word_1_206' title='bbox 1216 1287 1291 1326; x_wconf 90' lang='lat' dir='ltr'>sese</span> <span class='ocrx_word' id='word_1_207' title='bbox 1324 1285 1523 1337; x_wconf 82' lang='lat' dir='ltr'>extendit,</span> <span class='ocrx_word' id='word_1_208' title='bbox 1553 1289 1604 1326; x_wconf 91' lang='lat' dir='ltr'>ita</span> <span class='ocrx_word' id='word_1_209' title='bbox 1620 1289 1747 1327; x_wconf 88' lang='lat' dir='ltr'>animo</span> <span class='ocrx_word' id='word_1_210' title='bbox 1777 1286 2081 1338; x_wconf 80' lang='lat' dir='ltr'>Consiliariipra-</span> 
     </span>
     <span class='ocr_line' id='line_1_24' title="bbox 258 1344 2120 1400; baseline 0.001 -16"><span class='ocrx_word' id='word_1_211' title='bbox 258 1344 361 1385; x_wconf 66' lang='lat' dir='ltr'>&amp;ico</span> <span class='ocrx_word' id='word_1_212' title='bbox 381 1344 574 1386; x_wconf 83' lang='lat' dir='ltr'>observari</span> <span class='ocrx_word' id='word_1_213' title='bbox 595 1346 713 1387; x_wconf 89' lang='lat' dir='ltr'>debet</span> <span class='ocrx_word' id='word_1_214' title='bbox 731 1349 965 1399; x_wconf 86' lang='lat' dir='ltr'>praeteritum</span> <span class='ocrx_word' id='word_1_215' title='bbox 981 1381 991 1393; x_wconf 73' lang='grc'><em>,</em></span> <span class='ocrx_word' id='word_1_216' title='bbox 1023 1347 1207 1400; x_wconf 85' lang='lat' dir='ltr'>praescns,</span> <span class='ocrx_word' id='word_1_217' title='bbox 1250 1346 1286 1386; x_wconf 69' lang='grc' dir='ltr'>δι</span> <span class='ocrx_word' id='word_1_218' title='bbox 1306 1345 1498 1396; x_wconf 87' lang='lat' dir='ltr'>futurum,</span> <span class='ocrx_word' id='word_1_219' title='bbox 1529 1355 1571 1386; x_wconf 93' lang='lat' dir='ltr'>ut</span> <span class='ocrx_word' id='word_1_220' title='bbox 1594 1347 1642 1386; x_wconf 91' lang='lat' dir='ltr'>de</span> <span class='ocrx_word' id='word_1_221' title='bbox 1661 1347 1774 1386; x_wconf 88' lang='lat' dir='ltr'>rebus</span> <span class='ocrx_word' id='word_1_222' title='bbox 1801 1345 1906 1386; x_wconf 69' lang='lat' dir='ltr'>reete</span> <span class='ocrx_word' id='word_1_223' title='bbox 1923 1345 2080 1398; x_wconf 84' lang='lat' dir='ltr'>statuat,</span> <span class='ocrx_word' id='word_1_224' title='bbox 2118 1371 2120 1375; x_wconf 85' lang='lat'><em>·</em></span> 
     </span>
     <span class='ocr_line' id='line_1_25' title="bbox 258 1405 2081 1458; baseline 0.001 -14"><span class='ocrx_word' id='word_1_225' title='bbox 258 1405 296 1445; x_wconf 87' lang='lat'>&amp;</span> <span class='ocrx_word' id='word_1_226' title='bbox 321 1416 467 1445; x_wconf 89' lang='lat' dir='ltr'>certum</span> <span class='ocrx_word' id='word_1_227' title='bbox 488 1405 636 1446; x_wconf 88' lang='lat' dir='ltr'>formet</span> <span class='ocrx_word' id='word_1_228' title='bbox 648 1407 857 1458; x_wconf 88' lang='lat' dir='ltr'>judicium:</span> <span class='ocrx_word' id='word_1_229' title='bbox 888 1408 994 1458; x_wconf 92' lang='lat' dir='ltr'>quod</span> <span class='ocrx_word' id='word_1_230' title='bbox 1027 1406 1114 1447; x_wconf 84' lang='lat' dir='ltr'>fieri·</span> <span class='ocrx_word' id='word_1_231' title='bbox 1130 1406 1451 1458; x_wconf 89' lang='lat' dir='ltr'>haudquanquam</span> <span class='ocrx_word' id='word_1_232' title='bbox 1475 1408 1620 1458; x_wconf 89' lang='lat' dir='ltr'>poterit</span> <span class='ocrx_word' id='word_1_233' title='bbox 1645 1408 1789 1458; x_wconf 81' lang='lat' dir='ltr'>absque</span> <span class='ocrx_word' id='word_1_234' title='bbox 1809 1408 1926 1446; x_wconf 86' lang='lat' dir='ltr'>multa</span> <span class='ocrx_word' id='word_1_235' title='bbox 1947 1405 2081 1446; x_wconf 72' lang='lat' dir='ltr'>lec&#39;tio-</span> 
     </span>
     <span class='ocr_line' id='line_1_26' title="bbox 255 1465 2080 1520; baseline 0.002 -16"><span class='ocrx_word' id='word_1_236' title='bbox 255 1477 327 1514; x_wconf 86' lang='lat' dir='ltr'>ne,</span> <span class='ocrx_word' id='word_1_237' title='bbox 358 1468 476 1518; x_wconf 86' lang='lat' dir='ltr'>longo</span> <span class='ocrx_word' id='word_1_238' title='bbox 496 1468 741 1518; x_wconf 87' lang='lat' dir='ltr'>negotiorum</span> <span class='ocrx_word' id='word_1_239' title='bbox 758 1466 824 1506; x_wconf 93' lang='lat' dir='ltr'>usu</span> <span class='ocrx_word' id='word_1_240' title='bbox 842 1496 854 1516; x_wconf 87' lang='lat'>,</span> <span class='ocrx_word' id='word_1_241' title='bbox 886 1467 923 1507; x_wconf 88' lang='lat'>&amp;</span> <span class='ocrx_word' id='word_1_242' title='bbox 948 1466 1141 1520; x_wconf 86' lang='lat' dir='ltr'>frequenti</span> <span class='ocrx_word' id='word_1_243' title='bbox 1175 1479 1263 1506; x_wconf 90' lang='lat' dir='ltr'>cum</span> <span class='ocrx_word' id='word_1_244' title='bbox 1296 1465 1533 1506; x_wconf 89' lang='lat' dir='ltr'>Nationibus</span> <span class='ocrx_word' id='word_1_245' title='bbox 1563 1468 1675 1506; x_wconf 82' lang='lat' dir='ltr'>variis</span> <span class='ocrx_word' id='word_1_246' title='bbox 1703 1468 2080 1507; x_wconf 81' lang='lat' dir='ltr'>communicatione:</span> 
     </span>
     <span class='ocr_line' id='line_1_27' title="bbox 256 1524 2115 1580; baseline 0.001 -15"><span class='ocrx_word' id='word_1_247' title='bbox 256 1525 342 1579; x_wconf 73' lang='lat' dir='ltr'>Nlfi</span> <span class='ocrx_word' id='word_1_248' title='bbox 362 1528 476 1566; x_wconf 86' lang='lat' dir='ltr'>etiam</span> <span class='ocrx_word' id='word_1_249' title='bbox 501 1536 643 1566; x_wconf 83' lang='lat' dir='ltr'>naturae</span> <span class='ocrx_word' id='word_1_250' title='bbox 666 1527 871 1578; x_wconf 76' lang='lat' dir='ltr'>Principis,</span> <span class='ocrx_word' id='word_1_251' title='bbox 901 1541 1054 1577; x_wconf 74' lang='lat' dir='ltr'>morum,</span> <span class='ocrx_word' id='word_1_252' title='bbox 1087 1525 1175 1580; x_wconf 74' lang='lat' dir='ltr'>(f)</span> <span class='ocrx_word' id='word_1_253' title='bbox 1203 1529 1458 1579; x_wconf 69' lang='lat' dir='ltr'>animorumque</span> <span class='ocrx_word' id='word_1_254' title='bbox 1479 1526 1680 1566; x_wconf 56' lang='lat' dir='ltr'>Provinciae</span> <span class='ocrx_word' id='word_1_255' title='bbox 1719 1533 1769 1565; x_wconf 71' lang='lat' dir='ltr'>mr</span> <span class='ocrx_word' id='word_1_256' title='bbox 1797 1529 1928 1578; x_wconf 78' lang='lat' dir='ltr'>gnari,</span> <span class='ocrx_word' id='word_1_257' title='bbox 1957 1528 2017 1579; x_wconf 75' lang='lat' dir='ltr'>qui</span> <span class='ocrx_word' id='word_1_258' title='bbox 2039 1524 2081 1568; x_wconf 75' lang='lat' dir='ltr'>de</span> <span class='ocrx_word' id='word_1_259' title='bbox 2114 1537 2115 1540; x_wconf 77' lang='grc'>’</span> 
     </span>
     <span class='ocr_line' id='line_1_28' title="bbox 252 1584 2113 1638; baseline 0.001 -14"><span class='ocrx_word' id='word_1_260' title='bbox 252 1597 293 1622; x_wconf 83' lang='lat' dir='ltr'>ea</span> <span class='ocrx_word' id='word_1_261' title='bbox 308 1587 518 1636; x_wconf 72' lang='lat' dir='ltr'>conultaszt,</span> <span class='ocrx_word' id='word_1_262' title='bbox 538 1584 761 1638; x_wconf 61' lang='lat' dir='ltr'>perduxisse,</span> <span class='ocrx_word' id='word_1_263' title='bbox 790 1585 842 1629; x_wconf 58' lang='lat'>&amp;³</span> <span class='ocrx_word' id='word_1_264' title='bbox 859 1587 1132 1638; x_wconf 67' lang='lat' dir='ltr'>Rempzihlicmn,</span> <span class='ocrx_word' id='word_1_265' title='bbox 1165 1586 1212 1625; x_wconf 88' lang='lat' dir='ltr'>ad</span> <span class='ocrx_word' id='word_1_266' title='bbox 1236 1588 1336 1626; x_wconf 89' lang='lat' dir='ltr'>illam</span> <span class='ocrx_word' id='word_1_267' title='bbox 1358 1595 1485 1624; x_wconf 90' lang='lat' dir='ltr'>autem</span> <span class='ocrx_word' id='word_1_268' title='bbox 1514 1585 1809 1638; x_wconf 77' lang='lat' dir='ltr'>comparandam</span> <span class='ocrx_word' id='word_1_269' title='bbox 1828 1587 2002 1625; x_wconf 81' lang='lat' dir='ltr'>notitiam</span> <span class='ocrx_word' id='word_1_270' title='bbox 2021 1588 2078 1627; x_wconf 85' lang='lat' dir='ltr'>in·</span> <span class='ocrx_word' id='word_1_271' title='bbox 2112 1619 2113 1635; x_wconf 41' lang='lat'>2</span> 
     </span>
     <span class='ocr_line' id='line_1_29' title="bbox 254 1643 2113 1701; baseline 0.001 -19"><span class='ocrx_word' id='word_1_272' title='bbox 254 1643 392 1684; x_wconf 87' lang='lat' dir='ltr'>dustria</span> <span class='ocrx_word' id='word_1_273' title='bbox 416 1657 515 1696; x_wconf 87' lang='lat' dir='ltr'>opus</span> <span class='ocrx_word' id='word_1_274' title='bbox 537 1644 613 1694; x_wconf 79' lang='lat' dir='ltr'>est,</span> <span class='ocrx_word' id='word_1_275' title='bbox 644 1658 771 1697; x_wconf 91' lang='lat' dir='ltr'>neque</span> <span class='ocrx_word' id='word_1_276' title='bbox 798 1646 899 1684; x_wconf 88' lang='lat' dir='ltr'>enim</span> <span class='ocrx_word' id='word_1_277' title='bbox 924 1658 968 1685; x_wconf 78' lang='lat' dir='ltr'>ea</span> <span class='ocrx_word' id='word_1_278' title='bbox 991 1647 1228 1698; x_wconf 86' lang='lat' dir='ltr'>cognoscunt</span> <span class='ocrx_word' id='word_1_279' title='bbox 1249 1647 1373 1694; x_wconf 89' lang='lat' dir='ltr'>oculi,</span> <span class='ocrx_word' id='word_1_280' title='bbox 1399 1657 1484 1696; x_wconf 82' lang='lat' dir='ltr'>quae</span> <span class='ocrx_word' id='word_1_281' title='bbox 1516 1655 1604 1685; x_wconf 87' lang='lat' dir='ltr'>ante</span> <span class='ocrx_word' id='word_1_282' title='bbox 1631 1657 1710 1685; x_wconf 91' lang='lat' dir='ltr'>non</span> <span class='ocrx_word' id='word_1_283' title='bbox 1742 1646 1935 1686; x_wconf 84' lang='lat' dir='ltr'>viderunt.</span> <span class='ocrx_word' id='word_1_284' title='bbox 1997 1647 2081 1701; x_wconf 89' lang='lat' dir='ltr'>Qui</span> <span class='ocrx_word' id='word_1_285' title='bbox 2111 1673 2113 1683; x_wconf 42' lang='lat' dir='ltr'>i</span> 
     </span>
     <span class='ocr_line' id='line_1_30' title="bbox 249 1703 2074 1761; baseline 0.002 -18"><span class='ocrx_word' id='word_1_286' title='bbox 249 1706 369 1744; x_wconf 87' lang='lat' dir='ltr'>multa</span> <span class='ocrx_word' id='word_1_287' title='bbox 387 1703 459 1744; x_wconf 92' lang='lat' dir='ltr'>fuit</span> <span class='ocrx_word' id='word_1_288' title='bbox 480 1714 685 1756; x_wconf 82' lang='lat' dir='ltr'>expertus,</span> <span class='ocrx_word' id='word_1_289' title='bbox 718 1716 833 1756; x_wconf 84' lang='lat' dir='ltr'>atque.</span> <span class='ocrx_word' id='word_1_290' title='bbox 856 1707 977 1745; x_wconf 91' lang='lat' dir='ltr'>oculis</span> <span class='ocrx_word' id='word_1_291' title='bbox 988 1707 1183 1759; x_wconf 84' lang='lat' dir='ltr'>usurpavit</span> <span class='ocrx_word' id='word_1_292' title='bbox 1204 1708 1344 1755; x_wconf 87' lang='lat' dir='ltr'>multa,</span> <span class='ocrx_word' id='word_1_293' title='bbox 1375 1706 1411 1745; x_wconf 88' lang='lat' dir='ltr'>ei</span> <span class='ocrx_word' id='word_1_294' title='bbox 1435 1706 1692 1758; x_wconf 83' lang='lat' dir='ltr'>intelligentiae</span> <span class='ocrx_word' id='word_1_295' title='bbox 1715 1706 1844 1761; x_wconf 80' lang='lat' dir='ltr'>lumen</span> <span class='ocrx_word' id='word_1_296' title='bbox 1868 1707 2074 1757; x_wconf 86' lang='lat' dir='ltr'>suboritur,</span> 
     </span>
     <span class='ocr_line' id='line_1_31' title="bbox 250 1762 910 1820; baseline 0.002 -16"><span class='ocrx_word' id='word_1_297' title='bbox 250 1762 289 1804; x_wconf 86' lang='lat'>&amp;</span> <span class='ocrx_word' id='word_1_298' title='bbox 306 1775 513 1805; x_wconf 88' lang='lat' dir='ltr'>occurrunt</span> <span class='ocrx_word' id='word_1_299' title='bbox 530 1764 642 1805; x_wconf 81' lang='lat' dir='ltr'>facile</span> <span class='ocrx_word' id='word_1_300' title='bbox 669 1765 743 1820; x_wconf 76' lang='lat' dir='ltr'>(g)</span> <span class='ocrx_word' id='word_1_301' title='bbox 771 1763 910 1805; x_wconf 88' lang='lat' dir='ltr'>media.</span> 
     </span>
    </p>

    <p class='ocr_par' dir='ltr' id='par_1_10' title="bbox 236 1822 2109 2359">
     <span class='ocr_line' id='line_1_32' title="bbox 420 1822 2109 1878; baseline 0.002 -14"><span class='ocrx_word' id='word_1_302' title='bbox 420 1823 457 1876; x_wconf 57' lang='grc' dir='ltr'>ἕ.</span> <span class='ocrx_word' id='word_1_303' title='bbox 487 1824 611 1865; x_wconf 83' lang='lat' dir='ltr'>Tanta</span> <span class='ocrx_word' id='word_1_304' title='bbox 631 1826 684 1866; x_wconf 86' lang='lat' dir='ltr'>est</span> <span class='ocrx_word' id='word_1_305' title='bbox 706 1827 934 1872; x_wconf 87' lang='lat' dir='ltr'>oculorum,</span> <span class='ocrx_word' id='word_1_306' title='bbox 966 1825 1173 1878; x_wconf 85' lang='lat' dir='ltr'>cordisque</span> <span class='ocrx_word' id='word_1_307' title='bbox 1203 1825 1402 1866; x_wconf 80' lang='lat' dir='ltr'>consensio</span> <span class='ocrx_word' id='word_1_308' title='bbox 1424 1834 1578 1875; x_wconf 86' lang='lat' dir='ltr'>mutua,</span> <span class='ocrx_word' id='word_1_309' title='bbox 1608 1834 1652 1865; x_wconf 90' lang='lat' dir='ltr'>ut</span> <span class='ocrx_word' id='word_1_310' title='bbox 1675 1825 1785 1877; x_wconf 87' lang='lat' dir='ltr'>hujus</span> <span class='ocrx_word' id='word_1_311' title='bbox 1816 1822 1999 1876; x_wconf 64' lang='lat' dir='ltr'>affectus,</span> <span class='ocrx_word' id='word_1_312' title='bbox 2031 1839 2076 1868; x_wconf 89' lang='lat' dir='ltr'>ac</span> <span class='ocrx_word' id='word_1_313' title='bbox 2108 1825 2109 1833; x_wconf 53' lang='lat'>³</span> 
     </span>
     <span class='ocr_line' id='line_1_33' title="bbox 248 1883 2108 1939; baseline 0.002 -17"><span class='ocrx_word' id='word_1_314' title='bbox 248 1883 435 1934; x_wconf 80' lang='lat' dir='ltr'>paffiones</span> <span class='ocrx_word' id='word_1_315' title='bbox 451 1898 546 1924; x_wconf 88' lang='lat' dir='ltr'>mox</span> <span class='ocrx_word' id='word_1_316' title='bbox 573 1886 619 1924; x_wconf 83' lang='lat' dir='ltr'>ad</span> <span class='ocrx_word' id='word_1_317' title='bbox 638 1886 723 1925; x_wconf 86' lang='lat' dir='ltr'>illos</span> <span class='ocrx_word' id='word_1_318' title='bbox 743 1897 902 1937; x_wconf 87' lang='lat' dir='ltr'>quoque</span> <span class='ocrx_word' id='word_1_319' title='bbox 919 1885 1169 1939; x_wconf 77' lang='lat' dir='ltr'>deriventur3</span> <span class='ocrx_word' id='word_1_320' title='bbox 1200 1887 1225 1925; x_wconf 86' lang='lat' dir='ltr'>si</span> <span class='ocrx_word' id='word_1_321' title='bbox 1249 1885 1351 1925; x_wconf 86' lang='lat' dir='ltr'>triste</span> <span class='ocrx_word' id='word_1_322' title='bbox 1381 1886 1471 1924; x_wconf 90' lang='lat' dir='ltr'>illud</span> <span class='ocrx_word' id='word_1_323' title='bbox 1499 1885 1564 1935; x_wconf 82' lang='lat' dir='ltr'>sit,</span> <span class='ocrx_word' id='word_1_324' title='bbox 1595 1886 1632 1925; x_wconf 90' lang='lat' dir='ltr'>hi</span> <span class='ocrx_word' id='word_1_325' title='bbox 1667 1896 1822 1926; x_wconf 85' lang='lat' dir='ltr'>manant</span> <span class='ocrx_word' id='word_1_326' title='bbox 1847 1887 2074 1937; x_wconf 83' lang='lat' dir='ltr'>lachrymis;</span> <span class='ocrx_word' id='word_1_327' title='bbox 2106 1897 2108 1901; x_wconf 77' lang='grc'>’</span> 
     </span>
     <span class='ocr_line' id='line_1_34' title="bbox 247 1942 2076 1996; baseline 0.002 -13"><span class='ocrx_word' id='word_1_328' title='bbox 247 1942 276 1983; x_wconf 88' lang='lat' dir='ltr'>sl</span> <span class='ocrx_word' id='word_1_329' title='bbox 301 1943 436 1982; x_wconf 71' lang='lat' dir='ltr'>contra</span> <span class='ocrx_word' id='word_1_330' title='bbox 469 1946 596 1984; x_wconf 88' lang='lat' dir='ltr'>laetum</span> <span class='ocrx_word' id='word_1_331' title='bbox 631 1945 751 1985; x_wconf 88' lang='lat' dir='ltr'>sereni</span> <span class='ocrx_word' id='word_1_332' title='bbox 780 1945 885 1992; x_wconf 88' lang='lat' dir='ltr'>sunt,</span> <span class='ocrx_word' id='word_1_333' title='bbox 916 1947 1144 1996; x_wconf 85' lang='lat' dir='ltr'>amoenique.</span> <span class='ocrx_word' id='word_1_334' title='bbox 1206 1944 1293 1985; x_wconf 81' lang='lat' dir='ltr'>Nili</span> <span class='ocrx_word' id='word_1_335' title='bbox 1323 1945 1568 1984; x_wconf 83' lang='lat' dir='ltr'>Consiliarius</span> <span class='ocrx_word' id='word_1_336' title='bbox 1598 1946 1731 1985; x_wconf 80' lang='lat' dir='ltr'>intime</span> <span class='ocrx_word' id='word_1_337' title='bbox 1761 1947 1868 1986; x_wconf 89' lang='lat' dir='ltr'>suum</span> <span class='ocrx_word' id='word_1_338' title='bbox 1899 1947 2076 1988; x_wconf 83' lang='lat' dir='ltr'>dilexerit</span> 
     </span>
     <span class='ocr_line' id='line_1_35' title="bbox 245 2000 2071 2058; baseline 0.002 -16"><span class='ocrx_word' id='word_1_339' title='bbox 245 2000 486 2056; x_wconf 82' lang='lat' dir='ltr'>Principem,</span> <span class='ocrx_word' id='word_1_340' title='bbox 516 2006 568 2044; x_wconf 88' lang='lat' dir='ltr'>ita</span> <span class='ocrx_word' id='word_1_341' title='bbox 607 2015 649 2045; x_wconf 89' lang='lat' dir='ltr'>ut</span> <span class='ocrx_word' id='word_1_342' title='bbox 673 2005 869 2045; x_wconf 86' lang='lat' dir='ltr'>fortunam</span> <span class='ocrx_word' id='word_1_343' title='bbox 904 2004 984 2055; x_wconf 85' lang='lat' dir='ltr'>ejus</span> <span class='ocrx_word' id='word_1_344' title='bbox 1017 2004 1241 2053; x_wconf 84' lang='lat' dir='ltr'>adversam,</span> <span class='ocrx_word' id='word_1_345' title='bbox 1272 2013 1337 2043; x_wconf 86' lang='lat' dir='ltr'>aut</span> <span class='ocrx_word' id='word_1_346' title='bbox 1369 2004 1589 2056; x_wconf 74' lang='lat' dir='ltr'>prosperam</span> <span class='ocrx_word' id='word_1_347' title='bbox 1627 2005 1729 2055; x_wconf 85' lang='lat' dir='ltr'>quasi</span> <span class='ocrx_word' id='word_1_348' title='bbox 1761 2006 1864 2045; x_wconf 89' lang='lat' dir='ltr'>suam</span> <span class='ocrx_word' id='word_1_349' title='bbox 1893 2017 2071 2058; x_wconf 87' lang='lat' dir='ltr'>reputet,</span> 
     </span>
     <span class='ocr_line' id='line_1_36' title="bbox 244 2056 2104 2117; baseline 0.002 -15"><span class='ocrx_word' id='word_1_350' title='bbox 244 2062 349 2102; x_wconf 84' lang='lat' dir='ltr'>haud</span> <span class='ocrx_word' id='word_1_351' title='bbox 375 2065 537 2104; x_wconf 87' lang='lat' dir='ltr'>multum</span> <span class='ocrx_word' id='word_1_352' title='bbox 562 2076 691 2117; x_wconf 87' lang='lat' dir='ltr'>operae</span> <span class='ocrx_word' id='word_1_353' title='bbox 724 2066 761 2106; x_wconf 71' lang='grc' dir='ltr'>δε</span> <span class='ocrx_word' id='word_1_354' title='bbox 784 2077 884 2105; x_wconf 86' lang='lat' dir='ltr'>curae</span> <span class='ocrx_word' id='word_1_355' title='bbox 915 2075 1038 2115; x_wconf 88' lang='lat' dir='ltr'>ponet</span> <span class='ocrx_word' id='word_1_356' title='bbox 1060 2066 1098 2104; x_wconf 91' lang='lat' dir='ltr'>in</span> <span class='ocrx_word' id='word_1_357' title='bbox 1120 2065 1253 2105; x_wconf 87' lang='lat' dir='ltr'>dandis</span> <span class='ocrx_word' id='word_1_358' title='bbox 1279 2065 1468 2107; x_wconf 78' lang='lat' dir='ltr'>consiliis:</span> <span class='ocrx_word' id='word_1_359' title='bbox 1501 2076 1618 2114; x_wconf 81' lang='lat' dir='ltr'>quare</span> <span class='ocrx_word' id='word_1_360' title='bbox 1635 2064 1741 2104; x_wconf 67' lang='lat' dir='ltr'>recte</span> <span class='ocrx_word' id='word_1_361' title='bbox 1769 2067 1864 2105; x_wconf 82' lang='lat' dir='ltr'>dixit</span> <span class='ocrx_word' id='word_1_362' title='bbox 1891 2066 1980 2106; x_wconf 82' lang='lat' dir='ltr'>Rex</span> <span class='ocrx_word' id='word_1_363' title='bbox 2004 2071 2071 2109; x_wconf 84' lang='lat' dir='ltr'>Al-</span> <span class='ocrx_word' id='word_1_364' title='bbox 2093 2056 2104 2115; x_wconf 58' lang='lat'>¹?</span> 
     </span>
     <span class='ocr_line' id='line_1_37' title="bbox 243 2121 2067 2180; baseline 0.002 -16"><span class='ocrx_word' id='word_1_365' title='bbox 243 2124 418 2175; x_wconf 87' lang='lat' dir='ltr'>phonsus</span> <span class='ocrx_word' id='word_1_366' title='bbox 443 2123 625 2176; x_wconf 82' lang='lat' dir='ltr'>Sapiens;</span> <span class='ocrx_word' id='word_1_367' title='bbox 656 2121 729 2180; x_wconf 74' lang='lat' dir='ltr'>(h)</span> <span class='ocrx_word' id='word_1_368' title='bbox 761 2137 827 2179; x_wconf 65' lang='lat' dir='ltr'>qne</span> <span class='ocrx_word' id='word_1_369' title='bbox 846 2124 894 2163; x_wconf 81' lang='lat' dir='ltr'>Ios</span> <span class='ocrx_word' id='word_1_370' title='bbox 916 2123 1102 2177; x_wconf 64' lang='lat' dir='ltr'>Corffe&#39;jeros</span> <span class='ocrx_word' id='word_1_371' title='bbox 1128 2138 1174 2165; x_wconf 73' lang='lat' dir='ltr'>an</span> <span class='ocrx_word' id='word_1_372' title='bbox 1194 2124 1235 2164; x_wconf 79' lang='lat' dir='ltr'>de</span> <span class='ocrx_word' id='word_1_373' title='bbox 1251 2121 1300 2169; x_wconf 53' lang='grc' dir='ltr'>ὧν</span> <span class='ocrx_word' id='word_1_374' title='bbox 1320 2127 1446 2176; x_wconf 76' lang='lat' dir='ltr'>amigos</span> <span class='ocrx_word' id='word_1_375' title='bbox 1468 2122 1520 2162; x_wconf 76' lang='lat' dir='ltr'>del</span> <span class='ocrx_word' id='word_1_376' title='bbox 1534 2124 1622 2176; x_wconf 67' lang='lat' dir='ltr'>Rey.</span> <span class='ocrx_word' id='word_1_377' title='bbox 1686 2124 1764 2177; x_wconf 79' lang='lat' dir='ltr'>Cast</span> <span class='ocrx_word' id='word_1_378' title='bbox 1782 2126 1868 2165; x_wconf 80' lang='lat' dir='ltr'>tales</span> <span class='ocrx_word' id='word_1_379' title='bbox 1894 2139 1934 2166; x_wconf 81' lang='lat' dir='ltr'>no</span> <span class='ocrx_word' id='word_1_380' title='bbox 1951 2125 2067 2180; x_wconf 63' lang='lat' dir='ltr'><em>fthsb.</em></span> 
     </span>
     <span class='ocr_line' id='line_1_38' title="bbox 236 2180 2101 2238; baseline 0.003 -16"><span class='ocrx_word' id='word_1_381' title='bbox 236 2182 346 2235; x_wconf 76' lang='lat' dir='ltr'>poder</span> <span class='ocrx_word' id='word_1_382' title='bbox 362 2184 390 2223; x_wconf 84' lang='lat' dir='ltr'>lo</span> <span class='ocrx_word' id='word_1_383' title='bbox 404 2184 453 2236; x_wconf 66' lang='lat' dir='ltr'>yci</span> <span class='ocrx_word' id='word_1_384' title='bbox 480 2183 562 2223; x_wconf 77' lang='lat' dir='ltr'>ende</span> <span class='ocrx_word' id='word_1_385' title='bbox 583 2187 687 2225; x_wconf 75' lang='lat' dir='ltr'>venir</span> <span class='ocrx_word' id='word_1_386' title='bbox 709 2198 806 2238; x_wconf 67' lang='lat' dir='ltr'>gram</span> <span class='ocrx_word' id='word_1_387' title='bbox 817 2184 970 2235; x_wconf 74' lang='lat' dir='ltr'>pelz&#39;gro,</span> <span class='ocrx_word' id='word_1_388' title='bbox 992 2192 1127 2238; x_wconf 71' lang='lat' dir='ltr'>porque</span> <span class='ocrx_word' id='word_1_389' title='bbox 1143 2197 1286 2224; x_wconf 68' lang='lat' dir='ltr'>mmm:</span> <span class='ocrx_word' id='word_1_390' title='bbox 1304 2184 1350 2223; x_wconf 86' lang='lat' dir='ltr'>los</span> <span class='ocrx_word' id='word_1_391' title='bbox 1373 2197 1438 2238; x_wconf 79' lang='lat' dir='ltr'>que</span> <span class='ocrx_word' id='word_1_392' title='bbox 1459 2185 1481 2223; x_wconf 74' lang='grc' dir='ltr'><em>ἁ</em></span> <span class='ocrx_word' id='word_1_393' title='bbox 1503 2196 1571 2222; x_wconf 80' lang='lat' dir='ltr'>ome</span> <span class='ocrx_word' id='word_1_394' title='bbox 1596 2180 1750 2233; x_wconf 73' lang='lat' dir='ltr'>desaman</span> <span class='ocrx_word' id='word_1_395' title='bbox 1766 2215 1778 2233; x_wconf 85' lang='lat'>,</span> <span class='ocrx_word' id='word_1_396' title='bbox 1808 2185 1976 2237; x_wconf 73' lang='lat' dir='ltr'>lepueden</span> <span class='ocrx_word' id='word_1_397' title='bbox 1995 2189 2066 2229; x_wconf 76' lang='lat' dir='ltr'>bien</span> <span class='ocrx_word' id='word_1_398' title='bbox 2099 2191 2101 2198; x_wconf 81' lang='lat'><em>&#39;</em></span> 
     </span>
     <span class='ocr_line' id='line_1_39' title="bbox 241 2239 2100 2308; baseline 0.004 -27"><span class='ocrx_word' id='word_1_399' title='bbox 241 2239 430 2298; x_wconf 65' lang='lat' dir='ltr'>acoafiy&#39;ar,</span> <span class='ocrx_word' id='word_1_400' title='bbox 461 2246 499 2285; x_wconf 81' lang='lat' dir='ltr'>m&#39;</span> <span class='ocrx_word' id='word_1_401' title='bbox 513 2244 693 2285; x_wconf 73' lang='lat' dir='ltr'>lealmente.</span> <span class='ocrx_word' id='word_1_402' title='bbox 755 2244 967 2295; x_wconf 71' lang='lat' dir='ltr'>Corfiliarios</span> <span class='ocrx_word' id='word_1_403' title='bbox 982 2246 1132 2286; x_wconf 55' lang='lat' dir='ltr'>amaritia</span> <span class='ocrx_word' id='word_1_404' title='bbox 1149 2243 1365 2298; x_wconf 34' lang='lat' dir='ltr'>regi-jcmffi-‘os</span> <span class='ocrx_word' id='word_1_405' title='bbox 1386 2240 1445 2297; x_wconf 71' lang='lat' dir='ltr'>effi</span> <span class='ocrx_word' id='word_1_406' title='bbox 1469 2249 1618 2295; x_wconf 75' lang='lat' dir='ltr'>oportere</span> <span class='ocrx_word' id='word_1_407' title='bbox 1624 2257 1637 2292; x_wconf 91' lang='grc'>,·</span> <span class='ocrx_word' id='word_1_408' title='bbox 1667 2245 1724 2284; x_wconf 83' lang='lat' dir='ltr'>hoc</span> <span class='ocrx_word' id='word_1_409' title='bbox 1740 2246 1825 2284; x_wconf 69' lang='lat' dir='ltr'>enim</span> <span class='ocrx_word' id='word_1_410' title='bbox 1839 2243 1876 2296; x_wconf 79' lang='lat' dir='ltr'><em>ss</em></span> <span class='ocrx_word' id='word_1_411' title='bbox 1888 2245 1977 2298; x_wconf 72' lang='lat' dir='ltr'>absit</span> <span class='ocrx_word' id='word_1_412' title='bbox 1990 2279 2001 2297; x_wconf 93' lang='lat'>,</span> <span class='ocrx_word' id='word_1_413' title='bbox 2028 2250 2066 2288; x_wconf 74' lang='lat' dir='ltr'>in</span> <span class='ocrx_word' id='word_1_414' title='bbox 2097 2285 2100 2308; x_wconf 50' lang='grc' dir='ltr'>Ι</span> 
     </span>
     <span class='ocr_line' id='line_1_40' title="bbox 243 2299 2062 2359; baseline 0.003 -17"><span class='ocrx_word' id='word_1_415' title='bbox 243 2305 392 2343; x_wconf 56' lang='lat' dir='ltr'>maxiem</span> <span class='ocrx_word' id='word_1_416' title='bbox 408 2299 471 2354; x_wconf 62' lang='lat' dir='ltr'>ipsc}</span> <span class='ocrx_word' id='word_1_417' title='bbox 494 2302 685 2354; x_wconf 60' lang='lat' dir='ltr'>discrimina</span> <span class='ocrx_word' id='word_1_418' title='bbox 700 2304 826 2346; x_wconf 76' lang='lat' dir='ltr'>adduci</span> <span class='ocrx_word' id='word_1_419' title='bbox 838 2301 949 2354; x_wconf 75' lang='lat' dir='ltr'>facile</span> <span class='ocrx_word' id='word_1_420' title='bbox 956 2301 1082 2358; x_wconf 73' lang='lat' dir='ltr'>pcffit‚</span> <span class='ocrx_word' id='word_1_421' title='bbox 1115 2304 1160 2344; x_wconf 80' lang='lat' dir='ltr'>ab</span> <span class='ocrx_word' id='word_1_422' title='bbox 1174 2302 1313 2357; x_wconf 55' lang='lat' dir='ltr'>infensis</span> <span class='ocrx_word' id='word_1_423' title='bbox 1331 2306 1452 2358; x_wconf 69' lang='lat' dir='ltr'>quippe</span> <span class='ocrx_word' id='word_1_424' title='bbox 1468 2304 1592 2344; x_wconf 75' lang='lat' dir='ltr'>animis</span> <span class='ocrx_word' id='word_1_425' title='bbox 1606 2317 1781 2359; x_wconf 68' lang='lat' dir='ltr'>uunquam</span> <span class='ocrx_word' id='word_1_426' title='bbox 1796 2303 1973 2358; x_wconf 57' lang='lat' dir='ltr'>adfinia,</span> <span class='ocrx_word' id='word_1_427' title='bbox 1997 2315 2062 2348; x_wconf 75' lang='lat' dir='ltr'>aut</span> 
     </span>
    </p>
   </div>
   <div class='ocr_carea' id='block_1_10' title="bbox 230 2360 2059 2475">
    <p class='ocr_par' dir='ltr' id='par_1_11' title="bbox 230 2360 2059 2475">
     <span class='ocr_line' id='line_1_41' title="bbox 230 2360 839 2416; baseline 0.003 -14"><span class='ocrx_word' id='word_1_428' title='bbox 230 2360 409 2415; x_wconf 78' lang='lat' dir='ltr'>salutaria</span> <span class='ocrx_word' id='word_1_429' title='bbox 429 2362 556 2415; x_wconf 59' lang='lat' dir='ltr'>(Offfill&#39;a</span> <span class='ocrx_word' id='word_1_430' title='bbox 567 2362 839 2416; x_wconf 73' lang='lat' dir='ltr'>proficiscuntur.</span> 
     </span>
     <span class='ocr_line' id='line_1_42' title="bbox 411 2419 2059 2475; baseline 0.001 -13"><span class='ocrx_word' id='word_1_431' title='bbox 411 2421 447 2474; x_wconf 54' lang='grc' dir='ltr'>ἕ.</span> <span class='ocrx_word' id='word_1_432' title='bbox 480 2422 579 2464; x_wconf 92' lang='lat' dir='ltr'>Non</span> <span class='ocrx_word' id='word_1_433' title='bbox 607 2425 732 2464; x_wconf 77' lang='lat' dir='ltr'>finunt</span> <span class='ocrx_word' id='word_1_434' title='bbox 753 2425 879 2472; x_wconf 82' lang='lat' dir='ltr'>oculi,</span> <span class='ocrx_word' id='word_1_435' title='bbox 912 2432 955 2463; x_wconf 91' lang='lat' dir='ltr'>ut</span> <span class='ocrx_word' id='word_1_436' title='bbox 981 2422 1120 2475; x_wconf 81' lang='lat' dir='ltr'>digitus</span> <span class='ocrx_word' id='word_1_437' title='bbox 1145 2423 1278 2474; x_wconf 84' lang='lat' dir='ltr'>aliquis</span> <span class='ocrx_word' id='word_1_438' title='bbox 1298 2419 1537 2462; x_wconf 79' lang='lat' dir='ltr'>artificiosam</span> <span class='ocrx_word' id='word_1_439' title='bbox 1571 2422 1785 2463; x_wconf 87' lang='lat' dir='ltr'>eorundem</span> <span class='ocrx_word' id='word_1_440' title='bbox 1809 2422 2028 2463; x_wconf 60' lang='lat' dir='ltr'>structuram</span> <span class='ocrx_word' id='word_1_441' title='bbox 2045 2453 2059 2473; x_wconf 95' lang='lat'>,</span> 
     </span>
    </p>
   </div>
   <div class='ocr_carea' id='block_1_11' title="bbox 234 2480 2090 2955">
    <p class='ocr_par' dir='ltr' id='par_1_12' title="bbox 235 2480 2058 2719">
     <span class='ocr_line' id='line_1_43' title="bbox 241 2480 2058 2541; baseline 0.002 -21"><span class='ocrx_word' id='word_1_442' title='bbox 241 2480 281 2521; x_wconf 87' lang='lat'>&amp;</span> <span class='ocrx_word' id='word_1_443' title='bbox 306 2480 488 2522; x_wconf 80' lang='lat' dir='ltr'>fabricam</span> <span class='ocrx_word' id='word_1_444' title='bbox 517 2483 767 2541; x_wconf 63' lang='lat' dir='ltr'>contrectetg</span> <span class='ocrx_word' id='word_1_445' title='bbox 799 2485 966 2535; x_wconf 88' lang='lat' dir='ltr'>tempori</span> <span class='ocrx_word' id='word_1_446' title='bbox 982 2483 1128 2523; x_wconf 87' lang='lat' dir='ltr'>abdunt</span> <span class='ocrx_word' id='word_1_447' title='bbox 1151 2483 1246 2532; x_wconf 83' lang='lat' dir='ltr'>sese,</span> <span class='ocrx_word' id='word_1_448' title='bbox 1278 2482 1314 2522; x_wconf 88' lang='lat'>&amp;</span> <span class='ocrx_word' id='word_1_449' title='bbox 1341 2483 1534 2533; x_wconf 82' lang='lat' dir='ltr'>palpebris</span> <span class='ocrx_word' id='word_1_450' title='bbox 1554 2492 1777 2535; x_wconf 89' lang='lat' dir='ltr'>contegunt.</span> <span class='ocrx_word' id='word_1_451' title='bbox 1845 2484 2058 2537; x_wconf 85' lang='lat' dir='ltr'>Quantum-</span> 
     </span>
     <span class='ocr_line' id='line_1_44' title="bbox 241 2541 2058 2598; baseline 0.002 -17"><span class='ocrx_word' id='word_1_452' title='bbox 241 2543 299 2582; x_wconf 90' lang='lat' dir='ltr'>vis</span> <span class='ocrx_word' id='word_1_453' title='bbox 319 2542 563 2584; x_wconf 78' lang='lat' dir='ltr'>Consiliarius</span> <span class='ocrx_word' id='word_1_454' title='bbox 591 2547 804 2598; x_wconf 81' lang='lat' dir='ltr'>intelligens</span> <span class='ocrx_word' id='word_1_455' title='bbox 824 2546 867 2584; x_wconf 82' lang='lat' dir='ltr'>iit</span> <span class='ocrx_word' id='word_1_456' title='bbox 882 2574 893 2593; x_wconf 88' lang='lat'>,</span> <span class='ocrx_word' id='word_1_457' title='bbox 925 2556 969 2583; x_wconf 90' lang='lat' dir='ltr'>ac</span> <span class='ocrx_word' id='word_1_458' title='bbox 989 2544 1158 2596; x_wconf 87' lang='lat' dir='ltr'>prudens</span> <span class='ocrx_word' id='word_1_459' title='bbox 1193 2545 1231 2583; x_wconf 93' lang='lat' dir='ltr'>in</span> <span class='ocrx_word' id='word_1_460' title='bbox 1257 2542 1327 2583; x_wconf 86' lang='lat' dir='ltr'>suis</span> <span class='ocrx_word' id='word_1_461' title='bbox 1345 2541 1553 2595; x_wconf 79' lang='lat' dir='ltr'>Consiliis3</span> <span class='ocrx_word' id='word_1_462' title='bbox 1584 2542 1613 2582; x_wconf 90' lang='lat' dir='ltr'><strong>fi</strong></span> <span class='ocrx_word' id='word_1_463' title='bbox 1638 2552 1765 2583; x_wconf 84' lang='lat' dir='ltr'>tamen</span> <span class='ocrx_word' id='word_1_464' title='bbox 1787 2542 1902 2582; x_wconf 73' lang='lat' dir='ltr'>facilis</span> <span class='ocrx_word' id='word_1_465' title='bbox 1920 2542 2058 2594; x_wconf 88' lang='lat' dir='ltr'>fuerit,</span> 
     </span>
     <span class='ocr_line' id='line_1_45' title="bbox 238 2602 2056 2658; baseline 0 -15"><span class='ocrx_word' id='word_1_466' title='bbox 238 2602 276 2656; x_wconf 61' lang='grc' dir='ltr'>ἃ</span> <span class='ocrx_word' id='word_1_467' title='bbox 295 2603 392 2644; x_wconf 84' lang='lat' dir='ltr'>levis</span> <span class='ocrx_word' id='word_1_468' title='bbox 410 2605 446 2643; x_wconf 88' lang='lat' dir='ltr'>in</span> <span class='ocrx_word' id='word_1_469' title='bbox 472 2604 685 2656; x_wconf 85' lang='lat' dir='ltr'>pandendis</span> <span class='ocrx_word' id='word_1_470' title='bbox 712 2606 886 2652; x_wconf 83' lang='lat' dir='ltr'>secretis;</span> <span class='ocrx_word' id='word_1_471' title='bbox 919 2604 945 2644; x_wconf 83' lang='lat' dir='ltr'>si</span> <span class='ocrx_word' id='word_1_472' title='bbox 965 2605 1103 2658; x_wconf 83' lang='lat' dir='ltr'>digitos</span> <span class='ocrx_word' id='word_1_473' title='bbox 1119 2604 1185 2644; x_wconf 79' lang='lat' dir='ltr'>sibi</span> <span class='ocrx_word' id='word_1_474' title='bbox 1204 2605 1242 2643; x_wconf 90' lang='lat' dir='ltr'>in</span> <span class='ocrx_word' id='word_1_475' title='bbox 1257 2604 1433 2642; x_wconf 84' lang='lat' dir='ltr'>intimum</span> <span class='ocrx_word' id='word_1_476' title='bbox 1454 2602 1590 2654; x_wconf 69' lang='lat' dir='ltr'>pectus</span> <span class='ocrx_word' id='word_1_477' title='bbox 1607 2604 1759 2644; x_wconf 87' lang='lat' dir='ltr'>immitti</span> <span class='ocrx_word' id='word_1_478' title='bbox 1769 2602 1949 2657; x_wconf 82' lang='lat' dir='ltr'>patiatur,</span> <span class='ocrx_word' id='word_1_479' title='bbox 1970 2605 2056 2654; x_wconf 83' lang='lat' dir='ltr'>plus</span> 
     </span>
     <span class='ocr_line' id='line_1_46' title="bbox 235 2662 2054 2719; baseline 0.001 -16"><span class='ocrx_word' id='word_1_480' title='bbox 235 2665 463 2704; x_wconf 87' lang='lat' dir='ltr'>nocumenti</span> <span class='ocrx_word' id='word_1_481' title='bbox 497 2665 647 2706; x_wconf 88' lang='lat' dir='ltr'>adferet</span> <span class='ocrx_word' id='word_1_482' title='bbox 684 2666 874 2719; x_wconf 87' lang='lat' dir='ltr'>Principi,</span> <span class='ocrx_word' id='word_1_483' title='bbox 903 2665 1020 2716; x_wconf 75' lang='lat' dir='ltr'>quam</span> <span class='ocrx_word' id='word_1_484' title='bbox 1052 2664 1294 2705; x_wconf 79' lang='lat' dir='ltr'>Consiliarius</span> <span class='ocrx_word' id='word_1_485' title='bbox 1325 2663 1458 2714; x_wconf 84' lang='lat' dir='ltr'>aliquis</span> <span class='ocrx_word' id='word_1_486' title='bbox 1482 2664 1658 2716; x_wconf 88' lang='lat' dir='ltr'>ignorans</span> <span class='ocrx_word' id='word_1_487' title='bbox 1690 2664 1727 2706; x_wconf 88' lang='lat'>&amp;</span> <span class='ocrx_word' id='word_1_488' title='bbox 1758 2662 1876 2703; x_wconf 84' lang='lat' dir='ltr'>rudis:</span> <span class='ocrx_word' id='word_1_489' title='bbox 1906 2663 2054 2704; x_wconf 87' lang='lat' dir='ltr'>nullum</span> 
     </span>
    </p>

    <p class='ocr_par' dir='ltr' id='par_1_13' title="bbox 234 2711 2090 2963">
     <span class='ocr_line' id='line_1_47' title="bbox 235 2711 2090 2777; baseline 0.001 -15"><span class='ocrx_word' id='word_1_490' title='bbox 235 2725 338 2763; x_wconf 90' lang='lat' dir='ltr'>enirn</span> <span class='ocrx_word' id='word_1_491' title='bbox 357 2725 504 2766; x_wconf 90' lang='lat' dir='ltr'>bonum</span> <span class='ocrx_word' id='word_1_492' title='bbox 522 2726 722 2768; x_wconf 88' lang='lat' dir='ltr'>consilium</span> <span class='ocrx_word' id='word_1_493' title='bbox 743 2725 819 2777; x_wconf 89' lang='lat' dir='ltr'>est,</span> <span class='ocrx_word' id='word_1_494' title='bbox 850 2726 877 2766; x_wconf 84' lang='lat' dir='ltr'>fi</span> <span class='ocrx_word' id='word_1_495' title='bbox 894 2725 1080 2765; x_wconf 85' lang='lat' dir='ltr'>secretum</span> <span class='ocrx_word' id='word_1_496' title='bbox 1100 2737 1178 2764; x_wconf 92' lang='lat' dir='ltr'>non</span> <span class='ocrx_word' id='word_1_497' title='bbox 1198 2733 1370 2772; x_wconf 84' lang='lat' dir='ltr'>maneat,</span> <span class='ocrx_word' id='word_1_498' title='bbox 1399 2722 1519 2763; x_wconf 76' lang='lat' dir='ltr'>immo</span> <span class='ocrx_word' id='word_1_499' title='bbox 1537 2735 1619 2776; x_wconf 89' lang='lat' dir='ltr'>quae</span> <span class='ocrx_word' id='word_1_500' title='bbox 1636 2722 1741 2763; x_wconf 70' lang='lat' dir='ltr'>recte</span> <span class='ocrx_word' id='word_1_501' title='bbox 1762 2720 1899 2762; x_wconf 82' lang='lat' dir='ltr'>statuta</span> <span class='ocrx_word' id='word_1_502' title='bbox 1921 2720 2053 2772; x_wconf 73' lang='lat' dir='ltr'>fuere,</span> <span class='ocrx_word' id='word_1_503' title='bbox 2086 2711 2090 2750; x_wconf 65' lang='lat'>2&#39;</span> 
     </span>
     <span class='ocr_line' id='line_1_48' title="bbox 236 2780 2088 2838; baseline -0.001 -16"><span class='ocrx_word' id='word_1_504' title='bbox 236 2784 324 2835; x_wconf 89' lang='lat' dir='ltr'>plus</span> <span class='ocrx_word' id='word_1_505' title='bbox 359 2784 486 2824; x_wconf 87' lang='lat' dir='ltr'>damni</span> <span class='ocrx_word' id='word_1_506' title='bbox 514 2787 734 2835; x_wconf 86' lang='lat' dir='ltr'>accersunt,</span> <span class='ocrx_word' id='word_1_507' title='bbox 765 2787 792 2826; x_wconf 83' lang='lat' dir='ltr'><strong>fi</strong></span> <span class='ocrx_word' id='word_1_508' title='bbox 820 2796 909 2826; x_wconf 88' lang='lat' dir='ltr'>ante</span> <span class='ocrx_word' id='word_1_509' title='bbox 936 2796 1090 2838; x_wconf 84' lang='lat' dir='ltr'>tempus</span> <span class='ocrx_word' id='word_1_510' title='bbox 1133 2784 1377 2836; x_wconf 85' lang='lat' dir='ltr'>detegantur,</span> <span class='ocrx_word' id='word_1_511' title='bbox 1411 2782 1525 2834; x_wconf 76' lang='lat' dir='ltr'>quam</span> <span class='ocrx_word' id='word_1_512' title='bbox 1555 2785 1669 2823; x_wconf 89' lang='lat' dir='ltr'>etiam</span> <span class='ocrx_word' id='word_1_513' title='bbox 1708 2783 1841 2824; x_wconf 87' lang='lat' dir='ltr'>statuta</span> <span class='ocrx_word' id='word_1_514' title='bbox 1873 2780 1990 2831; x_wconf 78' lang='lat' dir='ltr'>male,</span> <span class='ocrx_word' id='word_1_515' title='bbox 2022 2783 2052 2825; x_wconf 84' lang='lat' dir='ltr'><strong>fi</strong></span> <span class='ocrx_word' id='word_1_516' title='bbox 2086 2780 2088 2795; x_wconf 65' lang='lat'><em>¹</em></span> 
     </span>
     <span class='ocr_line' id='line_1_49' title="bbox 234 2843 2085 2900; baseline 0.002 -19"><span class='ocrx_word' id='word_1_517' title='bbox 234 2853 326 2882; x_wconf 89' lang='lat' dir='ltr'>cum</span> <span class='ocrx_word' id='word_1_518' title='bbox 347 2843 494 2883; x_wconf 88' lang='lat' dir='ltr'>secreto</span> <span class='ocrx_word' id='word_1_519' title='bbox 518 2848 739 2886; x_wconf 79' lang='lat' dir='ltr'>executioni</span> <span class='ocrx_word' id='word_1_520' title='bbox 767 2846 1008 2887; x_wconf 87' lang='lat' dir='ltr'>mandentur.</span> <span class='ocrx_word' id='word_1_521' title='bbox 1074 2845 1205 2898; x_wconf 76' lang='lat' dir='ltr'>Fugiat</span> <span class='ocrx_word' id='word_1_522' title='bbox 1226 2845 1354 2895; x_wconf 85' lang='lat' dir='ltr'>itaque</span> <span class='ocrx_word' id='word_1_523' title='bbox 1389 2843 1630 2883; x_wconf 82' lang='lat' dir='ltr'>Consiliarius</span> <span class='ocrx_word' id='word_1_524' title='bbox 1660 2843 2050 2885; x_wconf 87' lang='lat' dir='ltr'>communicationem</span> <span class='ocrx_word' id='word_1_525' title='bbox 2083 2866 2085 2900; x_wconf 71' lang='lat' dir='ltr'>j</span> 
     </span>
     <span class='ocr_line' id='line_1_50' title="bbox 234 2901 2046 2955; baseline -0.001 -10"><span class='ocrx_word' id='word_1_526' title='bbox 234 2914 325 2945; x_wconf 90' lang='lat' dir='ltr'>cum</span> <span class='ocrx_word' id='word_1_527' title='bbox 347 2904 414 2951; x_wconf 88' lang='lat' dir='ltr'>iis,</span> <span class='ocrx_word' id='word_1_528' title='bbox 445 2906 603 2954; x_wconf 90' lang='lat' dir='ltr'>quinon</span> <span class='ocrx_word' id='word_1_529' title='bbox 627 2917 676 2945; x_wconf 87' lang='lat' dir='ltr'>ex</span> <span class='ocrx_word' id='word_1_530' title='bbox 694 2907 833 2946; x_wconf 89' lang='lat' dir='ltr'>eodem</span> <span class='ocrx_word' id='word_1_531' title='bbox 860 2904 942 2946; x_wconf 82' lang='lat' dir='ltr'>sunt</span> <span class='ocrx_word' id='word_1_532' title='bbox 960 2905 1152 2946; x_wconf 70' lang='lat' dir='ltr'>Consilio.-</span> <span class='ocrx_word' id='word_1_533' title='bbox 1182 2904 1366 2943; x_wconf 88' lang='lat' dir='ltr'>subducat</span> <span class='ocrx_word' id='word_1_534' title='bbox 1382 2903 1418 2943; x_wconf 89' lang='lat' dir='ltr'>se</span> <span class='ocrx_word' id='word_1_535' title='bbox 1436 2914 1570 2942; x_wconf 87' lang='lat' dir='ltr'>eorum</span> <span class='ocrx_word' id='word_1_536' title='bbox 1600 2901 1750 2955; x_wconf 86' lang='lat' dir='ltr'>digitis,</span> <span class='ocrx_word' id='word_1_537' title='bbox 1783 2903 1847 2952; x_wconf 88' lang='lat' dir='ltr'>qui</span> <span class='ocrx_word' id='word_1_538' title='bbox 1870 2903 2046 2945; x_wconf 85' lang='lat' dir='ltr'>intimum</span> 
     </span>
    </p>
   </div>
   <div class='ocr_carea' id='block_1_12' title="bbox 232 2961 2083 3074">
    <p class='ocr_par' dir='ltr' id='par_1_14' title="bbox 232 2961 2083 3074">
     <span class='ocr_line' id='line_1_51' title="bbox 232 2961 2083 3063; baseline -0.001 -58"><span class='ocrx_word' id='word_1_539' title='bbox 232 2962 405 3017; x_wconf 64' lang='lat' dir='ltr'>pectoris</span> <span class='ocrx_word' id='word_1_540' title='bbox 424 2963 503 3014; x_wconf 82' lang='lat' dir='ltr'>ejus</span> <span class='ocrx_word' id='word_1_541' title='bbox 518 2975 737 3016; x_wconf 86' lang='lat' dir='ltr'>pertentare</span> <span class='ocrx_word' id='word_1_542' title='bbox 749 2970 933 3021; x_wconf 87' lang='lat' dir='ltr'>cogitant.</span> <span class='ocrx_word' id='word_1_543' title='bbox 993 2965 1102 3007; x_wconf 87' lang='lat' dir='ltr'>Nam</span> <span class='ocrx_word' id='word_1_544' title='bbox 1122 2963 1151 3005; x_wconf 88' lang='lat' dir='ltr'><strong>fi</strong></span> <span class='ocrx_word' id='word_1_545' title='bbox 1173 2965 1212 3004; x_wconf 90' lang='lat' dir='ltr'>in</span> <span class='ocrx_word' id='word_1_546' title='bbox 1239 2964 1477 3015; x_wconf 88' lang='lat' dir='ltr'>colloquium</span> <span class='ocrx_word' id='word_1_547' title='bbox 1502 2962 1657 3014; x_wconf 87' lang='lat' dir='ltr'>aliquod</span> <span class='ocrx_word' id='word_1_548' title='bbox 1682 2962 1731 3002; x_wconf 89' lang='lat' dir='ltr'>de</span> <span class='ocrx_word' id='word_1_549' title='bbox 1755 2961 1869 3001; x_wconf 88' lang='lat' dir='ltr'>rebus</span> <span class='ocrx_word' id='word_1_550' title='bbox 1890 2961 2044 3063; x_wconf 61' lang='lat' dir='ltr'>descclep-</span> <span class='ocrx_word' id='word_1_551' title='bbox 2079 2966 2083 3044; x_wconf 67' lang='lat' dir='ltr'>l</span> 
     </span>
     <span class='ocr_line' id='line_1_52' title="bbox 1952 3037 2081 3074; baseline -0.008 -31"><span class='ocrx_word' id='word_1_552' title='bbox 1952 3040 1953 3043; x_wconf 75' lang='grc'>,</span> <span class='ocrx_word' id='word_1_553' title='bbox 1981 3037 1999 3063; x_wconf 66' lang='lat' dir='ltr'>a</span> <span class='ocrx_word' id='word_1_554' title='bbox 2032 3055 2046 3074; x_wconf 62' lang='lat'>’</span> <span class='ocrx_word' id='word_1_555' title='bbox 2080 3048 2081 3054; x_wconf 10' lang='grc' dir='ltr'>ἵ</span> 
     </span>
    </p>
   </div>
   <div class='ocr_carea' id='block_1_13' title="bbox 566 305 806 313">
    <p class='ocr_par' dir='ltr' id='par_1_15' title="bbox 566 305 806 313">
     <span class='ocr_line' id='line_1_53' title="bbox 566 305 806 313; baseline 0 3417"><span class='ocrx_word' id='word_1_556' title='bbox 566 305 806 313; x_wconf 95' lang='lat' dir='ltr'> </span> 
     </span>
    </p>
   </div>
   <div class='ocr_carea' id='block_1_14' title="bbox 342 307 562 318">
    <p class='ocr_par' dir='ltr' id='par_1_16' title="bbox 342 307 562 318">
     <span class='ocr_line' id='line_1_54' title="bbox 342 307 562 318; baseline 0 3412"><span class='ocrx_word' id='word_1_557' title='bbox 342 307 562 318; x_wconf 95' lang='lat' dir='ltr'> </span> 
     </span>
    </p>
   </div>
   <div class='ocr_carea' id='block_1_15' title="bbox 2081 1032 2132 2975">
    <p class='ocr_par' dir='ltr' id='par_1_17' title="bbox 2081 1032 2132 2975">
     <span class='ocr_line' id='line_1_55' title="bbox 2118 1032 2132 1245; baseline 0 -50"><span class='ocrx_word' id='word_1_558' title='bbox 2118 1032 2132 1245; x_wconf 95' lang='lat' dir='ltr'>    </span> 
     </span>
     <span class='ocr_line' id='line_1_56' title="bbox 2111 1258 2132 1496; baseline 0 -12"><span class='ocrx_word' id='word_1_559' title='bbox 2111 1258 2132 1496; x_wconf 95' lang='lat' dir='ltr'>     </span> 
     </span>
     <span class='ocr_line' id='line_1_57' title="bbox 2111 1496 2132 1735; baseline 0 0"><span class='ocrx_word' id='word_1_560' title='bbox 2111 1496 2132 1735; x_wconf 95' lang='lat' dir='ltr'>    </span> 
     </span>
     <span class='ocr_line' id='line_1_58' title="bbox 2103 1735 2128 1794; baseline 0 -4"><span class='ocrx_word' id='word_1_561' title='bbox 2103 1735 2128 1794; x_wconf 95' lang='lat' dir='ltr'>  </span> 
     </span>
     <span class='ocr_line' id='line_1_59' title="bbox 2100 1794 2126 2010; baseline 0 -43"><span class='ocrx_word' id='word_1_562' title='bbox 2100 1794 2126 2010; x_wconf 95' lang='lat' dir='ltr'>   </span> 
     </span>
     <span class='ocr_line' id='line_1_60' title="bbox 2100 2010 2120 2087; baseline 0 0"><span class='ocrx_word' id='word_1_563' title='bbox 2100 2010 2120 2087; x_wconf 95' lang='lat' dir='ltr'>  </span> 
     </span>
     <span class='ocr_line' id='line_1_61' title="bbox 2084 2087 2117 2327; baseline 0 0"><span class='ocrx_word' id='word_1_564' title='bbox 2084 2087 2117 2327; x_wconf 95' lang='lat' dir='ltr'>    </span> 
     </span>
     <span class='ocr_line' id='line_1_62' title="bbox 2081 2327 2117 2975; baseline 0 -228"><span class='ocrx_word' id='word_1_565' title='bbox 2081 2327 2117 2975; x_wconf 95' lang='lat' dir='ltr'>    </span> 
     </span>
    </p>
   </div>
   <div class='ocr_carea' id='block_1_16' title="bbox 2117 2730 2132 3010">
    <p class='ocr_par' dir='ltr' id='par_1_18' title="bbox 2117 2730 2132 3010">
     <span class='ocr_line' id='line_1_63' title="bbox 2117 2730 2132 3010; textangle 90"><span class='ocrx_word' id='word_1_566' title='bbox 2117 2982 2132 3010; x_wconf 56' lang='grc' dir='ltr'>Ξ</span> <span class='ocrx_word' id='word_1_567' title='bbox 2117 2730 2132 2949; x_wconf 52' lang='grc' dir='ltr'>ῼ-Ξῢαι-ι-</span> 
     </span>
    </p>
   </div>
   <div class='ocr_carea' id='block_1_17' title="bbox 2117 3030 2132 3130">
    <p class='ocr_par' dir='ltr' id='par_1_19' title="bbox 2117 3030 2132 3130">
     <span class='ocr_line' id='line_1_64' title="bbox 2117 3030 2132 3130; textangle 90"><span class='ocrx_word' id='word_1_568' title='bbox 2117 3030 2132 3130; x_wconf 42' lang='grc' dir='ltr'>ΞῆΞΞἪ</span> 
     </span>
    </p>
   </div>
   <div class='ocr_carea' id='block_1_18' title="bbox 758 3118 1524 3131">
    <p class='ocr_par' dir='ltr' id='par_1_20' title="bbox 758 3118 1524 3131">
     <span class='ocr_line' id='line_1_65' title="bbox 758 3118 1524 3131; baseline 0 -5"><span class='ocrx_word' id='word_1_569' title='bbox 758 3118 1524 3131; x_wconf 59' lang='lat' dir='ltr'><em>-—————·-—-——f—-——-=——--——.—-.——ae</em></span> 
     </span>
    </p>
   </div>
   <div class='ocr_carea' id='block_1_19' title="bbox 229 3161 2078 3376">
    <p class='ocr_par' dir='ltr' id='par_1_21' title="bbox 229 3161 2078 3376">
     <span class='ocr_line' id='line_1_66' title="bbox 337 3161 2078 3218; baseline 0.004 -19"><span class='ocrx_word' id='word_1_570' title='bbox 337 3163 397 3210; x_wconf 82' lang='lat' dir='ltr'>(a)</span> <span class='ocrx_word' id='word_1_571' title='bbox 422 3163 578 3216; x_wconf 84' lang='lat' dir='ltr'>Superior</span> <span class='ocrx_word' id='word_1_572' title='bbox 595 3161 695 3201; x_wconf 83' lang='lat' dir='ltr'>debet</span> <span class='ocrx_word' id='word_1_573' title='bbox 710 3164 769 3212; x_wconf 72' lang='lat' dir='ltr'>effe</span> <span class='ocrx_word' id='word_1_574' title='bbox 791 3175 885 3203; x_wconf 83' lang='lat' dir='ltr'><em>totus</em></span> <span class='ocrx_word' id='word_1_575' title='bbox 907 3179 1002 3204; x_wconf 82' lang='lat' dir='ltr'>mens</span> <span class='ocrx_word' id='word_1_576' title='bbox 1025 3191 1034 3207; x_wconf 85' lang='lat'>,</span> <span class='ocrx_word' id='word_1_577' title='bbox 1060 3164 1107 3209; x_wconf 67' lang='grc' dir='ltr'>ό·</span> <span class='ocrx_word' id='word_1_578' title='bbox 1126 3175 1222 3203; x_wconf 80' lang='lat' dir='ltr'><em>totus</em></span> <span class='ocrx_word' id='word_1_579' title='bbox 1236 3167 1358 3206; x_wconf 79' lang='lat' dir='ltr'>oculus.</span> <span class='ocrx_word' id='word_1_580' title='bbox 1385 3170 1419 3207; x_wconf 90' lang='lat' dir='ltr'>S.</span> <span class='ocrx_word' id='word_1_581' title='bbox 1437 3169 1547 3218; x_wconf 87' lang='lat' dir='ltr'>Greg.</span> <span class='ocrx_word' id='word_1_582' title='bbox 1562 3167 1735 3206; x_wconf 86' lang='lat' dir='ltr'>Antioch.</span> <span class='ocrx_word' id='word_1_583' title='bbox 1749 3166 1860 3204; x_wconf 90' lang='lat' dir='ltr'>Hom.</span> <span class='ocrx_word' id='word_1_584' title='bbox 1895 3180 1928 3215; x_wconf 83' lang='lat'>3.</span> <span class='ocrx_word' id='word_1_585' title='bbox 1978 3167 2042 3213; x_wconf 87' lang='lat' dir='ltr'>(b)</span> <span class='ocrx_word' id='word_1_586' title='bbox 2076 3182 2078 3218; x_wconf 62' lang='grc' dir='ltr'><em>ς</em></span> 
     </span>
     <span class='ocr_line' id='line_1_67' title="bbox 232 3213 2077 3269; baseline 0.003 -18"><span class='ocrx_word' id='word_1_587' title='bbox 232 3213 340 3251; x_wconf 88' lang='lat' dir='ltr'>Arist.</span> <span class='ocrx_word' id='word_1_588' title='bbox 358 3217 380 3253; x_wconf 90' lang='lat' dir='ltr'>l.</span> <span class='ocrx_word' id='word_1_589' title='bbox 405 3230 435 3264; x_wconf 84' lang='lat'>3.</span> <span class='ocrx_word' id='word_1_590' title='bbox 463 3216 571 3255; x_wconf 87' lang='lat' dir='ltr'>Polit.</span> <span class='ocrx_word' id='word_1_591' title='bbox 597 3229 628 3255; x_wconf 93' lang='lat' dir='ltr'>c.</span> <span class='ocrx_word' id='word_1_592' title='bbox 652 3229 708 3254; x_wconf 92' lang='lat'>12.</span> <span class='ocrx_word' id='word_1_593' title='bbox 765 3219 827 3267; x_wconf 80' lang='lat' dir='ltr'>(c)</span> <span class='ocrx_word' id='word_1_594' title='bbox 852 3219 961 3257; x_wconf 84' lang='lat' dir='ltr'>Sines.</span> <span class='ocrx_word' id='word_1_595' title='bbox 982 3219 1025 3256; x_wconf 89' lang='lat' dir='ltr'>ad</span> <span class='ocrx_word' id='word_1_596' title='bbox 1041 3219 1170 3258; x_wconf 88' lang='lat' dir='ltr'>Arcad.</span> <span class='ocrx_word' id='word_1_597' title='bbox 1225 3222 1286 3268; x_wconf 90' lang='lat' dir='ltr'>(d)</span> <span class='ocrx_word' id='word_1_598' title='bbox 1302 3221 1404 3259; x_wconf 88' lang='lat' dir='ltr'>Arist.</span> <span class='ocrx_word' id='word_1_599' title='bbox 1422 3223 1445 3259; x_wconf 91' lang='lat'>1.</span> <span class='ocrx_word' id='word_1_600' title='bbox 1464 3227 1499 3260; x_wconf 87' lang='lat'>6.</span> <span class='ocrx_word' id='word_1_601' title='bbox 1524 3221 1569 3258; x_wconf 88' lang='lat' dir='ltr'>de</span> <span class='ocrx_word' id='word_1_602' title='bbox 1584 3220 1712 3269; x_wconf 86' lang='lat' dir='ltr'>regim.</span> <span class='ocrx_word' id='word_1_603' title='bbox 1764 3221 1823 3267; x_wconf 84' lang='lat' dir='ltr'>(e)</span> <span class='ocrx_word' id='word_1_604' title='bbox 1848 3221 1962 3269; x_wconf 89' lang='lat' dir='ltr'>Jer.1.</span> <span class='ocrx_word' id='word_1_605' title='bbox 1981 3230 2039 3257; x_wconf 83' lang='lat'>11.</span> <span class='ocrx_word' id='word_1_606' title='bbox 2075 3219 2077 3262; x_wconf 78' lang='lat' dir='ltr'>J</span> 
     </span>
     <span class='ocr_line' id='line_1_68' title="bbox 230 3265 2075 3326; baseline 0.004 -24"><span class='ocrx_word' id='word_1_607' title='bbox 230 3265 298 3312; x_wconf 73' lang='lat' dir='ltr'>(f)</span> <span class='ocrx_word' id='word_1_608' title='bbox 325 3267 470 3305; x_wconf 86' lang='lat' dir='ltr'>Cicero.</span> <span class='ocrx_word' id='word_1_609' title='bbox 533 3273 595 3319; x_wconf 82' lang='lat' dir='ltr'>(g)</span> <span class='ocrx_word' id='word_1_610' title='bbox 619 3270 681 3306; x_wconf 81' lang='lat' dir='ltr'>Vir</span> <span class='ocrx_word' id='word_1_611' title='bbox 696 3269 736 3306; x_wconf 82' lang='lat' dir='ltr'>in</span> <span class='ocrx_word' id='word_1_612' title='bbox 755 3269 878 3308; x_wconf 81' lang='lat' dir='ltr'>multis</span> <span class='ocrx_word' id='word_1_613' title='bbox 900 3280 1064 3323; x_wconf 77' lang='lat' dir='ltr'>expertus</span> <span class='ocrx_word' id='word_1_614' title='bbox 1087 3298 1096 3312; x_wconf 91' lang='lat'>,</span> <span class='ocrx_word' id='word_1_615' title='bbox 1121 3270 1292 3324; x_wconf 76' lang='lat' dir='ltr'>cogitabit</span> <span class='ocrx_word' id='word_1_616' title='bbox 1311 3272 1429 3313; x_wconf 77' lang='lat' dir='ltr'>multa</span> <span class='ocrx_word' id='word_1_617' title='bbox 1442 3289 1453 3311; x_wconf 69' lang='grc' dir='ltr'><strong><em>ε</em></strong></span> <span class='ocrx_word' id='word_1_618' title='bbox 1478 3271 1524 3317; x_wconf 66' lang='grc' dir='ltr'>ἅ·</span> <span class='ocrx_word' id='word_1_619' title='bbox 1546 3273 1608 3326; x_wconf 80' lang='lat' dir='ltr'>qui</span> <span class='ocrx_word' id='word_1_620' title='bbox 1620 3271 1737 3311; x_wconf 69' lang='lat' dir='ltr'>multa</span> <span class='ocrx_word' id='word_1_621' title='bbox 1761 3271 1888 3311; x_wconf 81' lang='lat' dir='ltr'>didicit</span> <span class='ocrx_word' id='word_1_622' title='bbox 1901 3298 1913 3315; x_wconf 79' lang='lat'>,</span> <span class='ocrx_word' id='word_1_623' title='bbox 1936 3284 2039 3312; x_wconf 78' lang='lat' dir='ltr'>enar·</span> <span class='ocrx_word' id='word_1_624' title='bbox 2074 3280 2075 3305; x_wconf 59' lang='grc' dir='ltr'><strong>ὲ</strong></span> 
     </span>
     <span class='ocr_line' id='line_1_69' title="bbox 229 3315 2073 3376; baseline 0.008 -21"><span class='ocrx_word' id='word_1_625' title='bbox 229 3315 332 3357; x_wconf 72' lang='lat' dir='ltr'>rabit</span> <span class='ocrx_word' id='word_1_626' title='bbox 353 3319 578 3362; x_wconf 60' lang='lat' dir='ltr'>imeffeczum.</span> <span class='ocrx_word' id='word_1_627' title='bbox 604 3322 699 3362; x_wconf 89' lang='lat' dir='ltr'>Eccl.</span> <span class='ocrx_word' id='word_1_628' title='bbox 720 3335 780 3373; x_wconf 74' lang='lat'>34.</span> <span class='ocrx_word' id='word_1_629' title='bbox 795 3335 834 3370; x_wconf 79' lang='lat'>9·</span> <span class='ocrx_word' id='word_1_630' title='bbox 885 3327 953 3376; x_wconf 76' lang='lat' dir='ltr'>(h)</span> <span class='ocrx_word' id='word_1_631' title='bbox 968 3325 1009 3363; x_wconf 91' lang='lat' dir='ltr'>L.</span> <span class='ocrx_word' id='word_1_632' title='bbox 1016 3334 1104 3371; x_wconf 82' lang='lat' dir='ltr'>5:tt.</span> <span class='ocrx_word' id='word_1_633' title='bbox 1109 3336 1229 3375; x_wconf 74' lang='lat' dir='ltr'>9.p.2e</span> <span class='ocrx_word' id='word_1_634' title='bbox 1473 3339 1476 3343; x_wconf 88' lang='lat'>·</span> <span class='ocrx_word' id='word_1_635' title='bbox 2072 3339 2073 3345; x_wconf 61' lang='lat'>¹</span> 
     </span>
    </p>
   </div>
  </div>
 </body>
</html>
