2132 3730
429 244 1399 291 SYMBOLAPOLITICA.
1759 262 1842 301 215

51 344 190 387 negant
209 330 333 377 oculi,
364 328 501 379 aliique
521 330 694 381 corporis
724 327 801 382 (a)
828 331 982 370 motus?
1015 332 1171 383 Pelagus
1195 330 1249 370 est
1281 332 1536 386 pugnantibus
1570 333 1665 371 inter
1694 331 1729 370 se
1759 333 1850 372 affe·

51 393 181 432 etrum
199 386 376 429 fluctibus
397 390 630 440 inquietum,
660 399 764 427 mare
788 388 999 440 smuosum,
1030 392 1068 430 ἃ
1092 392 1253 430 occultis
1279 394 1435 443 plenum
1465 390 1648 441 syrtibus,
1678 402 1751 431 nec
1774 394 1849 432 ulla

49 460 213 502 unquam
231 445 304 486 fuit
321 448 450 487 charta
465 451 636 496 nautica,
667 459 751 499 quae
773 460 838 488 eas
856 452 1026 502 potuerit
1051 449 1263 490 ostendere.
1326 452 1452 504 Quam
1473 453 1584 503 igitur
1608 463 1738 500 acum,
1757 463 1847 504 pru-

48 510 182 550 dentiae
203 515 380 558 magnete
404 506 560 547 tindimm
578 537 589 556 ,
620 506 793 547 dabimus
811 509 974 562 Principi
996 519 1037 549 ut
1053 521 1123 561 per
1144 519 1203 548 tot
1220 520 1374 561 tamque
1400 510 1545 550 diversa
1568 512 1682 551 maria
1703 511 1850 563 absque

45 567 217 621 periculo
232 564 306 619 (b)
335 567 517 618 naviget?
547 579 640 619 quas
661 565 809 620 regulas
827 569 864 609 δι
891 571 1122 609 documenta
1149 568 1197 608 ad
1228 570 1495 610 discernendos
1525 581 1683 620 ventos,
1714 581 1755 611 ut
1783 573 1850 611 ha-

42 628 122 667 bita
149 626 334 677 temporis
351 628 500 666 ratione
518 639 620 667 nunc
636 628 763 676 laxet,
793 642 895 669 nunc
915 630 1115 669 contrahat
1142 628 1386 670 confidentiae
1408 630 1520 669 vela?
1551 630 1591 669 ln
1607 632 1683 670 hoc
1708 631 1848 683 potilli—

46 685 150 727 mum
170 685 351 737 regnandi
377 685 772 727 consistitartificium.
829 688 909 728 Hic
929 691 1092 728 maxima
1117 688 1280 741 Principi
1314 691 1512 730 imminent
1540 691 1729 741 pericula,
1761 693 1851 743 quia

40 754 106 786 aut
123 757 247 785 rerum
277 743 538 797 experientia,
568 744 783 799 notitiaque
818 747 1017 788 destitutus
1043 747 1118 796 est,
1148 758 1213 787 aut
1244 749 1399 801 negotia
1423 749 1459 789 δε
1486 749 1657 788 subditos
1685 750 1849 790 tractare

41 804 212 847 nondum
238 804 392 855 didicit,
422 807 626 858 praesertim
643 807 731 847 cum
749 819 864 848 nemo
888 819 1044 856 eorum,
1076 809 1241 859 quicum
1267 808 1347 860 ipso
1369 818 1506 861 agunt,
1536 811 1654 848 malus
1684 808 1759 849 effe
1790 813 1847 850 vi-

0 887 2 890 >
40 864 186 905 deatur.
245 864 393 906 Omnes
419 878 469 906 eo
493 867 675 919 praesente
694 869 843 907 vultum
862 867 909 906 ad
940 866 1179 907 honestatem
1205 878 1468 921 componunt,
1493 868 1530 908 &
1560 867 1730 908 actiones
1764 870 1847 909 suas

38 923 111 967 rite
133 924 296 970 obeunt.
358 925 490 966 Verba
505 926 765 979 praemeditata
782 939 928 967 merum
950 927 1084 966 sonant
1108 940 1300 978 amorem,
1332 929 1425 969 boni
1451 929 1596 980 publici
1627 930 1774 978 zelum,
1807 929 1847 968 &

37 981 274 1025 fidelitatem.
332 984 514 1026 Exterior
535 989 609 1027 oris
624 987 873 1039 corporisque
895 986 1037 1039 species
1049 987 1272 1039 obsequium
1286 990 1511 1040 pollicetur,
1540 990 1848 1037 venerationem,

38 1043 78 1083 &
100 1042 388 1092 obedientiam3
416 1048 454 1085 in
477 1048 555 1086 imo
578 1057 705 1087 tamen
729 1045 889 1098 pectore
910 1059 1130 1096 rancorem,
1164 1046 1316 1095 odium,
1348 1047 1385 1087 δι
1412 1048 1661 1088 ambitionem
1689 1046 1846 1088 fovent.

38 1103 169 1157 Quam
186 1105 326 1156 opinor
347 1106 493 1146 causam
515 1105 642 1155 fuisse,
677 1117 743 1145 cur
767 1118 964 1146 nonnemo
990 1106 1147 1146 dixerit:
1177 1106 1249 1160 (c)
1277 1106 1474 1160 Principem
1491 1105 1736 1160 nemiuifidere
1750 1105 1849 1148 dehe-

2 1173 3 1176 ’
33 1176 87 1204 re.
148 1162 298 1204 Verum
319 1168 554 1219 utrumquem
575 1167 662 1206 vitio
676 1164 744 1218 est,
773 1165 825 1210 &⁹
849 1165 996 1206 omnihus
1021 1165 1173 1215 credere,
1206 1166 1258 1211 &9
1283 1169 1373 1207 nulli.
1432 1166 1594 1206 Nemini
1618 1169 1777 1207 omnino
1804 1166 1849 1207 fi-

3 1250 5 1253 ·
36 1221 153 1270 dere,
183 1221 353 1273 Tyranni
377 1226 535 1276 suspicio
566 1224 639 1266 est:
668 1224 789 1265 fidere
806 1226 1008 1278 omnibus,
1036 1226 1217 1278 Principis
1241 1225 1492 1279 imprudentis
1515 1225 1685 1267 facilitas.
1747 1226 1850 1267 Non

2 1299 4 1311 1
35 1282 194 1322 minoris
217 1283 253 1321 in
272 1284 337 1322 illo
366 1285 551 1323 momenti
577 1283 811 1324 confidentia
841 1283 921 1333 est,
951 1298 995 1324 ac
1019 1285 1238 1330 diffidentia,
1302 1286 1430 1339 Digna
1446 1288 1506 1326 illa
1533 1288 1637 1339 regio
1666 1285 1702 1327 &
1729 1287 1850 1326 since-

35 1353 81 1381 ro
97 1339 279 1392 pec‘tore3
307 1338 434 1381 isthaec
452 1344 548 1381 vero
569 1343 615 1382 ad
638 1343 872 1394 gubernandi
889 1354 1009 1383 artem
1043 1347 1213 1396 perutilis
1227 1375 1239 1393 ‚
1269 1357 1410 1398 utpote
1436 1346 1516 1398 ejus
1536 1346 1729 1386 beneficio
1759 1358 1850 1398 pru—

39 1399 168 1440 dentia
194 1401 352 1453 politica
369 1410 570 1452 operatur,
601 1401 639 1441 δι
657 1401 737 1441 suas
755 1401 826 1441 rite
851 1403 1070 1442 moderatur
1093 1404 1274 1444 actiones.
1333 1405 1547 1445 Difficultas
1576 1408 1613 1445 in
1643 1418 1694 1445 eo
1723 1406 1851 1457 posita

4 1472 7 1501 ἐ
35 1458 110 1508 est,
142 1469 184 1498 ut
204 1457 366 1512 utraque
388 1469 566 1514 tempore
593 1461 679 1501 suo.
711 1461 749 1501 ἃ.
775 1463 864 1501 loco
890 1464 945 1501 uti
976 1465 1060 1513 quis
1094 1465 1272 1511 noverit,
1304 1473 1346 1503 ut
1376 1477 1450 1504 nec
1477 1463 1711 1505 confidentia
1736 1466 1852 1504 nimis

4 1534 7 1558 l
37 1518 195 1559 credula
210 1519 403 1571 perfidiae,
434 1519 472 1559 &
497 1521 675 1572 periculis
697 1520 819 1560 ansam
845 1524 1033 1573 praebeat‚
1063 1535 1136 1563 nec
1157 1522 1362 1563 diffidentia
1378 1534 1489 1564 cauta
1508 1524 1618 1564 nimis
1636 1554 1649 1573 ,
1680 1524 1717 1564 &
1734 1522 1853 1576 suspi-

5 1591 8 1628 i
36 1590 110 1618 cax
132 1578 262 1618 odium
286 1581 426 1631 pariat,
457 1579 494 1619 δε
513 1579 675 1619 adducat
704 1581 741 1620 in
758 1580 1061 1632 desperationem
1077 1613 1089 1630 ‚
1121 1594 1185 1622 aut
1207 1584 1383 1636 trinceps
1407 1614 1419 1631 ‚
1451 1586 1538 1636 quia
1563 1586 1707 1624 nemini
1734 1583 1816 1623 fidit
1832 1614 1846 1632 ,

6 1651 9 1681 l
37 1638 88 1677 ad
106 1650 261 1678 omnem
279 1638 479 1678 tractatum
503 1645 653 1692 prorius
673 1638 736 1679 fiat
753 1640 967 1685 inidoneus,
1027 1641 1124 1681 Non
1143 1644 1270 1681 omnia
1302 1640 1534 1682 confidentia
1554 1644 1745 1685 metienda
1762 1643 1854 1683 sunt:

39 1698 80 1738 &
97 1698 373 1749 ponderanda,
402 1699 458 1738 uti
474 1711 546 1738 nec
564 1701 692 1738 omnia
715 1699 933 1739 diffidentia.
992 1700 1032 1739 Si
1056 1713 1249 1751 nunquam
1274 1701 1455 1754 Princeps
1482 1701 1697 1743 confideret
1716 1733 1729 1752 ,
1761 1706 1848 1753 quis

8 1758 9 1765 ¹
38 1758 187 1809 absque
212 1760 382 1810 praelenti
402 1760 575 1810 periculo
596 1759 719 1797 eidem
747 1758 870 1810 posset
888 1757 1077 1799 affistere?
1106 1761 1170 1811 qui
1193 1762 1231 1799 in
1257 1761 1335 1811 ejus
1362 1761 1605 1814 perseverare
1628 1762 1846 1813 obsequio?

9 1818 10 1821 ’
36 1815 133 1859 Nec
159 1819 283 1857 minus
310 1818 520 1870 periculosa
545 1817 744 1857 infelicitas
767 1816 820 1857 est
837 1848 850 1867 ,
881 1819 934 1857 ob
967 1820 1096 1859 inanes
1124 1818 1350 1871 suspiciones
1376 1821 1507 1861 fideles
1540 1820 1562 1859 a
1585 1820 1621 1861 se
1646 1820 1847 1862 Ministros

9 1890 11 1901 *
36 1889 167 1917 arcere
181 1908 193 1927 ,
217 1877 330 1929 quam
349 1890 396 1918 ex
418 1879 494 1917 levi
514 1877 738 1919 credulitate
763 1878 801 1916 se
822 1879 865 1916 iis
883 1878 1040 1917 credere
1056 1909 1068 1927 ,
1101 1880 1165 1929 qui
1188 1879 1320 1919 fideles
1344 1892 1422 1920 non
1444 1880 1538 1920 sunt.
1600 1882 1656 1920 lta
1673 1880 1847 1921 confidat

10 1941 12 1963 ἵ
37 1936 221 1989 Princeps
242 1967 255 1987 ,
286 1947 329 1977 ut
352 1936 469 1977 fidem
487 1937 654 1983 habeat;
685 1947 949 1976 verumtamen
979 1949 1056 1976 non
1088 1937 1167 1977 sine
1193 1940 1298 1978 omni
1327 1938 1703 1991 deceptionismetu‚
1734 1941 1847 1979 dubi-

11 2007 12 2035 ῑ
37 1998 185 2051 tatione
205 1999 342 2035 laltem.
400 1996 531 2046 Atque
551 1996 632 2034 haec
659 1994 846 2034 dubitatio
865 2007 943 2035 non
973 1995 1162 2036 retardare
1185 1997 1287 2037 illum
1308 1996 1424 2038 debet
1438 2000 1476 2039 in
1494 1998 1562 2039 suo
1587 2010 1707 2051 opere
1723 2029 1734 2048 ‚
1779 1999 1845 2039 sed

45 2054 167 2097 solum
193 2066 453 2099 commonere,
481 2053 539 2095 Ni
571 2055 784 2103 dubitaret,
815 2055 1023 2095 incuriosus
1045 2055 1136 2096 ess'et
1153 2085 1165 2106 ,
1195 2069 1239 2096 ac
1257 2059 1463 2111 negligens.
1526 2059 1849 2108 Dubitare,cau-

41 2118 100 2156 tio
121 2116 291 2167 quaedam
311 2114 386 2165 est,
416 2127 499 2167 quae
517 2116 686 2154 iecurum
699 2126 785 2153 eum
804 2115 949 2161 reddit3
979 2127 1052 2155 nec
1067 2116 1303 2168 aliud,quarn
1321 2130 1379 2157 res
1397 2118 1466 2158 suis
1479 2120 1645 2159 invicem
1662 2131 1847 2159 momen·

14 2227 16 2231 y
40 2177 89 2216 tis
110 2175 344 2229 expendere.
407 2175 486 2228 Qui
503 2187 581 2214 non
608 2173 777 2219 dubitat,
808 2176 1010 2214 veritatem
1030 2174 1168 2227 assequi
1187 2189 1265 2216 non
1281 2176 1420 2230 potest.
1481 2177 1545 2217 Sic
1561 2177 1750 2227 confidat,
1765 2188 1847 2218 tan-

14 2246 16 2250 *
39 2247 153 2288 quam
179 2236 375 2276 crederet:
407 2235 458 2275 fic
475 2234 638 2282 diffidat,
669 2244 845 2285 tanquam
865 2234 891 2273 si
910 2233 1026 2274 fidem
1040 2247 1118 2274 non
1141 2237 1306 2277 haberet.
1371 2238 1646 2289 Attemperatae
1664 2251 1709 2277 ea
1730 2238 1847 2276 razi.)-

37 2307 90 2337 ne
109 2298 205 2336 inter
225 2295 260 2335 se
283 2293 513 2336 confidentia
533 2324 544 2341 ,
576 2294 614 2333 &
633 2294 862 2343 diffidentia,
892 2306 934 2333 ac
961 2293 1113 2334 disesiae
1143 2295 1163 2334 a
1185 2298 1331 2336 ratione
1355 2296 1391 2336 ὅτ.
1413 2298 1614 2348 prudentia
1638 2299 1753 2337 miros
1779 2298 1851 2338 ha-¹

41 2356 193 2397 bebunt
216 2355 390 2399 effeetus.
453 2354 598 2394 Cautus
619 2355 728 2406 igitur
751 2353 796 2393 fit
818 2353 996 2406 Princeps
1025 2356 1062 2394 in
1079 2353 1280 2395 tractandis
1298 2359 1474 2408 negotiis,
1494 2360 1531 2397 in
1544 2356 1750 2396 foederibus
1760 2354 1841 2396 san·

16 2437 18 2443 >
41 2415 207 2465 ciendis,
237 2418 274 2455 in
295 2427 391 2467 pace
407 2412 668 2463 conficienda,
698 2413 735 2453 δι
758 2413 978 2454 tractatibus
991 2415 1090 2464 aliis,
1118 2416 1185 2466 qui
1204 2415 1249 2455 ad
1275 2416 1444 2468 guberna
1464 2419 1591 2456 ionem
1622 2419 1813 2469 pertinent
1829 2446 1850 2466 .‚

41 2474 82 2515 &
109 2475 350 2527 flsponsione
365 2488 496 2516 manus
522 2473 770 2514 confirmandi
787 2476 809 2514 ii
830 2473 991 2523 fuerint,
1022 2487 1155 2515 manus
1178 2475 1329 2515 oculata
1362 2472 1406 2516 sit
1440 2486 1598 2529 oportet
1625 2477 1651 2528 ζ
1665 2478 1718 2515 uti
1751 2489 1850 2527 prze-

43 2535 128 2576 sens
156 2534 354 2574 Emblema
369 2533 562 2588 exhibet>
593 2547 677 2585 quae
697 2533 785 2575 ante
812 2534 941 2574 videat
967 2534 1187 2586 diligenter,
1214 2535 1304 2587 quid
1338 2546 1432 2589 agat.
1491 2535 1588 2576 Non
1624 2537 1707 2575 solis
1732 2538 1849 2575 Ama.-

42 2595 138 2634 toris
164 2595 345 2645 promillis
381 2596 611 2636 movebatur
640 2592 724 2634 lena
752 2596 811 2634 illa
836 2593 937 2645 apud
965 2594 1159 2644 Plautum,
1190 2607 1272 2647 quae
1295 2596 1436 2646 ajebat:
1466 2593 1603 2636 Illams
1626 2593 1750 2648 nostrae
1772 2607 1851 2635 ocu-

43 2653 126 2694 lam
141 2650 245 2705 fimt,
275 2653 417 2694 credant
434 2654 517 2707 qm‘d
531 2652 660 2694 vident.
717 2652 768 2694 Et
791 2653 877 2693 alibi
903 2654 1003 2693 diem
1031 2654 1225 2694 oculatum
1254 2655 1410 2708 apellat,
1442 2665 1519 2704 quo
1547 2653 1694 2693 nonnisi
1717 2653 1848 2706 parata

21 2759 22 2762 Ἴ
44 2713 308 2763 vendebatur,
338 2715 612 2765 emebaturque
632 2711 805 2765 pecunia.
866 2713 980 2753 Coeca
1002 2714 1085 2753 sunt
1106 2715 1218 2754 animi
1246 2714 1424 2763 decreta,
1455 2725 1539 2766 quae
1569 2726 1618 2753 ex
1652 2711 1728 2753 sola
1750 2712 1849 2754 fiunt:

44 2771 292 2818 confidentia,
353 2773 577 2827 Pythagorae
612 2774 825 2823 lymbolum
849 2770 948 2823 fuit,
978 2786 1058 2814 non
1093 2775 1215 2814 cuivis
1238 2772 1350 2814 facile
1382 2773 1542 2813 dandam
1570 2771 1645 2814 esse
1675 2785 1844 2814 manum.

22 2878 23 2882 ,
44 2830 174 2874 Nimis
203 2833 458 2886 periculosum
478 2833 550 2883 est,
581 2834 716 2874 leviter
739 2835 918 2875 omnibus
940 2832 1070 2873 fidere.
1131 2831 1357 2875 Consideret
1368 2833 1496 2885 itaque
1516 2830 1696 2885 Princeps
1717 2835 1847 2883 etiam,

22 2902 23 2906 ’
49 2902 164 2945 atque
190 2895 304 2933 etiam
321 2891 387 2944 qui
415 2895 577 2945 negotiis
604 2894 640 2933 se
661 2894 881 2946 impendat,
911 2893 949 2934 &
978 2890 1118 2933 habeat
1142 2906 1215 2946 pro
1247 2895 1466 2946 explorar0‚
1496 2905 1630 2933 omnes
1656 2891 1739 2932 sere
1766 2893 1849 2933 five

45 2955 208 3003 amicos,
239 2953 319 2994 five
342 2951 497 3000 hostes,
527 2952 566 2992 id
588 2954 847 3004 contendere,
877 2964 921 2994 ut
951 2951 1104 3003 fallant,
1134 2955 1193 2993 alii
1227 2954 1416 3006 graviter,
1445 2963 1489 2992 ac
1514 2955 1650 2993 leviter
1667 2954 1737 2992 alii.
1772 2953 1850 2992 Alii

45 3022 89 3052 ut
107 3013 260 3066 sceptro
290 3013 327 3055 &
346 3011 510 3053 fortunis
532 3024 621 3053 eum
636 3016 833 3065 expolient
851 3015 911 3054 alii
931 3023 974 3053 ut
1000 3011 1311 3054 benevolentiam
1326 3043 1339 3063 ,
1369 3013 1521 3066 gratiam
1547 3013 1585 3053 &
1606 3010 1782 3053 favorem
1805 3011 1847 3049 il-

46 3071 119 3112 lius
139 3073 208 3114 fibi
232 3075 450 3114 concilient.
510 3071 609 3113 Non
630 3073 719 3113 ideo
737 3084 864 3115 tamen
884 3074 1017 3126 opinio
1038 3072 1164 3113 isthaec
1185 3073 1411 3126 praesumpta
1436 3074 1584 3113 malitiae
1613 3071 1751 3112 servire
1781 3070 1848 3110 de-

49 3129 143 3181 bet,
169 3133 207 3173 &
225 3132 373 3183 fraudi,
405 3132 564 3186 perinde
596 3133 699 3186 quasi
724 3135 762 3173 in
796 3136 979 3233 Principiis
1010 3132 1101 3173 effet
1128 3135 1304 3184 arbitrio,
1334 3133 1429 3175 stare
1455 3133 1657 3174 conventis
1682 3142 1726 3170 ac
1753 3142 1846 3230 prr}-

978 3193 1004 3233 h
1019 3191 1044 3233 h
1078 3204 1101 3233 2
1761 3192 1811 3230 mi
1827 3215 1844 3224 -

154 3271 214 3315 (a)
240 3277 301 3308 Cor
317 3271 466 3310 hominis
481 3275 652 3310 immutat
658 3269 797 3323 faciem
807 3273 898 3310 iffius
900 3273 983 3323 stvi’
993 3276 1031 3311 in
1039 3273 1144 3314 bona.
1151 3271 1235 3322 five
1251 3275 1288 3309 in
1303 3274 1401 3311 mala
1417 3273 1509 3310 Ecel.
1535 3283 1591 3317 13.
1613 3251 1670 3318 3¹1.
1686 3268 1743 3317 (b)
1758 3276 1846 3310 Pm-

26 3339 27 3343 ’
51 3331 141 3366 vum
154 3317 202 3374 ‘st
217 3334 271 3361 cor
285 3322 480 3371 hominum,
498 3323 546 3371 ὦ·
562 3322 812 3375 instrutabile,·
833 3327 911 3379 quis
926 3325 1116 3381 congnofict
1130 3325 1218 3366 illud
1227 3329 1246 3368 ἓ
1263 3329 1321 3378 Jer
1344 3338 1398 3377 ¹7·
1416 3338 1454 3372 9.
1504 3325 1557 3374 (c)
1582 3325 1727 3364 Seneca·
