2132 3730
209 303 295 356 396
640 298 1581 345 DJDACISAAVEDRAE.

205 388 262 427 nis
280 385 454 430 Decimi,
485 383 522 422 &
538 380 748 422 Clementis
772 382 931 434 Septimi
949 414 959 431 ,
989 384 1053 434 qui
1074 395 1162 423 cum
1179 382 1208 423 F
1210 385 1375 424 rancisco
1394 384 1528 426 Galliae
1543 388 1651 438 Rege
1675 385 1799 426 foedus
1816 384 2001 439 pepigere

204 445 381 485 adversus
399 443 580 482 Carolum
597 442 787 495 Quintum
814 442 1112 495 Imperatorem,
1140 453 1183 483 ut
1206 442 1396 495 Hispanos
1406 445 1511 485 Italia
1531 447 1722 498 ejicerent.
1783 445 2000 486 Incommo-

204 507 294 545 dum
309 502 405 543 istud
424 514 473 542 ex
498 515 548 542 eo
565 503 703 550 oritur,
734 501 846 554 quod
867 512 1014 542 tantum
1046 500 1155 542 Sedis
1184 502 1416 554 Apostolicae
1443 506 1596 557 pondus
1622 506 1686 556 iit,
1717 513 1759 544 ut
1787 505 1935 545 lancem
1962 508 2002 546 in

203 577 314 616 quam
331 560 505 614 conjesta
525 561 663 610 fuerit,
691 561 842 602 necess'e
861 562 905 601 sit
924 564 1128 614 plurimum
1150 562 1323 613 deprimi.
1381 561 1558 604 Moverit
1577 565 1679 606 forte
1706 565 1753 604 ad
1767 562 1834 604 ista
1854 577 2002 605 memo-

201 634 302 663 ratos
330 622 537 662 Pontifices
552 623 676 673 aliqua
695 622 788 661 boni
819 622 987 674 species,
1017 624 1056 662 in
1079 623 1267 675 aliquibus
1296 632 1423 662 tamen
1451 625 1652 664 intentioni
1688 623 1899 665 eorundem
1932 626 2003 665 mi-

203 683 305 725 nime
320 683 515 734 respondit
530 681 705 721 effectus

329 770 332 777 .
375 742 525 782 Verum
543 741 639 781 sicut
657 739 850 781 Pontificii
878 742 1042 781 muneris
1062 740 1119 780 est
1135 752 1291 781 omnem
1310 741 1491 781 adhibere
1512 753 1640 781 curam
1653 772 1663 790 ,
1693 752 1736 782 ut
1750 745 1789 783 in
1806 744 1936 795 quiete
1958 754 2004 783 ae

199 800 467 854 tranquillitate
490 801 767 841 conserventur
785 801 1001 853 Principes,
1030 802 1083 840 ita
1103 801 1142 840 hi
1161 802 1314 840 vicissim
1348 802 1492 841 debent
1520 801 1547 853 ζ
1561 802 1707 841 tametsi
1731 804 1875 842 nullum
1910 800 2005 842 effet

199 862 370 902 divinum
392 871 628 915 praeceptum
647 889 660 908 ,
689 862 746 900 uti
762 860 898 900 revera
914 859 1005 913 est)
1035 860 1121 900 suos
1141 860 1288 913 semper
1306 860 1472 914 defigere
1490 863 1648 910 oculos,
1682 860 1916 913 Heliotropii
1933 859 2002 900 ad-

197 920 330 970 instar,
360 922 397 962 in
422 921 514 961 Sole
535 921 606 960 isto
631 919 753 960 Tiarae
782 919 1020 970 Pontificiae,
1051 922 1115 972 qui
1139 920 1287 973 semper
1319 922 1443 970 lucet,
1475 919 1511 959 &
1546 933 1740 972 nunquam
1770 920 1935 969 occidit,
1964 921 2004 961 in

198 982 355 1034 ejusque
371 982 592 1021 obedientia
617 980 654 1020 &
674 980 795 1020 tutela
813 991 1049 1032 permanere.
1110 978 1183 1034 (a)
1211 981 1307 1020 Eam
1336 982 1387 1020 ob
1410 981 1557 1019 causam
1583 980 1661 1019 filio
1706 981 1771 1019 suo
1800 979 2004 1020 Ferdinan·

196 1043 248 1082 do
268 1043 366 1095 Regi
387 1040 653 1093 Neapolitano
677 1041 861 1092 praecepit
898 1039 1117 1092 Alphonsus
1148 1040 1317 1094 Quintus
1346 1041 1433 1080 Rex
1459 1041 1671 1093 Aragonius
1701 1039 1784 1079 fato
1810 1040 1887 1092 jam
1912 1051 2005 1081 con-

196 1102 382 1149 cessurus,
410 1100 638 1140 auctoritate
655 1099 766 1140 Sedis
788 1097 1023 1152 Apostolicae
1060 1098 1098 1138 &
1131 1099 1362 1140 Pontificum
1400 1100 1516 1152 gratia
1542 1099 1635 1140 nihil
1661 1098 1791 1152 potitis
1816 1100 2001 1150 duceret,

193 1173 427 1213 caveretque
444 1173 512 1201 eos
543 1157 765 1207 offendere,
795 1159 945 1200 tametsi
963 1158 1187 1210 justiffimam
1219 1160 1362 1199 habere
1387 1161 1533 1200 causam
1558 1159 1766 1200 videretur·
1823 1158 2004 1211 Impietas

193 1231 258 1262 aut
273 1221 527 1274 imprudentia
542 1221 692 1272 gloriari
711 1219 856 1271 solent,
886 1219 913 1259 si
928 1219 1030 1259 suam
1050 1218 1234 1259 adversus
1254 1219 1462 1260 Pontifices
1486 1221 1582 1259 tueri
1604 1220 1740 1272 possint
1758 1220 1999 1271 gravitatem.

191 1283 241 1322 Iis
271 1282 346 1321 sese
370 1281 592 1321 submittere
611 1292 692 1320 non
717 1281 842 1321 vilitas
869 1280 983 1320 animi
1007 1277 1079 1327 est,
1108 1278 1173 1318 sed
1197 1280 1350 1332 religi03
1379 1292 1458 1320 non
1487 1279 1721 1319 auctoritatis
1736 1277 1905 1330 jactura,
1935 1276 2000 1317 sed

192 1343 332 1382 honor.
393 1341 432 1380 V
436 1341 677 1380 enerationes
695 1339 718 1379 a
743 1340 917 1380 maximis
939 1341 1054 1379 etiam
1074 1339 1312 1390 Principibus
1331 1352 1419 1381 cum
1438 1341 1581 1379 summa
1601 1338 1818 1378 dcmiffione
1834 1340 1877 1377 iis
1896 1338 2003 1377 exhi-

187 1403 322 1451 bitae,
337 1402 399 1454 pia
421 1401 505 1441 sunt
532 1401 817 1453 magnanimitas
834 1428 847 1448 ,
877 1411 962 1450 quae
987 1398 1167 1438 erudiunt
1192 1401 1309 1445 alios3
1338 1408 1381 1438 ut
1406 1396 1536 1439 ndrint
1569 1408 1732 1449 quantus
1757 1399 1871 1436 rebus
1889 1397 1999 1437 sacris

191 1460 390 1501 habendus
405 1460 451 1501 sit
473 1460 614 1500 honos.
672 1458 770 1497 Non
793 1459 864 1497 illae
880 1457 1073 1496 infamiam
1102 1457 1254 1508 pariunt
1268 1487 1281 1505 ,
1311 1456 1376 1495 sed
1392 1457 1575 1508 insignem
1601 1456 1731 1508 potius
1744 1456 1846 1509 apud
1864 1468 2000 1496 omnes

191 1520 371 1569 laudem,
394 1529 444 1560 ut
474 1530 592 1559 nemo
608 1519 807 1568 quisquam
828 1517 940 1555 animi
962 1515 1218 1565 abjeffionem
1237 1517 1477 1565 interpretari
1500 1516 1650 1554 audeat.
1710 1514 1785 1567 (b)
1814 1515 1869 1555 Ita
1896 1516 2001 1555 Con-

192 1579 357 1620 stantino
378 1578 602 1631 Imperatori
616 1588 733 1615 nemo
751 1577 867 1613 vertit
888 1574 985 1613 vitio
999 1603 1012 1622 ‚
1043 1572 1150 1624 quod
1164 1574 1202 1612 in
1226 1572 1510 1625 Episcoporum
1533 1571 1699 1612 concilio
1726 1576 1857 1616 locum
1878 1575 2003 1615 humi·

187 1642 266 1684 lem
283 1645 520 1689 occuparet,
550 1637 608 1675 uti
637 1633 706 1688 (c)
733 1640 806 1674 nec
820 1633 919 1685 Regi
938 1632 1106 1686 AEgicae,
1135 1631 1225 1672 cum
1244 1636 1282 1672 in
1303 1634 1377 1672 alio
1395 1633 1585 1673 sacrorum
1603 1632 1803 1673 Praesulum
1829 1646 1999 1675 conven-

190 1709 234 1740 tu
255 1698 385 1738 Toleti
409 1696 607 1736 celebrato
634 1696 673 1734 in
700 1703 839 1734 terram
860 1693 936 1732 sese
960 1690 1231 1744 prosterneret.
1307 1692 1588 1745 oppositiones
1619 1701 1754 1733 contra
1792 1693 2003 1735 Pontifices

190 1769 386 1811 nunquam
402 1755 425 1796 ὲ
454 1764 555 1796 voto
571 1754 793 1796 succedunt.
855 1753 1139 1793 Contentiones
1160 1752 1263 1801 sunt,
1296 1764 1380 1804 quae
1400 1764 1596 1804 nunquam
1623 1752 1771 1793 bonum
1797 1754 2002 1794 sortiuntur

190 1821 350 1862 exitum.
411 1816 554 1868 Ecquis
576 1816 764 1855 rationem
783 1813 969 1865 Principis
989 1813 1209 1865 temporalis
1230 1810 1250 1851 a
1267 1812 1444 1865 supremo
1471 1811 1654 1853 Ecclesiae
1679 1815 1804 1865 capite
1826 1812 2002 1866 separare

189 1877 545 1933 poterit?offenia,
577 1874 614 1914 &
634 1873 839 1916 auctoritas
856 1877 984 1922 sacra,
1009 1872 1141 1927 juntfta
1167 1872 1253 1912 sunt
1280 1873 1381 1912 inter
1405 1872 1442 1913 se
1458 1902 1471 1921 ,
1500 1872 1540 1913 ὅτ.
1571 1873 1610 1913 in
1636 1884 1754 1912 unum
1782 1874 1885 1925 quasi
1912 1875 2005 1913 coe'-

188 1949 271 1984 unt.
331 1938 492 1992 Quanto
519 1936 581 1976 illa
604 1934 660 1975 est
681 1936 858 1989 gravior,
888 1933 996 1974 tanto
1025 1934 1112 1986 plus
1143 1932 1192 1972 de
1219 1931 1410 1985 dignitatis
1444 1932 1590 1973 decoro
1617 1931 1839 1973 detrahitur.
1899 1933 2000 1974 Haee

189 1999 333 2051 duplici
353 2006 493 2037 armata
509 1994 658 2048 gladio,
689 2005 823 2034 contra
841 1995 1044 2048 maximam
1062 1993 1175 2033 etiam
1194 1994 1409 2045 potentiam
1426 1991 1463 2032 se
1487 2002 1629 2033 tuetur.
1690 1993 1733 2032 In
1747 1993 1890 2046 Regnis
1910 1995 1998 2034 alie-

189 2061 247 2100 nis
264 2057 490 2097 obedientes
509 2055 626 2095 habet
643 2054 835 2103 subditos,
865 2055 931 2094 ubi
954 2053 1050 2093 verb
1076 2053 1175 2092 bella
1203 2052 1260 2092 his
1291 2064 1454 2092 movere
1486 2054 1665 2104 coeperit,
1696 2052 1902 2105 refrigescit
1928 2054 1999 2094 ho-

187 2121 332 2160 minum
353 2118 474 2170 pietas
493 2115 531 2154 δε
548 2112 570 2153 a
591 2114 776 2154 conflictu
795 2125 986 2154 armorum
1012 2112 1060 2152 ad
1088 2112 1272 2152 librorum
1311 2110 1515 2152 devenitur
1538 2113 1692 2164 proelia,
1723 2112 1942 2154 obedientia
1960 2116 2000 2155 in

188 2179 346 2219 dubium
364 2171 527 2222 voeata‘i3
557 2173 660 2214 unde
682 2171 900 2226 perturbata
922 2173 1125 2225 Religione
1152 2173 1399 2211 immutantur
1428 2171 1667 2220 dominatus,
1699 2172 1736 2210 &
1769 2182 1998 2214 evertuntur

187 2240 342 2292 Regna:
372 2237 510 2276 horum
538 2235 640 2274 enim
667 2233 950 2274 firmamentum
975 2235 1013 2272 in
1038 2235 1192 2274 honore
1220 2232 1257 2270 &
1283 2233 1499 2271 reverentia
1526 2230 1739 2271 Sacerdotii
1768 2231 1843 2286 (d)
1874 2234 1997 2273 confi-

186 2299 270 2346 stit‚
300 2309 386 2349 quae
402 2295 510 2335 causa
528 2294 602 2334 fuit
619 2324 631 2343 ,
662 2307 729 2334 cur
757 2293 851 2334 illud
870 2292 1066 2334 Nationes
1083 2294 1217 2344 aliquae
1239 2292 1369 2342 Regiae
1391 2291 1562 2344 dignitati
1579 2292 1859 2343 conjunxerint.
1904 2292 1999 2332 Val-

186 2359 237 2399 de
255 2359 366 2410 igitur
382 2355 563 2408 expedit,
594 2354 787 2406 Principes
808 2355 846 2394 se
871 2356 1014 2405 suaque
1034 2361 1111 2392 tam
1141 2350 1351 2403 prudenter
1370 2350 1578 2396 moderari,
1610 2360 1654 2389 ut
1683 2362 1734 2390 ne
1756 2363 1869 2401 quam
1898 2352 1998 2391 sum-

185 2420 257 2459 mis
281 2415 531 2458 Pontificibus
553 2414 707 2454 offensae
726 2415 819 2454 dent
834 2413 1089 2453 occasionem.
1147 2409 1232 2448 Fiet
1249 2410 1347 2449 vero
1367 2407 1486 2458 istud,
1515 2408 1543 2448 fi
1561 2407 1733 2449 debitum
1763 2410 1853 2449 Sedi
1883 2411 1997 2463 Apo-

184 2478 325 2520 stolieae
345 2476 489 2515 cultum
510 2475 740 2514 exhibeant:
771 2474 798 2513 fi
815 2471 940 2513 sanCte
958 2467 1220 2520 inviolateque
1236 2467 1316 2519 ejus
1338 2469 1563 2520 privilegia,
1592 2469 1849 2509 immunitates
1875 2470 1912 2509 ἃ
1939 2471 1998 2522 ju-

185 2550 226 2578 ra
245 2536 471 2585 observent,
503 2534 564 2574 sua
581 2535 674 2574 item
699 2534 879 2586 propria,
912 2532 939 2571 si
963 2527 1172 2571 Pontificiis
1197 2529 1267 2568 illis
1289 2529 1477 2575 contraria
1503 2538 1582 2582 non
1621 2527 1716 2578 sint,
1747 2531 1874 2570 animo
1900 2529 1995 2570 forti

185 2598 225 2638 &
243 2594 430 2637 constanti
457 2604 652 2642 tueantur,
683 2605 811 2645 neque
834 2593 947 2633 ullam
973 2590 1108 2642 regnis,
1126 2589 1283 2628 noxiam
1316 2589 1518 2628 admittant
1543 2590 1757 2629 novitatem
1774 2618 1786 2638 ,
1816 2599 1881 2628 aut
1907 2602 1993 2641 quae

185 2657 233 2697 ad
250 2652 716 2710 spiritualesubditorum
737 2655 1041 2693 emolumentum
1055 2662 1136 2690 non
1161 2648 1366 2688 conducat.
1425 2648 1527 2688 Cum
1548 2647 1707 2699 Carolus
1732 2648 1902 2701 Quintus
1921 2648 1995 2689 Im-

183 2725 338 2770 perator
358 2726 512 2754 coronae
528 2713 760 2766 accipiendae
778 2713 885 2753 causa
901 2713 938 2752 in
952 2711 1094 2753 Italiam
1115 2709 1396 2761 ingrederetur,
1424 2707 1683 2759 jusjurandum
1716 2709 1762 2748 ab
1783 2720 1833 2748 eo
1856 2708 1992 2761 ⁴postu--

182 2778 310 2817 labant
334 2774 468 2827 Legati
485 2773 695 2823 Pontificii,
727 2786 806 2826 quo
823 2774 1066 2824 promitteret
1079 2800 1091 2819 ,
1104 2769 1346 2820 nunquamse
1365 2766 1686 2807 contraEcclesioe
1700 2768 1783 2820 jura
1800 2768 1989 2808 facturum

183 2835 339 2888 aliquid,
350 2835 426 2886 ipse
439 2833 537 2874 vero
547 2833 754 2885 respondit,
763 2833 852 2872 nihil
865 2832 947 2872 sein
961 2833 1003 2871 iis
1020 2833 1304 2882 immutaturum
1316 2841 1389 2869 nee
1397 2836 1667 2868 attentaturum
1680 2830 1883 2880 quicquam
1898 2839 1991 2867 con-

186 2908 245 2936 tra
264 2895 417 2946 imperii
442 2892 758 2934 constitutiones:
789 2892 895 2945 quod
909 2891 1061 2932 dicebat
1081 2897 1242 2942 propter
1257 2887 1394 2937 feuda,
1426 2900 1510 2940 quae
1525 2887 1694 2927 Ecclesia
1711 2889 1748 2927 in
1764 2888 1933 2928 Parmam
1953 2887 1992 2927 δε

185 2955 417 2996 Placentiam
438 2953 628 2993 obtendit.
688 2953 774 2993 Fuit
797 2964 842 2993 ea
864 2957 901 2992 in
918 2964 958 2991 re
981 2958 1062 2992 tam⁴
1078 2958 1275 2997 accuratus
1293 2949 1381 2988 Rex
1399 2947 1429 2987 F
1431 2947 1658 2987 erdinandus
1676 2948 1917 2995 Catholicus,
1948 2956 1992 2987 ut

184 3013 372 3056 exceffiffe
394 3012 680 3065 propemodum
707 3012 829 3052 videri
849 3012 982 3064 possit;
1011 3011 1156 3062 quippe
1187 3011 1251 3060 qui
1267 3008 1466 3059 judicabat
1495 3010 1736 3060 nequaquam
1765 3008 1990 3060 permitten-

185 3076 297 3123 dum,
325 3082 369 3113 ut
393 3074 457 3113 vel
477 3073 515 3112 in
529 3074 688 3113 minimo
709 3074 996 3125 privilegiorum
1017 3069 1207 3121 &jurium
1231 3068 1328 3109 fines
1356 3067 1623 3108 transiliantur:
1652 3079 1738 3107 nam
1763 3067 1844 3106 fixo
1873 3067 1988 3107 semel

184 3134 309 3188 pede,
340 3146 449 3187 mox]
467 3140 510 3172 ut
535 3130 709 3185 poffeffio
737 3132 979 3182 defenditur,
1009 3129 1049 3171 &
1081 3128 1377 3182 paullatim'itur
1404 3126 1576 3181 longius;
1607 3127 1713 3178 cujus
1745 3127 1990 3194 principiisii

977 3207 985 3212 ··
1905 3198 1989 3238 qu1s

280 3323 317 3363 (a
320 3324 336 3362 )
360 3320 586 3359 Zurit.Ann.
608 3323 651 3360 de
667 3325 775 3371 Arag.
828 3325 890 3369 (b)
916 3323 1040 3361 Euseb.
1059 3322 1096 3361 in
1116 3323 1185 3362 vit.
1202 3325 1325 3362 Const.
1385 3328 1444 3372 (c)
1470 3325 1607 3362 Chron.
1634 3327 1727 3376 Reg.
1754 3325 1868 3362 Goth.
1926 3324 1988 3373 (d)

186 3373 300 3410 Honor
314 3373 504 3412 sacerdotii
511 3374 782 3427 firmamentum
791 3376 951 3430 potentia
966 3374 1210 3426 affiaemebatur.
1236 3374 1322 3414 Tac.
1338 3376 1400 3415 lib.
1426 3389 1459 3424 5.
1481 3376 1571 3415 Hist.

2124 1657 2129 1745 l

2103 2468 2119 3171 l
