2132 3730
426 205 1398 251 SYMBOLAPOLITICA.
1759 212 1842 260 263

43 297 101 334 tas
123 291 269 333 tributss
291 291 447 329 nimium
471 299 632 338 oneret,
661 290 890 341 potiffimum
908 292 1004 332 verb
1034 323 1044 340 ‚
1073 303 1122 330 ne
1147 291 1280 330 usitata
1305 292 1390 332 alibi
1408 292 1446 330 in
1464 301 1532 329 eos
1550 299 1706 341 quoque
1725 291 1845 329 intro.

5 357 7 381 ἱ
46 353 161 393 ducat
181 367 192 398 3
221 351 302 390 haec
318 350 419 388 enim
443 348 679 389 introduttio
696 349 882 400 perquam
899 351 1029 392 odiosa
1041 349 1108 390 est.
1170 349 1438 391 Rebellionem
1458 345 1674 402 caeptavere
1698 347 1847 400 Cappa-

5 443 6 468 }
44 412 187 459 doces,
216 407 322 459 quod
347 408 568 449 Romanum
585 407 659 462 (a)
689 412 724 449 m
745 409 874 450 moclzmz
897 408 1035 463 deferre
1056 406 1166 461 cenfizs
1182 440 1194 458 ‚
1216 413 1300 461 pati
1319 410 1454 450 tributa
1473 410 1519 448 ab
1551 409 1742 450 Archelao
1770 409 1845 448 adi-

0 474 7 518 i
43 479 229 524 gerentur.

5 524 6 527 ’
192 526 227 578 §.
245 526 356 567 Nihil
374 526 501 567 utilius
524 526 709 568 modestia
727 527 773 567 ad
803 528 945 568 tuenda
968 527 1101 581 Regna
1117 526 1220 567 bello
1236 527 1273 567 &
1291 528 1401 567 armis
1423 538 1539 579 parta.
1603 526 1769 581 Gravius
1789 537 1845 567 tu*

0 578 7 638 ἰ1
40 589 83 628 lit
107 586 269 627 Senatus
286 587 485 627 Romanus
501 617 513 636 ‚
545 587 653 639 quod
670 587 793 642 Julius
810 587 931 628 Caesar
950 617 963 637 ‚
993 587 1244 628 Senatoribus
1268 587 1565 640 ingredientibus
1583 588 1620 626 in
1629 587 1820 628 ‚Senatum
1833 617 1845 638 ,

0 646 9 677 *ἴ
40 656 120 688 non
137 645 338 699 affurgeret
355 676 368 696 ‚
400 646 514 699 quam
542 649 725 687 libertatis
757 648 828 687 suae
853 647 1049 699 jaauram.
1139 647 1261 700 Quod
1287 649 1374 686 cum
1396 646 1615 686 adverteret
1637 647 1812 687 Tiberius
1834 678 1846 697 ‚

0 709 8 763 fi
39 706 111 761 (b)
134 706 254 746 verbis
266 708 386 758 paucis
417 719 504 747 cum
529 708 571 747 iis
586 709 765 747 utebatur
779 738 790 756 ‚
818 704 971 758 &ftnfic
983 705 1198 761 permodesto.
1259 706 1429 758 Populus
1446 706 1493 745 ad
1517 707 1640 745 minus
1657 709 1849 760 praecipua

0 764 8 815 ’ἶ
40 767 156 818 magis
175 795 188 814 ‚
218 766 331 818 quam
351 765 399 806 ad
420 768 536 818 ipsam
556 779 680 808 retum
698 766 938 807 substantiam
962 767 1129 806 advertit
1153 768 1318 806 animum
1337 796 1348 814 ‚
1369 766 1406 805 &
1434 767 1485 805 ob
1512 767 1664 806 inanem
1685 766 1849 806 auetori-

40 828 125 865 tatis
149 828 405 878 captationem
430 826 651 878 deperditur
672 840 751 867 non
776 839 860 866 raro
880 825 1079 878 applausus
1103 827 1340 875 communis,
1370 825 1462 866 &in
1481 824 1612 865 odium
1631 827 1845 865 incurritur.

40 885 158 938 Apud
180 886 378 926 Romanos
390 887 554 938 augendi
575 886 903 938 conservandique
918 886 1069 938 Imperii
1082 888 1214 938 potior
1226 898 1316 925 cura
1331 884 1424 934 fuit,
1456 884 1524 940 (c)
1541 887 1658 925 inania
1669 889 1848 925 transmit-

38 946 210 985 tebantur.
271 945 336 985 Ob
360 958 472 997 quam
491 948 638 986 causam
659 946 835 986 Tiberius
858 976 869 994 ‚
899 955 1039 997 utpote
1057 947 1237 997 politicus
1265 944 1415 999 egregie
1433 945 1600 997 prudens
1619 975 1632 994 ‚
1669 942 1745 999 (d)
1761 945 1849 985 vali>

38 1004 117 1045 dum
147 1005 222 1045 sese
242 1002 438 1058 spernendis
462 1007 641 1046 honoribus
648 1005 838 1060 praestitit,
869 1017 943 1044 nec
958 1006 1126 1057 permisit
1139 1018 1306 1057 unquam
1323 1035 1336 1054 ‚
1371 1014 1417 1044 ut
1436 1006 1482 1044 ab
1500 1004 1680 1056 Hispania
1697 1006 1850 1044 ulteri0=

37 1076 79 1104 re
105 1067 248 1117 templa
275 1066 343 1106 fibi
364 1067 614 1119 erigerentur,
645 1067 735 1117 quin
760 1063 798 1104 δι
814 1064 885 1118 (e)
903 1078 1017 1106 nomen
1033 1066 1168 1127 ssqtris
1196 1066 1339 1106 Patriae
1373 1068 1396 1106 ἁ
1413 1066 1534 1117 populo
1550 1062 1670 1117 sapias
1691 1063 1852 1119 ingestum

7 1135 10 1138 ·
39 1123 252 1176 repudiavit.
315 1122 408 1179 (f)
444 1126 577 1166 Cumara
595 1125 786 1165 mortalitati
806 1127 938 1165 iau-erm
957 1157 969 1175 ‚
1001 1133 1193 1179 quantoque
1210 1125 1294 1177 plus
1326 1122 1606 1176 adeptusfhret‚
1634 1122 1851 1175 tantostevm-

33 1187 86 1236 gis
111 1186 147 1224 im
170 1184 294 1224 lubrico
308 1185 485 1225 clamans.
545 1184 720 1225 Eandem
745 1185 932 1224 rationem
951 1183 1066 1224 status
1087 1198 1165 1238 prae
1182 1184 1303 1224 oculis
1325 1185 1512 1224 habentes
1539 1185 1567 1224 F
1569 1185 1747 1223 lorentini
1768 1183 1853 1223 Du·

39 1256 102 1282 ces
126 1244 239 1283 valde
256 1245 444 1284 humanos
467 1257 554 1298 erga
571 1244 743 1285 subditos
760 1245 847 1284 suos
865 1245 940 1285 sese
961 1245 1256 1295 exhibent,nec
1278 1246 1525 1296 permittunt,
1542 1254 1584 1284 ut
1602 1274 1615 1293 ,
1646 1245 1709 1294 qui
1723 1246 1759 1282 in
1772 1245 1850 1294 pla-

39 1305 111 1342 teis
133 1302 230 1342 fiunt
246 1303 355 1342 obvii
377 1305 535 1356 gradum
556 1313 621 1344 aut
650 1304 809 1344 rhedam
835 1303 962 1344 sistant
993 1305 1152 1344 honoris
1175 1303 1307 1354 causa,
1337 1306 1393 1344 uti
1416 1304 1552 1344 Romae
1583 1303 1664 1343 fieri
1698 1303 1855 1342 consue—

39 1365 110 1407 vit.
170 1361 420 1413 Posteaquam
437 1361 599 1402 Castella
622 1363 884 1403 obedientiam
904 1364 1076 1416 Regibus
1097 1364 1272 1415 praestare
1292 1364 1338 1402 ad
1365 1374 1518 1415 tempus
1537 1362 1757 1411 recusasset,
1772 1375 1854 1402 non

9 1453 11 1457 Α
39 1423 222 1474 impertiit
238 1422 306 1470 iis,
334 1432 455 1473 penes
473 1432 572 1472 quos
594 1421 738 1462 summa
761 1432 888 1461 rerum
907 1433 987 1462 erat
1003 1453 1015 1472 ‚
1046 1423 1201 1476 grandia
1224 1425 1380 1463 nomina
1397 1453 1410 1471 ‚
1439 1423 1504 1463 ied
1522 1423 1698 1475 Judicum
1722 1422 1854 1461 dunta-

40 1493 105 1524 xat
124 1513 136 1531 ‚
168 1493 210 1521 ut
234 1490 341 1521 tanto
372 1480 521 1521 facilius
547 1478 570 1520 a
587 1482 703 1533 plebe
742 1481 1048 1527 admitterentur.
1122 1481 1271 1522 Eadem
1297 1495 1454 1534 quoque
1481 1483 1684 1534 prudentia
1711 1482 1747 1522 &
1773 1493 1858 1521 mo·

9 1541 12 1586 ἶ
40 1543 238 1582 deratione
255 1541 367 1580 animi
385 1540 474 1579 Rex
492 1538 754 1581 Ferdinandus
778 1540 1003 1582 Catholicus
1021 1571 1034 1591 ‚
1064 1551 1216 1582 mortua
1236 1543 1384 1595 Regina
1412 1541 1566 1582 Isabella
1582 1573 1594 1592 ‚
1625 1543 1740 1595 Regis
1769 1543 1858 1582 titu-

10 1597 12 1601 ’
37 1604 118 1642 lum
137 1600 315 1652 usurpare
337 1599 492 1649 noluit,
521 1597 601 1639 solo
625 1601 891 1653 gubernatoris
910 1600 1111 1640 Castellani
1134 1611 1356 1645 contentus.
1414 1601 1541 1642 Status
1556 1602 1708 1653 quidam
1729 1603 1767 1641 in
1784 1601 1856 1640 Ita-

40 1660 87 1702 lia
111 1691 123 1711 ,
156 1662 219 1713 qui
236 1659 284 1700 ad
307 1657 550 1711 Majestatem
571 1661 713 1712 regiam
734 1660 895 1712 aspirant
912 1691 922 1708 ‚
953 1660 1169 1709 videbunt,
1202 1660 1540 1712 opinor‚succeffu
1559 1664 1742 1713 temporis
1758 1661 1857 1712 (uti-

39 1734 127 1762 nam
153 1720 219 1761 ista
238 1732 299 1760 me
314 1719 418 1760 fallat
434 1718 598 1771 opinio!
620 1721 648 1774 )
678 1720 726 1759 ab
754 1720 908 1771 antiqua
937 1719 1121 1760 recedere
1141 1719 1327 1760 modestia
1357 1722 1450 1760 nihil
1480 1720 1554 1760 effe
1578 1722 1677 1761 aliud
1697 1748 1711 1770 5
1741 1719 1856 1772 quam

39 1781 214 1822 universa
235 1782 273 1821 in
294 1779 492 1819 discrimen
526 1779 720 1819 abducere
740 1809 752 1829 ,
783 1779 821 1819 &
840 1779 1066 1833 perturbare
1088 1781 1191 1820 velle
1211 1782 1521 1832 tranquillitatem
1546 1781 1760 1832 publicam3
1791 1792 1858 1820 ne-

41 1853 117 1895 que
138 1843 241 1881 enim
262 1840 366 1880 ltalia
386 1839 624 1891 semetipsam
646 1869 659 1888 ,
688 1837 791 1880 ferre
809 1840 983 1892 poterit,
1013 1839 1041 1880 sl
1073 1849 1134 1880 tot
1158 1841 1283 1893 capita
1312 1842 1467 1880 coronis
1487 1840 1662 1880 redimita
1687 1843 1783 1880 intra
1812 1838 1855 1879 fi-

39 1914 108 1943 nes
129 1902 216 1942 suos
247 1899 398 1941 viderit.
461 1897 688 1940 Minoribus
715 1911 804 1939 cum
833 1898 1092 1939 incommodis
1118 1898 1247 1940 Status
1278 1900 1433 1951 alicujus
1463 1901 1600 1940 limites
1641 1900 1784 1940 dilatari
1802 1899 1859 1939 so-

38 1964 120 2003 lent
142 1991 155 2009 ,
186 1959 300 2012 quam
320 1961 477 1999 interior
502 1957 762 2010 amplitudinis
789 1956 916 1998 forma
936 1960 1156 2007 immutari5
1182 1969 1224 1999 ut
1247 1969 1311 1999 aut
1327 1971 1416 2000 cum
1438 1960 1644 2010 majoribus
1668 1960 1717 1999 de
1740 1959 1857 2012 digni-

41 2031 119 2061 tate
136 2018 375 2067 contendat,
407 2028 471 2057 aut
485 2019 650 2069 aequales
669 2017 880 2070 despiciat;
910 2030 954 2058 ea
974 2020 1076 2058 enim
1094 2031 1135 2059 re
1154 2021 1306 2071 utrique
1319 2018 1420 2059 vane
1431 2019 1632 2059 irritantur.
1696 2020 1732 2065 A
1747 2031 1852 2058 com—

37 2081 268 2123 munitatum
295 2079 550 2130 inaequalitate
576 2079 793 2119 communis
813 2087 897 2118 orta
923 2077 977 2119 est
998 2079 1223 2120 dominatio.
1285 2079 1328 2119 In
1349 2080 1418 2119 illis
1448 2080 1584 2119 vivere
1604 2109 1617 2129 ,
1648 2090 1722 2119 nec
1739 2081 1857 2119 ullum

27 2140 188 2194 'agnosci
212 2139 501 2189 Principatum,
530 2136 630 2177 istud
647 2136 724 2187 est,
755 2137 862 2189 quod
880 2150 944 2178 eas
964 2139 1166 2179 conservat
1187 2140 1336 2179 liberas.
1397 2138 1436 2178 Si
1467 2139 1614 2191 spiritus
1643 2140 1734 2193 regii
1750 2141 1856 2180 semi-

38 2210 177 2242 nentur
196 2230 208 2248 ,
238 2198 479 2252 pullulabunt
498 2195 740 2237 Monarchiae
750 2197 958 2246 desideria,
979 2209 1063 2249 quae
1079 2199 1243 2238 libertati
1261 2200 1420 2239 exitium
1432 2198 1620 2239 adferunt.

192 2259 227 2311 §.
257 2258 335 2298 Pax
360 2257 527 2309 denique
546 2255 622 2312 (ut
640 2257 727 2297 alibi
743 2252 948 2313 diximus)
977 2258 1039 2297 illa
1059 2256 1139 2308 est,
1169 2271 1253 2310 quae
1267 2259 1401 2312 Regna
1417 2258 1597 2310 acquisita
1623 2257 1854 2309 potiffimum

39 2329 169 2371 tuetur
184 2349 196 2369 ‚
229 2317 443 2358 dummodo
471 2329 548 2369 pax
569 2315 636 2356 ista
651 2316 814 2357 studiosa
850 2317 917 2366 fit,
947 2326 1063 2370 atque
1083 2328 1250 2362 armata:
1282 2319 1310 2359 fi
1334 2321 1435 2359 enim
1457 2329 1610 2370 tempus
1629 2317 1852 2369 indulgebit,

40 2391 84 2420 ut
110 2379 284 2433 possessio
311 2377 522 2418 dominium
540 2377 756 2428 praescribat
771 2378 967 2430 paullatim
985 2409 995 2426 ‚
1016 2378 1220 2418 &titulum
1241 2378 1382 2430 justum
1400 2379 1540 2419 tribuat
1560 2408 1573 2428 ,
1604 2378 1748 2429 absque
1774 2377 1854 2416 bel-

42 2441 68 2479 li
83 2441 272 2488 tumultu,
303 2437 410 2490 quod
422 2437 504 2490 jura
516 2435 743 2488 confundit,
775 2437 1018 2478 occasionem
1031 2437 1096 2478 dat
1115 2438 1297 2479 miscendi
1321 2442 1450 2480 omnia
1466 2439 1624 2492 ingeniis
1641 2435 1854 2478 inconstan-

41 2499 145 2539 tibus
162 2499 199 2538 &
221 2499 397 2549 inquietis
415 2527 428 2548 ,
458 2497 495 2537 &
515 2498 708 2538 arbitrium
727 2499 839 2550 eripit
856 2498 892 2537 ei
911 2528 923 2547 ,
954 2502 1020 2550 qui
1044 2500 1219 2550 imperat.
1279 2499 1413 2553 Quare
1438 2512 1517 2540 non
1536 2501 1573 2538 in
1599 2498 1685 2538 solis
1711 2498 1854 2549 Regnis

15 2607 18 2613 ‘
43 2560 114 2600 illis
134 2558 183 2599 de
204 2569 314 2597 novo
332 2557 520 2610 acquisitis
542 2560 738 2610 procurari
755 2559 874 2598 debet
897 2587 909 2606 ,
939 2557 1005 2597 sed
1029 2560 1068 2598 in
1090 2559 1304 2600 Provinciis
1338 2562 1452 2600 etiam
1477 2558 1671 2598 finitimis:
1700 2568 1749 2596 ex
1767 2558 1853 2608 igne

15 2648 18 2663 ,ι
43 2620 146 2659 enim
163 2619 292 2658 vicino
311 2617 423 2658 facile
448 2616 613 2658 scintillae
628 2619 761 2671 aliquae
777 2619 943 2658 emicant
967 2647 980 2667 ‚
1010 2619 1250 2671 migrantque
1269 2631 1370 2659 arma
1396 2631 1445 2658 ex
1473 2630 1552 2658 uno
1574 2618 1663 2656 loco
1685 2619 1721 2655 in
1739 2616 1853 2656 alium

43 2680 264 2733 proximum
294 2707 306 2726 ‚
337 2677 374 2717 &
390 2679 566 2730 proclive
585 2678 794 2719 admodum
815 2677 869 2718 est
885 2678 1017 2718 irritari
1040 2690 1129 2718 eum
1145 2707 1157 2727 ,
1187 2681 1252 2730 qui
1271 2691 1314 2718 ea
1331 2679 1399 2718 fibi
1426 2687 1503 2718 tam
1525 2679 1741 2730 propinqua
1762 2687 1854 2715 con-

43 2749 184 2780 tuetur.
248 2736 346 2789 Quae
364 2738 471 2778 causa
491 2737 584 2787 fuit,
614 2751 682 2779 cur
699 2740 788 2780 Rex
815 2737 1175 2792 PhilippusTertius
1196 2749 1330 2778 contra
1352 2738 1534 2778 Carolum
1560 2737 1851 2777 Emmanuelem

40 2797 242 2840 -Sabaudiae
262 2797 417 2837 Ducem
439 2810 542 2838 arma
561 2798 724 2840 sumeret
743 2829 758 2850 2
789 2811 878 2839 cum
901 2799 931 2838 is
948 2798 1166 2839 Mantuano
1177 2798 1283 2838 Duci
1301 2798 1604 2839 Montferratum
1625 2798 1772 2849 eripere
1786 2809 1850 2835 co-

45 2869 198 2900 naretur
219 2887 233 2908 ,
265 2856 378 2897 dante
392 2858 542 2898 interim
565 2858 626 2898 sua
649 2859 853 2911 Maiestate
879 2870 1036 2909 operam
1059 2889 1070 2907 ‚
1100 2868 1143 2898 ut
1165 2857 1309 2910 Justitia
1326 2889 1338 2908 ‚
1367 2872 1446 2899 non
1472 2859 1614 2910 gladius
1633 2856 1853 2910 praetensio-

43 2932 112 2961 nes
129 2918 208 2960 illas
232 2917 427 2958 decideret
445 2947 458 2967 ‚
489 2929 617 2969 neque
635 2922 741 2970 quies
774 2918 889 2959 Italiae
903 2919 1056 2969 publica
1073 2918 1125 2958 ob
1148 2919 1398 2970 cupiditatem
1417 2921 1527 2958 unius
1548 2928 1753 2971 pateretur.
1818 2916 1847 2955 l⁸

18 2987 19 2990 ’
46 2980 135 3020 dem
153 2979 365 3032 periculum
388 2979 595 3018 etiamnum
617 2979 735 3019 hodie
774 2979 975 3031 perdurat,
1006 2979 1074 3018 nisi
1094 2990 1377 3031 componantur
1400 2978 1641 3019 dili'ensiones
1658 3008 1669 3027 ,
1702 2988 1848 3028 quaear-

18 3088 19 3092 Ἰ
45 3043 116 3081 mis
132 3049 339 3082 onerarunt
363 3037 557 3079 Corornas
580 3039 762 3091 quasdam
785 3039 1053 3091 &Principesz
1083 3038 1229 3079 eduffis
1250 3042 1352 3080 enim
1366 3041 1479 3081 semel
1497 3039 1648 3092 gladiis,
1681 3035 1845 3133 ειιιῑὲῖὲῐὶ]

915 3098 1030 3139 Uuu
1061 3111 1088 3140 2
1775 3097 1784 3134 i
1828 3109 1848 3135 a

148 3212 216 3261 (a)
242 3213 359 3253 Tacit.
377 3213 447 3251 1.6.
469 3213 597 3251 Annal.
626 3211 690 3262 (b)
720 3212 818 3248 Idem
837 3210 860 3249 l.
878 3224 907 3250 1.
936 3212 1066 3249 Annal.
1124 3210 1188 3260 (c)
1207 3211 1306 3248 Idem
1330 3211 1421 3259 1.15.
1441 3211 1568 3247 Anrml.
1625 3207 1691 3257 (d)
1710 3208 1807 3244 ldem
1822 3207 1843 3245 1.

17 3270 19 3310 j
53 3276 94 3317 4.
114 3267 209 3303 Ann.
265 3266 329 3316 (e)
355 3268 456 3304 Idem
483 3267 504 3304 l.
532 3279 561 3303 1.
578 3269 674 3303 Ann.
724 3263 806 3315 (f)
832 3267 931 3303 Idem
951 3264 1099 3304 ibidem„
