2132 3730
453 216 1442 291 SYMBOLAPOLJTJCA.
1787 267 1869 308 239

424 440 1234 512 SYMBOLUM
1326 445 1486 516 LVI.

203 1980 241 2021 le
257 1983 414 2033 pingere
433 1982 581 2030 literas,
611 1984 748 2034 optimi
766 1982 965 2022 Secretarii
991 1983 1246 2038 Typographi
1269 1984 1411 2026 forent.
1472 1985 1574 2026 Illius
1595 1986 1650 2027 est
1675 1988 1724 2027 de
1743 1989 1860 2028 rebus

204 2041 437 2088 consultare,
471 2053 534 2081 eas
562 2041 782 2094 disponere,
814 2042 852 2081 δε
873 2042 920 2082 ad
943 2043 1225 2095 perfectionem
1252 2044 1457 2088 adducere.
1516 2046 1692 2086 Dextera
1725 2059 1860 2087 manus

45 2100 102 2141 est
118 2102 325 2141 voluntatis
348 2102 552 2153 Principis,
582 2102 619 2141 &
638 2103 923 2153 gubernationis
960 2103 1038 2153 ejus
1069 2103 1384 2155 instrumentum,
1414 2104 1531 2145 index
1557 2106 1743 2158 denique,
1775 2119 1857 2159 quo

34 2162 202 2201 -decreta
228 2161 291 2201 sua
320 2162 539 2213 consignat,
570 2171 685 2212 atque
712 2163 767 2200 uti
798 2160 893 2202 dixit
923 2161 1015 2215 (a)
1045 2163 1134 2203 Rex
1163 2165 1382 2215 Alphonsus
1406 2163 1587 2216 Sapiens,
1617 2165 1649 2205 el
1668 2167 1856 2206 Chamiller

46 2219 159 2276 (ejus
176 2223 266 2260 loco
292 2233 394 2261 nunc
419 2221 649 2261 Secretarius
682 2220 736 2260 est
761 2219 834 2275 (es
850 2218 1033 2273 elsegmido
1051 2222 1189 2275 Official
1200 2222 1241 2263 de
1257 2221 1333 2269 calb
1348 2224 1402 2263 del
1421 2224 1519 2276 Rey,
1549 2224 1590 2264 de
1606 2226 1776 2278 aqzzellos,
1792 2239 1857 2278 que

45 2283 156 2322 tieneiz
173 2280 292 2334 qfficios
319 2280 359 2320 de
390 2281 547 2333 poridat.
610 2282 660 2320 Ca
705 2280 779 2320 bien
809 2280 861 2333 asi
877 2294 962 2321 como
989 2282 1019 2321 el
1051 2283 1209 2334 Capellam
1234 2282 1316 2336 (de
1336 2283 1535 2323 Sacellano
1566 2283 1706 2334 Majori
1732 2286 1858 2335 loqui-

45 2350 130 2390 tur,
163 2342 229 2392 qui
249 2351 342 2380 tunc
371 2342 470 2394 Regi
496 2340 517 2379 a
543 2339 839 2380 confeffionibus
870 2338 980 2395 erat)
1013 2354 1048 2381 es
1073 2341 1262 2382 medianero
1288 2351 1385 2383 entre
1410 2343 1522 2393 Dios,
1551 2357 1569 2382 e
1594 2344 1625 2382 el
1654 2345 1733 2397 Rey
1749 2341 1856 2396 spiri-

46 2401 243 2440 tualemente
262 2414 303 2440 en
316 2398 418 2452 fecho
443 2397 532 2451 defit
551 2402 685 2440 anima:
713 2409 788 2441 otro
793 2399 831 2452 fi
856 2400 884 2440 lo
911 2414 947 2439 es
968 2401 998 2440 el
1027 2401 1215 2442 Chmzciae'er
1242 2409 1338 2442 entre
1361 2404 1415 2450 el,
1446 2416 1463 2440 e
1488 2402 1535 2442 los
1563 2403 1678 2443 Omes.
1766 2404 1857 2443 Can-

46 2462 201 2499 cellarius
218 2461 309 2500 inter
320 2474 373 2500 eos
386 2463 478 2512 regis
487 2458 701 2513 administros
714 2493 726 2510 ‚
738 2463 799 2515 qui
809 2458 1157 2514 arcanisfimgmztur
1169 2461 1284 2515 officiis
1293 2459 1488 2513 ‚strandum
1497 2461 1621 2501 obtinet
1641 2463 1753 2502 locum.
1793 2464 1859 2503 Uti

47 2521 132 2559 em'm
157 2519 349 2559 Sacellaims
367 2519 561 2560 mediatoris
587 2519 702 2559 Deum
715 2523 805 2559 inter
823 2528 927 2571 atque
943 2533 1055 2571 regem
1067 2528 1196 2572 partes
1220 2522 1286 2560 obit
1304 2525 1340 2561 in
1360 2525 1403 2562 iis
1426 2553 1437 2570 ,
1470 2535 1547 2574 quae
1572 2520 1623 2560 ad
1639 2522 1858 2561 inmortalem

46 2576 356 2630 animamspebrant
376 2611 389 2629 ,
418 2581 588 2631 negotiis‚·
617 2581 670 2619 ita
699 2579 929 2619 cancellarius
951 2593 1080 2632 quoque
1099 2583 1191 2620 inter
1216 2594 1326 2633 regem
1350 2613 1361 2629 ‚
1388 2582 1597 2632 hominesque
1632 2580 1779 2633 reliquos
1809 2581 1858 2636 est

45 2636 190 2678 medius.
249 2637 453 2690 Perparum
471 2638 643 2691 proderit
657 2669 669 2687 ‚
700 2640 738 2678 in
761 2639 936 2678 Consiliis
954 2639 1163 2689 prudentes
1183 2640 1368 2679 institutas
1396 2638 1504 2678 fuiss'e
1528 2639 1823 2679 consultationes
1844 2669 1858 2688 ‚

47 2698 75 2738 fi
93 2700 156 2750 qui
176 2697 375 2750 disponere
392 2711 454 2738 eas
473 2699 590 2738 debet
608 2729 618 2747 ,
652 2711 819 2738 errorem
842 2701 1072 2741 committat,
1132 2699 1341 2738 Consiliarii
1366 2700 1446 2738 suas
1471 2698 1603 2737 dicunt
1627 2699 1852 2749 sententias,

46 2758 229 2810 Princeps
251 2770 319 2810 per
340 2758 592 2798 secretarium
612 2758 716 2798 suum
736 2760 898 2798 animam
933 2760 977 2797 iis
1002 2759 1157 2807 tribuit,
1191 2758 1227 2797 &
1249 2771 1366 2798 unum
1393 2758 1547 2809 aliquod
1580 2759 1742 2798 verbum
1768 2760 1853 2808 hic,

50 2830 115 2858 aut
141 2820 193 2858 ibi
221 2817 444 2870 opportune
462 2818 652 2870 positum,
683 2820 929 2872 negotiorum
944 2817 1107 2858 formam
1127 2819 1322 2867 immutat,
1354 2818 1460 2860 haud
1484 2818 1590 2857 secus
1612 2828 1727 2869 atque
1744 2820 1780 2858 in
1796 2821 1853 2871 pi-

51 2878 165 2918 &uris
182 2880 318 2932 exigua
343 2879 465 2928 aliqua
483 2878 617 2917 umbra
634 2908 646 2926 ,
677 2889 740 2918 aut
766 2880 862 2918 levis
883 2879 1048 2930 penicilli
1091 2877 1227 2917 ductus
1254 2879 1369 2918 efficit
1386 2908 1398 2927 ‚
1428 2887 1471 2917 ut
1499 2877 1546 2916 ad
1566 2879 1699 2918 vivum
1723 2891 1853 2918 exeni-

49 2940 130 2990 plar
149 2938 334 2978 accedant
362 2938 520 2989 propii1s
537 2967 549 2985 ‚
582 2947 646 2976 aut
662 2939 708 2977 ab
737 2951 786 2977 eo
802 2938 950 2991 longios
968 2939 1116 2978 abeant.
1176 2937 1387 2978 Consilium
1401 2937 1523 2977 ideam
1539 2936 1691 2977 fabricae
1708 2940 1852 2990 negotii

47 2999 201 3050 alicujus
221 2999 386 3050 disponit
412 3029 423 3046 ,
455 2997 685 3037 Secretarius
713 2999 802 3037 inde
822 3011 995 3038 normam
1029 2999 1234 3037 concinnat
1252 3029 1264 3047 ‚
1296 3000 1333 3037 in
1356 3010 1430 3049 qua
1454 2997 1481 3036 si
1513 3007 1659 3036 erretur
1675 3028 1686 3046 ‚
1727 2998 1848 3048 ipsum

49 3071 205 3110 quoque
220 3057 422 3098 aedificium
445 3057 652 3097 secundiirn
674 3059 769 3097 illam
789 3057 1047 3098 constructum
1071 3057 1250 3096 vitiosum
1283 3060 1367 3102 erin
1431 3057 1487 3096 Ut
1506 3056 1602 3095 istud
1632 3056 1848 3096 Emblema-

50 3126 89 3156 te
106 3119 276 3169 praesenti
303 3118 492 3169 subjiciam
514 3119 634 3156 oculis
658 3149 668 3164 ‚
702 3116 865 3157 calamus
883 3119 980 3157 illius
1011 3119 1172 3157 circinus
1201 3117 1309 3158 fimul
1328 3116 1381 3158 est
1404 3147 1417 3166 ,
1447 3118 1533 3168 quia
1559 3128 1637 3155 non
1658 3116 1776 3154 solim]
1810 3118 1850 3156 in

880 3177 989 3217 Ooo
1024 3190 1045 3216 2
1744 3176 1848 3216 char-

45 1918 210 2054 ΑΒ
230 1923 495 1974 intelligentia,
523 1934 602 1962 non
626 1923 647 1962 ὲ
672 1921 820 1963 calamo
839 1921 893 1963 est
914 1921 1113 1964 Secretarii
1130 1925 1310 1966 officium.
1370 1924 1411 1966 Si
1436 1926 1485 1966 ad
1512 1925 1551 1967 id
1574 1926 1760 1969 sufficeret
1779 1928 1863 1969 bel-

47 3264 1842 3275 —Q-fflmW-w—amffl-a-——Q
