2132 3730
492 207 1474 273 S‘YMBOLAPOLITICA.
1795 223 1876 265 ¹53

395 406 1187 480 SYMBOLUM
1268 407 1559 477 XXXIX.

121 1908 168 1950 N
187 1913 416 1950 numismate
438 1910 610 1960 quodam
634 1912 793 1961 antiquo
812 1909 941 1962 fulgur
967 1909 1189 1962 inscriptum
1203 1939 1216 1959 ‚
1246 1911 1414 1950 cernitur
1435 1908 1546 1962 supra
1569 1919 1691 1953 aram.
1716 1907 1765 1950 ad
1779 1907 1889 1962 figni-

148 1969 368 2018 ficandum,
404 1968 594 2021 Principis
622 1970 866 2011 severitatem
898 1969 1043 2009 debere
1078 1969 1220 2010 cedere
1244 1969 1438 2021 precibus.
1497 1969 1730 2020 Symbolum
1764 1970 1891 2009 oculis

148 2026 348 2068 molestum
363 2058 376 2078 ‚
408 2030 496 2079 quia
527 2031 739 2076 punitionis
759 2029 887 2078 fulgur
918 2026 970 2065 fic
989 2028 1037 2066 ad
1053 2031 1191 2069 vivum
1220 2030 1468 2082 exprimitur,
1499 2030 1537 2070 &
1561 2040 1638 2070 tam
1657 2031 1782 2070 veniae
1799 2040 1888 2082 pro-

58 2091 205 2128 ximum
222 2118 234 2137 ‚
263 2097 308 2126 ut
328 2096 454 2128 metus
473 2085 589 2137 ipsam
611 2096 715 2136 pene
737 2084 843 2137 spem
855 2085 1101 2140 benignitatis
1127 2101 1198 2129 arae
1212 2091 1250 2129 in
1273 2089 1580 2141 desperationem
1591 2089 1784 2131 adducere
1802 2087 1891 2142 pos-

59 2149 98 2188 se
116 2148 306 2187 videatur.
367 2146 419 2186 Et
448 2146 623 2197 quamvis
648 2144 785 2185 deceat
810 2145 1003 2186 interdum
1017 2176 1030 2196 ‚
1051 2155 1096 2186 ut
1117 2149 1249 2187 vultus
1268 2150 1455 2200 Principis
1471 2179 1483 2197 ,
1516 2150 1578 2188 cui
1598 2161 1686 2188 reus
1713 2148 1763 2188 de
1784 2149 1889 2202 geni·

11 2206 13 2209 ⁴
61 2208 134 2248 bus
150 2208 362 2260 supplicat,
392 2218 471 2259 prae
504 2207 542 2245 se
566 2203 665 2244 ferat
692 2204 835 2246 eodem
866 2215 1070 2258 tempore,
1107 2206 1146 2246 &
1176 2216 1364 2249 terrorem
1387 2206 1565 2260 Justitiae‚
1595 2207 1634 2248 &
1661 2208 1890 2256 Clementia

12 2285 13 2288 ¹
61 2268 308 2313 suavitatem3
338 2266 379 2306 id
407 2276 536 2306 tamen
563 2277 645 2305 non
666 2266 814 2317 semper
841 2265 1028 2318 expedit:
1058 2265 1152 2307 effet
1173 2269 1275 2308 enim
1303 2278 1439 2307 contra
1465 2265 1628 2320 Spiritus
1651 2267 1779 2309 Sancti
1805 2280 1897 2313 mos

61 2328 208 2377 nitutn,
239 2328 304 2378 qui
326 2328 434 2375 vult,
463 2335 507 2366 ut
529 2337 578 2365 ex
598 2325 679 2377 ejus
695 2325 795 2366 facie
821 2353 834 2376 ‚
864 2326 959 2366 Vita
988 2325 1026 2366 &
1042 2325 1258 2368 Clementia
1285 2327 1360 2382 (a)
1388 2329 1580 2374 eluceant.
1641 2326 1699 2368 Ea
1725 2337 1889 2381 propter

64 2388 103 2426 in
120 2387 290 2438 praesenti
307 2386 552 2427 Emblemate
579 2381 735 2438 fulgutis
758 2386 849 2426 loco
871 2385 1010 2426 Vellus
1029 2398 1189 2428 aureum
1204 2387 1313 2442 supra
1334 2400 1434 2427 aram
1461 2385 1638 2438 colloco,
1670 2387 1778 2441 quod
1815 2389 1893 2440 pri-

63 2459 149 2486 mus
167 2445 380 2486 introduxit
395 2446 597 2499 Philippus
619 2445 751 2487 Bonus
767 2445 998 2500 Burgundiae
1020 2446 1138 2496 Dux,
1169 2460 1251 2489 non
1270 2460 1344 2500 pro
1364 2448 1571 2502 insignibus
1591 2447 1613 2504 (
1621 2458 1665 2489 ut
1678 2449 1789 2490 multi
1806 2449 1890 2489 exi-

64 2505 254 2560 stimant>
275 2505 439 2547 fabulofi
453 2507 608 2547 velleris
638 2506 868 2555 Cholchici,
899 2506 963 2546 sed
980 2508 1090 2558 pellis
1106 2509 1228 2558 illius,
1258 2509 1324 2548 seu
1345 2510 1499 2548 velleris
1518 2507 1747 2556 Gedeonis,
1778 2507 1889 2560 quod

67 2565 211 2613 solum,
241 2567 280 2604 in
318 2566 465 2618 iignum
502 2565 675 2606 vietoriae
717 2567 912 2607 arentibus
941 2568 1085 2606 circum
1112 2570 1207 2621 agris
1232 2580 1321 2608 rore
1352 2568 1403 2608 de
1428 2570 1526 2608 coelo
1560 2567 1655 2621 (b)
1689 2567 1882 2610 madebat.

70 2626 165 2679 Quo
186 2624 377 2674 Symbolo
402 2624 656 2665 mansuetudo
682 2627 908 2678 exprimitur
927 2625 969 2666 ὅτ.
985 2626 1218 2679 benignitas,
1250 2627 1578 2678 quemadmodum
1597 2626 1759 2668 eandem
1776 2627 1887 2681 figni-

65 2685 156 2726 ficat
178 2687 312 2737 Agnus
336 2686 586 2724 immaculatae
617 2682 712 2725 illius
736 2684 884 2725 Hostiae
906 2684 989 2725 Filii
1015 2684 1094 2726 Dei
1116 2686 1234 2727 oblati
1268 2699 1341 2738 pro
1361 2686 1496 2727 mundi
1522 2687 1654 2733 salute.
1713 2686 1887 2728 Victima

66 2745 122 2786 est
151 2746 332 2795 Princeps
354 2745 548 2784 laboribus
578 2744 615 2783 &
642 2747 818 2797 periculis
843 2745 945 2797 quafi
967 2745 1152 2785 sacrificio
1181 2744 1363 2786 destinata
1384 2759 1456 2798 pro
1486 2749 1683 2787 communi
1715 2747 1887 2788 subdito.

66 2818 151 2846 rum
174 2806 328 2844 suorum
350 2805 529 2844 utilitate.
588 2804 799 2846 Pretiosum
817 2808 967 2855 vellus,
991 2804 1102 2845 dives
1122 2818 1230 2854 rore,
1260 2806 1298 2846 &
1314 2808 1392 2847 aliis
1409 2808 1492 2847 coeli
1509 2807 1647 2851 bonis:
1677 2808 1716 2848 in
1736 2807 1801 2848 illo
1819 2807 1887 2848 ha-

66 2865 183 2905 beant
202 2860 361 2916 op'ortet
387 2865 530 2914 quovis
547 2872 750 2917 tempore,
780 2878 860 2918 quo
881 2865 938 2906 siti
958 2865 1032 2905 suae
1057 2865 1199 2905 faciant
1225 2866 1310 2907 satis
1325 2897 1338 2916 ‚
1369 2866 1407 2907 δι
1432 2867 1644 2908 remedium
1669 2869 1784 2909 rebus
1814 2868 1886 2909 suis

66 2923 209 2964 afflietis
234 2924 453 2971 inveniant,
485 2923 632 2975 semper
667 2923 824 2966 affabilis
858 2926 931 2975 fit,
959 2926 1128 2965 sincerus
1153 2926 1301 2978 semper
1322 2957 1334 2975 ‚
1363 2926 1401 2967 &
1435 2928 1622 2981 benignus
1654 2941 1742 2982 erga
1771 2929 1883 2977 illos,

68 2995 146 3035 quo
165 2986 253 3038 plus
273 2983 434 3032 efficiet,
465 2982 579 3036 quam
604 2983 815 3027 severitate.
875 2984 981 3026 Mox
1003 2998 1105 3026 arma
1118 2986 1329 3039 posuerunt
1342 2986 1529 3039 conjurati
1542 3017 1555 3037 ,
1584 3001 1672 3029 cum
1687 2986 1882 3042 placidum

943 3046 983 3100 Q
1000 3058 1026 3098 q
1398 3078 1400 3080 ,
1787 3047 1879 3088 Ale-

165 3173 222 3219 (a)
243 3179 285 3210 In
301 3172 496 3212 hilaritate
521 3174 647 3212 vultus
672 3179 717 3211 Re
742 3177 790 3217 is,
813 3179 920 3215 vita:
945 3176 992 3221 ό»
1017 3178 1204 3216 clementia
1224 3180 1297 3228 ejus
1318 3178 1420 3232 quast
1435 3178 1544 3218 imber
1553 3176 1739 3224 strotinus.
1764 3176 1879 3219 Prov.

72 3226 131 3265 16.
151 3235 173 3281 *1
185 3235 217 3267 ς.
267 3228 327 3273 (b)
352 3233 483 3265 Ponam
501 3225 560 3265 hoc
580 3227 689 3264 vestus
724 3241 795 3264 amc
811 3230 850 3266 in
868 3230 974 3274 ared5
985 3230 1027 3281 fi
1039 3246 1094 3269 ros
1119 3234 1158 3268 in
1171 3228 1241 3277 sblo
1256 3233 1383 3270 vellere
1387 3230 1528 3283 fuerit»
1553 3230 1599 3274 ’ὠ
1622 3233 1661 3269 in
1675 3233 1769 3271 omni
1783 3232 1883 3272 terr}

61 3271 216 3323 succttas
224 3275 337 3323 stiam
360 3279 448 3332 quod
454 3290 520 3335 per
542 3293 688 3320 manum
700 3293 816 3320 meam
823 3280 918 3334 ficut
932 3283 1063 3323 locutus
1087 3298 1138 3325 es,
1164 3283 1329 3334 liberabis
1349 3281 1465 3335 [srael.
1493 3282 1607 3343 Judic.
1633 3289 1669 3323 6.
1691 3296 1749 3333 37„
