2132 3730
254 275 338 315 322
687 259 1036 301 DIDACI
1091 260 1630 307 SAAVEDRAE.

461 320 1536 335 ——n—*Q—*m———ffl

259 347 339 400 (a)
353 346 442 385 aliis.
501 340 623 393 Quod
636 340 663 380 s1
682 344 766 394 quis
782 344 957 383 oratione
965 344 1225 395 praemeditata
1239 346 1332 387 illud
1355 349 1473 387 lenire
1486 330 2054 403 stum

247 409 390 447 oleum.
450 400 540 440 Una
566 401 691 453 aliqua
715 415 797 442 vox
825 404 1018 453 acerbior,
1050 413 1116 443 aut
1149 405 1315 447 severior
1338 408 1615 448 animadversio
1639 410 1727 461 plus
1752 411 1798 450 ad
1824 409 2052 464 persuaden—

247 466 339 506 dum
359 462 475 504 habet
487 460 660 560 t{eboris
719 462 851 503 Unico
868 463 950 504 solo
976 464 1101 505 verbo
1133 463 1251 516 Julius
1290 466 1412 507 Caesat
1440 468 1604 510 militum
1632 467 1857 513 seditionem
1890 481 2053 525 compo·

248 527 319 568 suit
337 554 351 574 ,
380 532 470 562 cum
513 530 656 567 iceret:

499 649 583 658 --
617 616 706 681 (b)
744 613 986 686 Dffcedite
1015 618 1179 689 castris
1203 658 1218 677 ‚

421 684 627 740 Tradite
645 687 802 757 nostra
825 692 956 743 viris
978 693 1154 762 ignavi
1158 689 1304 762 signa
1321 693 1553 759 Quirites.

2122 464 2124 483 l

420 794 459 847 ς.
487 794 611 836 Porro
629 795 676 836 ad
704 795 906 838 sedandam
938 798 1235 841 tumultuantem
1249 801 1428 853 plebem,
1458 799 1747 842 efficaciffimum
1770 805 1981 848 remedium
1997 805 2055 849 est

240 854 399 904 divis103
429 855 458 896 sl
482 857 660 896 nimirum
676 856 809 897 videat
825 859 927 899 vites
946 860 1026 900 suas
1049 860 1087 899 &
1103 863 1225 913 prima
1241 863 1367 914 capita
1386 862 1426 900 in
1446 860 1611 902 diversas
1626 860 1838 904 factionum
1855 877 1981 917 partes
1997 868 2053 908 di«

239 916 366 961 strahi.
423 916 524 956 Cum
547 917 682 968 apibus
707 917 786 958 hoc
805 918 966 960 artificio
988 922 1147 971 utimur,
1178 923 1332 974 quoties
1357 923 1477 961 alatus
1501 923 1563 961 ille
1588 933 1683 975 grex
1713 922 1817 964 foras
1843 937 1892 965 ex
1913 928 2053 969 alveari
2117 943 2119 971 s

243 988 500 1030 prorumpens
528 978 750 1017 tumultuari
767 979 902 1031 incipit
931 978 1051 1034 (nam
1073 981 1111 1021 &
1151 981 1218 1022 ista
1241 982 1479 1035 Respublica
1504 981 1720 1023 domesticis
1745 986 1816 1024 suis
1844 988 1949 1026 malis
1973 1000 2053 1028 non
2117 986 2127 1013 ’ν

241 1035 375 1092 caret)
408 1036 445 1076 &
477 1035 631 1076 desertis
656 1037 858 1079 domiciliis
890 1042 1036 1090 cereis,
1068 1042 1238 1083 confufls
1264 1042 1476 1096 agminibus
1501 1054 1572 1096 per
1594 1042 1721 1084 aerem
1744 1045 2051 1096 circumvolitat,
2116 1046 2118 1052 ’

239 1098 366 1138 donec
380 1094 526 1148 injectis
545 1099 773 1150 pulveribus
796 1099 1046 1141 distrahantur
1070 1100 1091 1141 ὲ
1106 1102 1352 1144 seinvicem:
1381 1112 1465 1144 tum
1484 1105 1587 1144 enim
1602 1103 1728 1145 subito

414 1210 491 1275 (c)
533 1209 758 1263 Pulveris
772 1215 943 1284 ,engui
958 1212 1102 1285 jacflu
1130 1211 1383 1285 comprfft
1399 1212 1659 1286 quicstunt.

237 1333 356 1377 Unde
373 1333 411 1375 &
427 1333 546 1387 figura
568 1334 606 1374 &
627 1336 768 1376 lemma
788 1339 982 1389 praesentis
1009 1336 1187 1388 Symboli
1217 1340 1416 1391 desumpta
1442 1340 1541 1380 sunt.

413 1393 582 1434 Tametfi
605 1395 702 1435 vero
719 1397 802 1436 haec
826 1398 963 1439 divisio
987 1398 1134 1450 semper
1160 1409 1383 1450 opportuna
1410 1399 1476 1447 fit,
1506 1398 1657 1450 majoris
1688 1408 1817 1439 tamen
1840 1400 2052 1452 prudentiae
2106 1431 2109 1438 .

235 1453 292 1495 est
307 1452 477 1506 ejusdem
499 1453 693 1494 beneficio
718 1455 855 1497 damna
873 1467 1128 1510 praevertere,
1162 1468 1366 1511 antequam
1396 1461 1600 1508 eveniant,
1629 1458 1743 1512 quam
1764 1459 1897 1499 iisdem
1919 1460 2053 1513 postea
2114 1463 2115 1478 ³

236 1514 386 1555 adferre
405 1514 619 1554 remedium
651 1514 728 1570 (d)
758 1516 848 1556 Rex
869 1517 1131 1558 Ferdinandus
1150 1519 1341 1570 Quartus,
1373 1517 1463 1558 cum
1479 1519 1652 1558 virorum
1680 1519 1921 1570 quorundam
1945 1522 2055 1560 nobi-

236 1577 328 1615 lium
344 1576 382 1614 in
398 1573 564 1614 Galaecia
579 1584 710 1615 motus
726 1577 991 1627 intellexisset,
1021 1589 1090 1617 eos
1117 1577 1164 1616 ad
1196 1577 1232 1616 se
1252 1580 1398 1617 accitos
1430 1578 1655 1618 militaribus
1685 1577 1859 1628 praefecit
1888 1581 2052 1620 muneri·

235 1636 320 1675 bus.
378 1634 546 1674 Romani
561 1634 740 1674 homines
757 1635 956 1677 seditiosos
980 1649 1024 1676 ac
1054 1637 1299 1677 turbulentos
1334 1637 1382 1677 ad
1406 1638 1579 1677 colonias
1602 1646 1668 1677 aut
1691 1639 1881 1678 exercitus
1906 1640 2052 1692 ablega·
2104 1640 2132 1666 5‘

234 1696 340 1735 bant.
402 1694 558 1733 Publius
575 1693 752 1734 AEmilius
778 1698 973 1748 praecipua
990 1696 1221 1738 seditionum
1245 1698 1371 1749 capita
1393 1699 1431 1737 in
1450 1697 1596 1738 Italiam
1611 1696 1817 1746 transtulit;
1846 1700 1902 1738 uti
1922 1698 1958 1739 &
1978 1700 2050 1740 Ca·
2111 1716 2113 1749 :f
2131 1691 2132 1706 ¹

234 1757 339 1795 rolus
361 1754 530 1808 Quintus
546 1753 722 1794 Saxoniae
739 1754 921 1797 Nobiles.
982 1758 1149 1798 Rutilius
1173 1757 1209 1798 &
1238 1757 1496 1798 Germanicus
1525 1759 1663 1798 milites
1689 1757 1875 1810 quosdam
1902 1758 2052 1800 seditio„
2130 1792 2132 1796 .

234 1815 293 1856 sos
314 1816 409 1854 rude
439 1814 641 1854 donarunt.
710 1814 860 1859 Drusus
889 1813 953 1874 (e)
990 1819 1267 1859 tumultuantes
1303 1817 1497 1872 Legiones
1524 1817 1789 1870 compescuit,
1820 1817 2052 1860 dissociando
2109 1813 2112 1873 ,ἶ

233 1889 302 1916 eos
326 1877 372 1915 ab
393 1877 572 1914 invicem.
632 1873 843 1927 Propterea
877 1879 1118 1930 temporibus
1150 1878 1286 1919 Galbae
1316 1878 1404 1934 (f)
1435 1877 1676 1932 longz'sspatiis
1706 1875 1840 1926 dissi-eti
1856 1882 2020 1919 exercitus
2035 1911 2050 1931 ,
2108 1923 2132 1934 ,

231 1935 324 1990 quod
330 1934 594 1986 saluberrimum
614 1933 661 1988 est
683 1934 735 1974 ad
759 1936 992 1978 continendam
1014 1939 1196 1979 militarem
1211 1936 1340 1992 fidem,
1369 1952 1427 1978 nec
1449 1941 1552 1980 vitiis
1577 1952 1636 1980 nec
1661 1939 1799 1979 viribus
1820 1936 2050 1990 miscebantur.
2108 1944 2110 1980 s
2128 1936 2132 1949 ¹

235 1997 366 2049 Quare
390 1996 519 2034 multis
555 1995 749 2046 optimum
776 1998 898 2037 visum
928 1997 1026 2046 fuit,
1076 2010 1235 2038 omnem
1270 2000 1430 2038 omnino
1468 2008 1605 2039 caetum
1632 2000 1783 2050 populo
1810 1998 2049 2041 interdicere.
2094 1998 2132 2050 'JJ

231 2056 409 2098 Eundem
439 2056 476 2094 in
501 2053 618 2094 finem
640 2055 730 2094 urbs
746 2054 861 2106 Cayri
882 2058 921 2097 in
946 2069 1068 2097 cci-tas
1087 2060 1264 2110 regiones
1288 2060 1451 2110 praealtis
1479 2057 1580 2098 follis
1600 2056 1790 2097 distinet-as
1813 2057 1926 2097 divisa
1949 2058 2049 2114 fuit,
2097 2071 2101 2081 1
2125 2060 2130 2070 ¹

234 2128 275 2157 ut
301 2118 407 2156 cives
432 2124 509 2156 tam
528 2112 641 2154 facile
659 2117 698 2154 in
715 2127 834 2156 unum
862 2119 968 2157 coire
991 2131 1070 2157 non
1101 2118 1270 2169 possent.
1330 2117 1423 2158 Nec
1453 2118 1554 2158 aliud
1574 2119 1778 2170 quicquam
1804 2116 1987 2157 Venetias
2009 2121 2050 2161 in
2097 2127 2100 2157 l

230 2180 360 2229 quiete
382 2177 578 2224 eontinet,
610 2173 727 2226 quam
745 2175 853 2228 quod
872 2179 1017 2230 plateas
1041 2190 1179 2217 omnes
1201 2189 1304 2217 mare
1337 2179 1550 2217 intersecet.
1608 2175 1804 2228 Separatio
1821 2178 1964 2217 multos
1981 2178 2050 2217 du-

228 2238 314 2278 bios
332 2236 458 2276 reddit
479 2236 517 2276 &
544 2235 750 2286 ancipites,
782 2247 825 2276 ut
852 2238 1020 2278 nesciant
1039 2251 1125 2290 quae
1142 2251 1228 2290 pars
1247 2239 1414 2278 securior
1440 2238 1509 2286 fit,
1540 2236 1648 2289 quod
1667 2236 1697 2277 fi
1719 2238 1776 2277 illa
1792 2234 1911 2286 defit,
1938 2237 1977 2277 id
1995 2239 2049 2277 se·
2105 2219 2130 2262 ³¹

230 2307 399 2351 quuntur
424 2306 589 2344 omnes,
621 2294 701 2347 quo
731 2297 914 2338 inclinant
944 2298 1035 2354 (g)
1065 2300 1206 2350 plures.
1269 2302 1402 2350 Atque
1433 2308 1517 2337 eam
1555 2297 1608 2337 ob
1635 2308 1717 2337 rem
1742 2296 1918 2337 ‘Pisander
1949 2299 2048 2338 inter
2104 2350 2105 2354 Ἰ
2131 2290 2132 2301 ’

2103 2360 2105 2384 l
2121 2371 2125 2381 r

228 2358 482 2400 Athenienses
505 2356 705 2396 seminavit
728 2355 955 2408 discordias,
985 2369 1028 2399 ut
1049 2357 1224 2397 dissoluta
1240 2360 1385 2398 unione
1404 2359 1503 2397 inter
1520 2358 1558 2397 se
1585 2355 1695 2397 divifi
1711 2353 1839 2396 essent.

380 2421 423 2457 ln
452 2416 702 2456 seditionibus
722 2418 947 2458 militaribus
965 2420 1138 2470 apprime
1164 2420 1255 2457 utile
1272 2420 1343 2458 erit
1367 2417 1560 2460 interdum
1584 2417 1677 2457 alios
1706 2425 1839 2456 contra
1859 2417 1952 2456 alios
1973 2413 2046 2474 (h)
2095 2459 2097 2464 ,
2124 2404 2132 2428 ²¹

227 2480 436 2520 concitare.
496 2475 603 2516 Nam
639 2475 821 2517 remedium
845 2479 1012 2519 tumultus
1044 2477 1119 2518 effe
1148 2478 1244 2518 solet
1268 2479 1358 2519 alius
1389 2477 1569 2520 tumultus,
1618 2476 1684 2531 (i)
1712 2475 1756 2516 In
1778 2475 2046 2528 conjuratione
2088 2477 2103 2531 J

229 2538 393 2592 quadam
411 2537 587 2590 populari
613 2535 651 2575 id
669 2537 814 2577 consilii
832 2538 963 2579 datum
982 2538 1056 2579 fuit
1071 2538 1252 2579 Romano
1272 2539 1448 2589 Senatui,
1483 2548 1526 2578 ut
1559 2536 1686 2578 fraffitis
1718 2548 1788 2590 per
1814 2535 2044 2579 divisionem

229 2598 426 2641 discordiae
460 2597 746 2649 conjuratorum
773 2600 938 2649 viribus,
969 2601 1123 2652 plebem
1144 2600 1260 2652 plebe
1295 2609 1563 2652 componeret.
1623 2599 1755 2649 Atque
1787 2596 1837 2637 eo
1870 2595 2043 2650 spediare
2092 2602 2117 2625 ²·

229 2661 364 2700 debuit
384 2659 537 2698 Solonis
554 2659 614 2697 lex
631 2687 642 2704 ,
672 2669 758 2708 quae
772 2657 883 2710 poenfi
899 2662 1033 2711 capitis
1049 2659 1221 2701 muletari
1239 2659 1400 2710 jubebat
1425 2662 1572 2707 civem,
1604 2659 1669 2710 qui
1691 2667 1827 2697 coorta
1851 2656 2042 2698 seditione
2079 2667 2103 2720 If,
2127 2705 2132 2722 ,

228 2733 310 2761 non
328 2729 441 2758 certae
460 2718 571 2758 alicui
593 2716 799 2758 adhaefiffet
818 2719 976 2760 faetioni
990 2753 1002 2770 ‚
1032 2720 1182 2761 tametfi
1200 2720 1277 2759 hoc
1294 2719 1386 2759 esset
1403 2719 1575 2759 flammas
1596 2729 1735 2770 augere
1754 2719 1885 2770 potius
1897 2749 1910 2769 ,
1927 2716 2042 2769 quam
2076 2710 2103 2762 5,]
2126 2724 2129 2730 ’

228 2778 403 2820 dividere
421 2808 434 2827 ‚
471 2779 558 2818 curn
597 2777 802 2827 superesset
841 2793 980 2830 ne1n0,
1011 2783 1077 2831 qui
1102 2782 1246 2830 absque
1269 2781 1560 2830 perturbatione
1586 2778 1843 2820 intercederet
1866 2777 2039 2829 medius,
2089 2810 2092 2815 ,

215 2829 373 2890 ‘easque
392 2839 645 2889 extingueret.

1903 2957 1939 3010 ς.
1958 2960 2039 3000 An-
2098 3001 2100 3010 ,
2130 3008 2132 3019 ⁴

326 3073 351 3123 ζ
353 3075 396 3123 a)
424 3073 531 3112 Nihil
543 3078 582 3112 in
605 3078 713 3130 vage>
728 3078 917 3118 modicum:
942 3089 1091 3122 terrere,
1115 3083 1156 3119 ni
1161 3091 1322 3135 paveat:
1346 3082 1407 3121 ubi
1414 3086 1682 3138 pertimuerint,
1708 3081 1842 3134 impune
1855 3085 2040 3122 contemni.

227 3125 327 3162 Idem
342 3127 403 3163 lib.
426 3140 456 3164 1.
484 3129 612 3166 Annal.
670 3132 741 3179 (b)
770 3133 903 3170 Lucan.
958 3133 1022 3182 (c)
1048 3133 1152 3184 Virg.
1182 3138 1216 3171 in
1238 3136 1375 3186 Georg.
1429 3139 1490 3185 (d)
1517 3140 1606 3175 Mar.
1641 3135 1729 3172 Hist.
1758 3135 1855 3185 Hisp.
1883 3136 1944 3173 lib.
1979 3149 2039 3181 ις.
2089 3169 2091 3176 ,
2117 3157 2132 3165 -

226 3188 303 3225 cap.
322 3191 356 3223 9.
411 3185 474 3227 (e)
506 3186 660 3232 Ty‘romm
680 3181 705 3218 ὰ
723 3194 913 3227 veterano,
934 3185 1100 3237 legionem
1117 3185 1142 3223 d
1155 3185 1285 3240 legione
1300 3188 1491 3237 difficiant.
1519 3188 1634 3226 Tacit.
1661 3189 1721 3224 lib.
1752 3200 1782 3224 ι.
1806 3189 1940 3228 Annal.
1977 3187 2040 3235 (f)

226 3228 326 3266 Idem
356 3231 418 3290 lib.
465 3246 494 3269 1.
515 3234 605 3271 Hist.
657 3238 717 3284 (g)
743 3237 856 3289 Q⁹d
886 3240 925 3274 in
943 3237 1174 3284 fiditionibus
1201 3242 1349 3282 accidit,
1376 3242 1467 3279 unde
1483 3242 1601 3295 plures
1625 3250 1731 3278 erant
1747 3268 1755 3279 ‚
1785 3254 1898 3278 omncs
1914 3238 2037 3291 fudre.
2088 3262 2090 3290 ?

225 3279 325 3317 Idem
350 3285 410 3321 lib.
436 3299 465 3322 1.
482 3286 570 3324 Hist.
629 3290 691 3333 (h)
716 3292 804 3325 Dux
825 3289 876 3326 ad
889 3289 1098 3336 sblvendam
1117 3292 1275 3330 militum
1305 3294 1604 3347 conspirationem,
1630 3293 1786 3329 alterum
1805 3295 1845 3331 in
1883 3293 2038 3333 alterum

222 3336 387 3372 concitat.
414 3340 446 3374 S.
463 3339 586 3389 Chrys.
641 3340 703 3391 (i)
729 3342 816 3378 Tac.
834 3342 897 3379 lib.
919 3358 953 3379 2.
971 3344 1062 3382 Hist.
