2132 3730
265 214 319 254 30
716 196 1072 245 DJD‘AM
1118 197 1654 248 SAAVEDRAE

615 396 1423 468 SYMBOLUM
1504 400 1704 471 VIII.

318 1879 364 1921 N
393 1880 661 1922 Monocerote
688 1881 784 1922 mire
807 1882 922 1925 solers
947 1881 1023 1925 fuit
1050 1891 1185 1926 natura
1207 1896 1254 1926 ac
1284 1882 1463 1938 provida.
1523 1885 1627 1926 Inter
1644 1888 1745 1939 ipsos
1762 1889 1898 1929 oculos
1914 1886 1981 1928 Irae
2003 1899 2058 1928 ar·

348 1954 410 1982 ma
430 1940 576 1982 defixit.
636 1942 791 1991 Prorsus
816 1943 1005 1985 neceffum
1038 1943 1093 1984 est
1110 1974 1124 1992 ,
1152 1955 1195 1984 ut
1228 1947 1383 1987 oculum
1414 1955 1622 1999 utrumque
1647 1947 1836 1987 intentum
1861 1949 2001 1987 habeas
2015 1949 2057 1988 in

347 2014 432 2044 eam
455 2002 660 2054 paffionem
687 2032 699 2051 ‚
743 2014 827 2053 quae
850 2012 926 2042 tam
957 2002 1162 2054 imperiose
1189 2004 1403 2046 actionibus
1429 2005 1467 2046 &
1490 2005 1662 2045 motibus
1688 2007 1801 2046 animi
1826 2005 2056 2046 dominatur.

255 2060 404 2103 Eadem
426 2060 578 2101 flamma
599 2091 612 2110 ,
643 2058 718 2113 qua
735 2063 974 2102 succenditur
993 2093 1005 2111 ,
1036 2064 1166 2102 lumen
1185 2065 1237 2103 illi
1256 2066 1380 2116 eripit.
1440 2065 1505 2105 Ab
1525 2065 1714 2108 insania&
1748 2065 1879 2105 furore
1908 2064 2060 2106 nonnisi

254 2123 442 2174 temporis
458 2122 649 2161 brevitate
666 2121 806 2164 differt.
883 2120 975 2161 Nec
991 2123 1113 2162 homo
1137 2124 1252 2162 iratus
1281 2123 1385 2164 idem
1409 2122 1465 2164 est
1488 2125 1553 2174 qui
1571 2123 1681 2164 antea
1703 2138 1715 2171 3
1745 2136 1815 2176 per
1835 2127 1926 2164 iram
1956 2127 2058 2165 enim

256 2182 360 2234 quali
380 2191 487 2221 extra
506 2180 712 2234 seponitur.
771 2180 845 2236 (a)
877 2182 962 2222 Non
981 2180 1146 2233 desiderat
1151 2180 1329 2234 fbrtitudo
1352 2182 1556 2224 advocatam
1573 2186 1673 2224 iram.
1733 2183 1803 2238 (b)
1832 2183 1936 2242 Quid
1955 2187 2058 2225 enim

243 2241 391 2302 stultius
418 2238 466 2294 est
480 2273 493 2291 ,
523 2254 624 2294 quam
645 2243 731 2283 hanc
750 2241 796 2281 ab
815 2241 994 2282 iracundia
1006 2249 1127 2293 petere
1140 2241 1337 2295 praefidium
1350 2273 1363 2292 ‚
1392 2256 1466 2283 rem
1486 2242 1644 2299 stabilem
1666 2244 1712 2284 ab
1736 2247 1866 2284 incerta
1888 2275 1901 2293 ‚
1920 2242 2059 2297 fidelem

244 2302 300 2341 'ab
337 2298 444 2353 infida
466 2330 478 2347 ,
498 2297 621 2350 fimum
634 2301 679 2341 ab
699 2314 795 2353 aegra
809 2303 829 2341 ἰ)
891 2301 951 2341 Ad
970 2302 1260 2353 triumphandos
1282 2301 1410 2342 hostes
1435 2304 1526 2343 nihil
1547 2315 1645 2356 opus
1664 2305 1822 2343 levitate
1838 2304 2055 2343 iracundiae.

253 2360 349 2402 Nec
366 2359 559 2400 fortitudo
589 2360 643 2401 est
676 2391 689 2411 ‚
719 2373 804 2412 quae
828 2362 974 2413 absque
990 2363 1138 2401 ratione
1157 2364 1397 2402 commoveri
1421 2363 1457 2402 se
1490 2363 1586 2403 finit.
1643 2362 1781 2403 Verbo
1798 2393 1810 2411 ,
1839 2364 1984 2403 nullum
1999 2364 2057 2401 vi-

254 2422 352 2461 tium
370 2420 487 2473 magis
504 2419 717 2473 Principem
741 2420 928 2470 dedecet,
957 2433 1069 2473 quam
1090 2419 1215 2465 istudt
1245 2422 1347 2461 irasci
1372 2425 1471 2462 enim
1491 2432 1756 2475 contemptum
1776 2422 1977 2475 supponit,
1992 2431 2058 2462 aut

256 2489 456 2532 acceptam
474 2479 658 2531 injuriam.
720 2479 885 2523 Nullum
905 2483 998 2521 item
1020 2483 1167 2521 muneri
1187 2480 1224 2521 δι
1252 2482 1379 2521 officio
1405 2482 1485 2533 ejus
1503 2483 1555 2522 sle
1575 2482 1791 2522 adversatur
1813 2496 1821 2520 :
1853 2483 1944 2521 nihil
1955 2482 2058 2521 enim

255 2539 366 2593 aeque
379 2540 557 2581 tenebras
580 2539 744 2582 offendit
760 2540 929 2592 judicio,
963 2540 1068 2592 quod
1089 2542 1320 2581 clariffimum
1331 2542 1478 2594 semper
1497 2541 1571 2583 esse
1592 2541 1708 2583 debet
1728 2544 1765 2582 in
1787 2553 1835 2581 eo
1853 2572 1865 2591 ‚
1897 2543 1960 2593 qui
1976 2541 2055 2581 aliis

254 2601 430 2654 imperat.
489 2599 670 2654 Princeps
692 2601 756 2653 qui
788 2602 871 2651 ira,
902 2601 940 2641 &
972 2600 1164 2642 stamacho
1196 2603 1333 2641 leviter
1372 2602 1608 2651 exardescit,
1651 2601 1777 2642 cordis
1804 2600 1856 2640 sui
1889 2599 2057 2652 potesta·

254 2669 336 2701 tem
362 2658 476 2700 tradit
491 2661 651 2701 irritanti
671 2692 684 2710 ‚
715 2661 917 2702 &arbitrio
932 2662 1029 2701 illius
1050 2660 1086 2699 se
1112 2660 1268 2712 subjicit.
1327 2660 1366 2700 Si
1382 2662 1528 2714 absque
1549 2661 1762 2702 offensione
1788 2673 1838 2700 ne
1851 2662 1949 2712 plica
1976 2660 2058 2710 qui-

255 2720 344 2760 dem
364 2721 403 2760 in
423 2721 538 2772 pallio
553 2722 658 2773 regio
681 2720 877 2761 disturbari
893 2719 1018 2774 poss‘et
1044 2718 1066 2760 ὲ
1085 2722 1268 2774 quopiam
1288 2733 1301 2769 ;
1330 2721 1423 2773 quid
1449 2725 1521 2763 erit
1546 2721 1712 2774 denique
1729 2752 1740 2771 ,
1771 2721 1800 2761 fi
1823 2720 1985 2760 animum
2013 2720 2056 2758 il-

255 2781 327 2820 lius
351 2781 435 2831 quis
465 2781 673 2820 conturbet
696 2781 716 2820 2

373 2837 409 2890 §.
442 2838 655 2880 Enimverb
678 2842 730 2880 ira
750 2841 851 2880 tinea
868 2838 1042 2891 quaedam
1065 2838 1120 2878 est
1140 2869 1153 2888 ‚
1186 2850 1299 2890 quam
1314 2843 1429 2891 parit,
1460 2841 1498 2881 &
1512 2842 1630 2881 nutrit
1651 2840 1728 2893 ipsa
1746 2849 1924 2891 purpura.
1944 2837 2056 2879 Pom·

253 2910 305 2951 pa
327 2896 540 2950 superbiam
562 2902 700 2953 gignit,
716 2901 889 2952 superbia
906 2901 1011 2942 iram.
1075 2897 1127 2937 Et
1151 2900 1335 2950 potentiae
1353 2900 1455 2952 quast
1483 2902 1680 2954 proprium
1709 2898 1763 2938 est
1786 2927 1798 2945 ‚
1829 2898 1933 2937 nolle
1962 2899 2054 2950 pati.

253 2955 385 2997 Nimis
409 2970 523 3009 quam
541 2959 725 3000 delicatus
750 2958 804 2998 est
834 2959 1050 3010 Principum
1069 2957 1204 3002 sensus.
1266 2957 1475 3011 Speculum
1494 2991 1507 3010 ‚
1537 2959 1642 3012 quod
1667 2955 1845 2997 facillime
1869 2958 2057 2998 maculam

256 3017 460 3057 contrahit.
523 3018 670 3059 Coelum
688 3050 700 3068 ‚
732 3019 837 3070 quod
856 3031 1003 3070 vapore
1021 3019 1126 3058 tenui
1146 3016 1225 3057 citb
1244 3019 1488 3060 obnubilatur
1507 3050 1520 3070 ,
1551 3020 1588 3060 δι
1611 3018 1700 3069 jacit
1720 3016 1890 3056 fulmina.
1951 3016 2054 3057 Viti-

254 3088 322 3117 um
344 3075 451 3129 quod
469 3079 614 3118 animos
632 3091 789 3132 magnos
806 3079 1033 3131 plerumque
1052 3077 1256 3130 generosos
1285 3078 1322 3118 &
1345 3081 1585 3133 impatientes
1598 3086 1792 3128 occupat3
1828 3076 1987 3128 perinde
2010 3088 2056 3115 ac

1933 3147 2053 3186 mare,

355 3270 412 3314 (a)
439 3266 571 3304 Cicero
589 3294 600 3310 ,
625 3267 686 3313 (b)
713 3269 857 3304 §enecta
