2132 3730
187 296 274 349 416
615 285 1572 328 DIDACISAAVEDRAE

187 372 433 416 commodum
451 370 570 409 visum
598 368 673 423 (a)
703 368 847 412 fuerit
887 368 1104 420 Nunquam
1114 371 1245 410 nonin
1260 370 1363 409 bello
1379 371 1545 410 versatur
1567 370 1604 409 ὅ(
1636 371 1755 416 vivit,
1787 370 1851 420 qui
1875 350 1965 410 sem

186 447 256 487 per
273 431 362 472 111ud
378 431 532 481 cogitat,
589 428 729 468 Sanius
760 426 815 468 est
841 425 1001 482 Spiritus
1034 426 1147 503 sancti
1177 429 1401 479 confilium,
1431 433 1495 482 qui
1517 441 1652 483 pacem
1682 426 1750 484 (b)
1780 430 1966 480 inquiren-

186 494 271 533 dam
297 491 333 530 &
349 487 647 541 persequendam
670 487 830 528 suadet.

361 548 614 599 §.Conclusa
631 548 744 587 semel
772 559 847 599 pax
864 546 947 598 jure
972 546 1139 585 humano
1166 545 1376 597 divinoque
1402 547 1563 590 fideliter
1589 547 1726 587 servari
1749 545 1884 595 debet,
1913 555 1967 585 ta

182 607 292 650 metfi
314 620 402 647 cum
422 607 731 647 Antecefforibus
748 606 904 646 tractata
931 618 975 646 ea
994 605 1134 654 fuerit,·
1171 616 1298 656 neque
1324 606 1387 644 hic
1409 605 1632 647 distinctioni
1660 609 1767 646 locus
1792 605 1847 645 est
1873 608 1969 645 inter

182 670 293 708 unius
319 667 356 706 &
375 669 578 707 multorum
599 666 831 718 Imperium:
859 667 1036 719 Regnum
1065 667 1165 706 enim
1182 665 1219 704 &
1241 665 1474 717 Respublica
1487 694 1500 713 ‚
1529 666 1567 705 in
1584 668 1687 715 cujus
1708 665 1970 714 commodum,

182 728 364 778 cujusque
390 727 467 766 fide
483 725 710 766 transactum
726 726 800 766 fuit
815 756 827 774 ,
856 738 930 767 una
957 726 994 765 &
1012 724 1146 766 eadem
1166 725 1313 777 semper
1326 723 1402 775 est,
1422 724 1461 766 &
1480 735 1672 776 nunquam
1687 727 1825 766 interit.
1856 723 1970 764 Tem-

180 799 253 840 pus
278 787 316 826 &
334 787 545 826 eommunis
564 786 759 826 consensio
779 787 964 835 efficIunt,
996 795 1038 824 ut
1058 784 1165 837 quod
1180 783 1360 835 statutum
1392 783 1449 825 est
1483 783 1623 832 semel,
1654 785 1746 837 legis
1776 783 1885 825 instar
1912 784 1969 824 fit.

180 846 274 887 Nec
291 847 420 886 sufficit
447 848 485 885 in
511 846 697 896 ejusmodi
721 845 941 886 tractatibus
974 847 1083 894 vim,
1111 853 1176 884 aut
1205 843 1714 886 neceffitatem‘obtendere:
1742 855 1830 883 nam
1846 843 1971 883 fiideo

181 905 344 947 fallenda
378 903 468 944 effer
496 904 591 945 fides
627 905 781 957 publica
798 934 812 955 ,
839 906 942 945 nulla
966 917 1134 956 unquam
1160 903 1266 944 foret
1292 903 1341 943 de
1362 905 1478 950 urbe,
1509 912 1573 943 aut
1596 905 1767 943 exercitu
1791 902 1969 942 dedendo

179 964 432 1018 compositiO,
459 966 559 1004 nulla
579 966 681 1016 pacis
697 964 895 1016 tractatio,
924 977 1007 1018 quae
1026 965 1093 1004 sub
1111 962 1182 1004 isto
1198 965 1311 1004 titulo
1324 965 1458 1015 ¹rumpi
1474 975 1552 1002 non
1573 962 1716 1014 poffet,
1747 973 1861 1015 atque
1870 962 1968 1002 adeo

181 1027 395 1066 turbaretur
429 1025 674 1076 tranquillitas
705 1024 874 1077 publica.
941 1025 1210 1077 Reprehensus
1234 1023 1309 1063 fuit
1342 1035 1391 1062 eo
1417 1024 1572 1063 nomine
1600 1022 1814 1063 Franciscus
1838 1021 1970 1061 Galliae

177 1086 286 1135 Rex,
316 1083 422 1136 quod
443 1083 704 1136 contraquam
729 1085 768 1124 in
797 1085 1021 1137 captivitate
1043 1080 1107 1126 sua
1133 1083 1269 1136 paetus
1294 1082 1439 1133 fuerat,
1469 1082 1610 1122 Carolo
1645 1081 1698 1122 V.
1726 1082 1971 1133 Imperatori,

177 1145 282 1196 quasi
305 1146 382 1184 vim
398 1142 520 1196 pass‘us
535 1142 649 1194 esset,
677 1146 820 1185 bellum
844 1145 1025 1185 intulerit.
1086 1143 1248 1196 Propter
1275 1142 1462 1194 ejusmodi
1484 1152 1602 1191 artes,
1633 1142 1671 1182 &
1701 1140 1971 1181 transactiones

176 1206 395 1256 aequivocas
414 1216 457 1243 ac
481 1203 764 1259 fraudulentas,
789 1205 902 1244 nullae
929 1206 1087 1244 omnino
1103 1203 1220 1244 firmae
1242 1203 1350 1252 sunt,
1381 1203 1559 1254 adeoque
1577 1200 1624 1241 ad
1648 1213 1710 1241 eas
1734 1201 1971 1246 stabiliendas

177 1276 278 1316 opus
295 1262 350 1304 est
369 1273 503 1315 petere
519 1263 693 1314 obfides,
723 1273 788 1304 aut
811 1265 942 1306 locum
957 1264 1123 1317 aliquem
1140 1264 1385 1303 munitiorem
1404 1264 1588 1310 retinere3
1618 1260 1724 1346 quod
1747 1272 1881 1314 pacem
1903 1262 1971 1301 im·

175 1323 303 1377 pedit,
333 1323 372 1364 &
390 1324 498 1363 bellis
513 1326 709 1394 perpetuis
731 1323 865 1364 orbern
889 1322 1035 1376 fatigat.

346 1382 512 1436 §.Cum
534 1383 632 1424 vero
644 1384 826 1435 Princeps
841 1382 1022 1424 molestiis
1041 1381 1295 1435 periculisque
1315 1382 1405 1421 belli
1434 1351 1670 1421 defunctus
1657 1392 1735 1454 jam
1755 1379 1888 1429 fuerit,
1918 1391 1969 1418 ar·

176 1443 278 1484 tibus
292 1445 399 1495 pacis
415 1442 566 1483 studere
584 1452 690 1483 totus
711 1443 849 1491 debet,
878 1444 918 1481 in
939 1456 1054 1493 quem
1068 1441 1186 1516 finem
1210 1453 1311 1492 opus
1337 1442 1448 1487 erit3
1486 1467 1504 1485 2

349 1553 426 1614 (c)
465 1551 675 1601 Nutrire
688 1584 704 1604 ‚
740 1568 761 1599 e
765 1547 1003 1614 secondar
1017 1540 1057 1601 l’
1056 1550 1181 1606 arti,
1211 1566 1235 1599 e
1250 1547 1343 1617 gl’
1321 1523 1529 1628 zrrgegni,
1571 1578 1576 1583 ,

349 1618 573 1671 Celebrar
589 1619 749 1687 giochi
770 1617 971 1687 illustri,
1008 1637 1029 1669 e
1051 1612 1366 1695 pompeliete‚
1512 1677 1513 1681 Ἰ

345 1689 542 1742 Labrar
558 1705 641 1742 con
649 1687 807 1757 oiusta
834 1688 989 1747 lance,
1014 1707 1037 1742 e
1099 1707 1200 1744 ene,
1232 1707 1255 1741 e
1282 1688 1492 1757 premi,

351 1747 532 1813 Μέγαν
563 1757 629 1811 da
645 1758 806 1829 lunge,
840 1779 864 1826 e
888 1699 1131 1830 provech
1140 1749 1222 1831 gli
1249 1758 1446 1828 estremi

349 1883 542 1952 Ingenia
571 1894 714 1951 atque
746 1894 872 1934 artes
890 1881 1059 1941 colere,
1091 1883 1159 1948 &f
1190 1885 1399 1940 nutrire,
1420 1892 1605 1952 paratu
1657 1928 1713 1948 Q
1738 1932 1746 1938 ,
1783 1935 1792 1939 ,

351 1954 505 2010 Edere
515 1949 711 2022 Jblenm'
726 1950 893 2010 ludos,
923 1951 1146 2008 deducere
1159 1963 1397 2022 pompas,
1616 1975 1620 1978 ·

344 2024 407 2075 Et
429 2033 590 2091 panas
601 2021 741 2091 justa?
766 2022 973 2081 librare,
1017 2023 1084 2078 ἐφ
1109 2029 1322 2103 proemia
1343 2022 1498 2080 lance,

351 2093 505 2162 Longe
525 2091 806 2162 prospicere,
835 2105 980 2168 atque
1006 2093 1124 2147 olim
1156 2105 1366 2147 ventura
1398 2092 1577 2145 videre.

172 2214 271 2257 Non
295 2215 439 2268 absque
462 2217 567 2256 omni
593 2216 842 2257 sollicitudine
868 2226 1020 2270 tamen3
1043 2194 1169 2259 facile
1179 2219 1284 2261 enim
1311 2220 1448 2258 iterum
1468 2218 1624 2259 evenire
1638 2215 1803 2269 potest,
1834 2226 1877 2257 ut
1889 2215 1968 2256 bel-

172 2279 250 2317 lum
273 2277 351 2328 ejus
370 2278 538 2328 quietem
554 2275 593 2316 &
620 2279 927 2328 tranquillitatem
942 2279 1154 2329 perturbet.
1177 2299 1179 2302 ⁴
1215 2280 1348 2332 Quare
1371 2278 1440 2320 etsi
1463 2287 1564 2318 arma
1582 2278 1752 2329 deponat
1776 2278 1825 2317 de
1851 2277 1967 2317 mani-

172 2337 267 2385 bus,
295 2349 377 2377 non
397 2339 555 2376 omnino
577 2344 703 2377 tamen
725 2348 774 2377 ex
794 2339 914 2377 oculis
937 2337 1118 2383 dimittat.
1174 2334 1273 2378 Non
1300 2350 1409 2379 311111
1417 2347 1602 2378 moveant
1618 2339 1771 2388 antiqua
1793 2336 1967 2387 quaedam

170 2399 419 2446 numismata,
449 2395 471 2435 a
489 2407 652 2446 quorum
670 2406 778 2448 tergo
796 2407 874 2449 pax
891 2396 1044 2450 depicta
1062 2398 1307 2445 cernebatur,
1338 2396 1424 2436 face
1451 2396 1554 2435 scuta
1572 2396 1804 2443 incendens3
1839 2407 1967 2448 neque

173 2459 275 2497 enim
301 2455 509 2507 prudenter
532 2456 863 2508 hieroglyphicum
893 2456 983 2497 illud
1010 2456 1267 2506 excogitatum
1293 2444 1390 2504 f'uit,
1420 2454 1626 2506 propterea
1653 2455 1759 2506 quod
1784 2454 1970 2496 confecto

168 2517 245 2568 jam
262 2516 390 2564 bello,
414 2516 485 2558 vel
501 2515 665 2554 maxime
669 2513 923 2560 necessarium
946 2515 992 2555 fit
1010 2515 1234 2556 conservare
1252 2526 1375 2563 arma,
1406 2514 1564 2566 nequid
1589 2516 1779 2555 violentia
1790 2514 1969 2556 adversus

171 2586 308 2628 pacem
332 2572 478 2614 temere
513 2573 664 2618 audeat.
723 2574 835 2613 Solus
868 2574 979 2613 Deus
1001 2574 1156 2627 quando
1187 2586 1272 2616 eam
1295 2575 1445 2626 populo
1467 2575 1534 2614 suo
1560 2575 1711 2627 largitus
1731 2573 1809 2624 est,
1838 2588 1967 2623 arcum

171 2644 374 2676 conterere
399 2634 527 2685 potuit
549 2632 634 2700 (ut
660 2631 842 2673 psalmista
876 2635 1080 2688 loquitur)
1113 2634 1149 2674 &
1175 2645 1277 2674 arma
1301 2633 1561 2687 confringere,
1592 2634 1630 2674 &
1653 2636 1756 2674 scuta
1785 2633 1861 2689 (d)
1890 2637 1967 2688 igni

173 2695 427 2737 combureret
458 2693 539 2745 ipse
570 2694 748 2743 nimirum
781 2689 960 2743 tanquam
993 2695 1188 2748 supremus
1222 2695 1312 2736 belli
1346 2694 1510 2744 arbiter,
1539 2690 1784 2739 adtuendam
1807 2706 1964 2747 pacem,

171 2755 283 2794 armis
299 2765 397 2804 opus
414 2764 493 2793 non
518 2753 651 2796 habet
713 2752 862 2807 Verum
880 2755 978 2794 inter
996 2755 1172 2807 homines
1192 2767 1269 2808 pax
1295 2752 1372 2796 effe
1389 2756 1553 2808 nequit,
1583 2753 1651 2807 nifi
1671 2755 1865 2794 violentiae
1886 2767 1965 2794 me-

170 2823 232 2853 tus
248 2813 495 2852 ambitionem
519 2812 709 2852 coerceat.
769 2802 862 2853 Hoc
879 2815 1044 2864 primum
1069 2815 1141 2855 fuit
1157 2816 1442 2854 incitamentum
1455 2813 1502 2853 ad
1520 2821 1622 2853 arma
1631 2813 1962 2866 fabricanda,quae

171 2871 345 2912 defensio
369 2871 581 2912 adinvenit
588 2872 712 2924 prins,
742 2885 856 2925 quam
876 2873 1051 2914 offensio.
1111 2872 1217 2913 Prius
1243 2883 1405 2915 aratrtun
1424 2875 1648 2921 moeniorum
1679 2874 1870 2926 cleficripfit
1886 2886 1963 2914 3111

170 2931 318 2979 bitum,
349 2929 463 2997 quam
486 2931 622 2985 plateae
651 2933 842 2984 urbesque
873 2932 1186 2985 disponerentur,
1215 2932 1255 2973 &
1285 2946 1365 2976 uno
1376 2934 1612 2985 eodemque
1638 2929 1762 2974 ferme
1788 2943 1965 2985 tempore

171 2989 299 3032 erec'ta
318 2989 403 3030 sunt
432 2989 470 3030 in
487 3003 577 3043 agro
601 2993 767 3032 tentoria
782 2994 976 3041 militaria,
1007 2993 1045 3033 &
1067 2992 1264 3035 exstruetae
1295 2994 1406 3036 aedes
1467 2992 1680 3044 Nunquam
1708 2994 1836 3033 secura
1857 2992 1963 3034 foret

170 3050 416 3103 tranquillitas
429 3051 601 3103 publica,
631 3052 699 3092 nisi
718 3065 807 3092 cura
834 3064 973 3093 armata
991 3053 1158 3105 ejusdem
1177 3054 1348 3094 somnum
1366 3052 1564 3098 custodiat
1627 3053 1753 3108 Status
1768 3053 1877 3092 armis
1895 3052 1962 3093 de-

170 3107 319 3150 stitutus
336 3108 483 3149 suscitat
501 3109 672 3161 hostem,
701 3112 740 3152 &
763 3103 905 3154 bellum
921 3113 1088 3155 accersit.
1145 3112 1243 3153 Non
1268 3112 1538 3166 personuissent
1558 3107 1675 3191 Alpes
1691 3105 1759 3152 tot
1780 3112 1958 3154 tubarum

1860 3184 1960 3213 cam-

931 3235 991 3243 ⁶——

263 3249 320 3293 (a)
343 3251 483 3288 Semina
499 3250 652 3288 odiorum
659 3253 845 3299 jacienda,
869 3251 916 3297 ὀ·
929 3267 1023 3290 omne
1030 3251 1139 3300 sc'elus
1153 3264 1339 3291 externum
1351 3251 1453 3290 haber
1444 3252 1546 3290 adum
1558 3265 1634 3288 cum
1657 3251 1795 3290 latitia.
1819 3252 1905 3289 Tac.
1933 3249 1964 3290 Ι.“·

174 3310 231 3335 12.
257 3301 386 3339 Annal.
424 3303 502 3351 (b)
528 3304 665 3355 Inquire
680 3314 819 3356 pacem,
841 3302 889 3348 &-
902 3305 1201 3359 persquereezm
1232 3306 1320 3343 Psal.
1346 3317 1490 3352 33..15
1545 3307 1602 3354 (3)
1626 3304 1716 3342 Taff.
1737 3305 1807 3354 (d)
1825 3308 1959 3344 Arcum

168 3359 343 3398 conteret,
358 3353 402 3398 ό*
418 3352 616 3410 confringet
629 3369 755 3396 arma:
778 3356 824 3400 ῤ’
835 3357 945 3406 sc'uta
959 3357 1161 3397 comburet
1145 3360 1233 3411 tgm'.
1264 3358 1511 3406 Psa1.46=10.
1635 3372 1638 3374 ’
