2132 3730
245 184 298 228 18
671 177 1026 218 DJDACJ
1082 176 1613 223 SAAVEDRAE

237 262 325 313 pori
350 261 535 300 exhibent
554 261 763 311 negotium.
827 259 998 299 Sufficiet
1022 261 1151 311 itaque
1170 262 1353 314 Principi,
1373 272 1470 302 artes
1498 264 1536 302 &
1554 264 1725 304 scientias
1744 264 1951 319 degustasse
1967 270 2051 309 obi-

238 329 318 370 ter,
346 322 431 372 plus
457 319 553 359 vero
574 318 699 360 eidem
723 318 897 370 proderit
927 322 1097 372 cognitio
1122 323 1401 373 aliquarrrerum
1426 322 1618 374 prastica,
1643 336 1774 365 earum
1806 329 2051 378 cumprimis,

237 391 323 431 quae
339 379 484 419 faciunt
504 378 550 417 ad
574 377 739 417 curanda
760 388 842 418 tum
872 382 1001 431 pacis,
1023 390 1103 419 tum
1124 381 1212 421 belli
1241 384 1416 435 negotia,
1434 382 1613 435 adeoque
1636 395 1686 423 ex
1715 384 1877 425 scientiis
1898 387 2049 440 seligat,

236 451 420 490 quantum
440 440 524 478 satis
542 437 596 478 est
622 437 670 477 ad
686 438 981 479 collustrandum
998 442 1164 480 animum
1179 471 1191 489 ,
1210 441 1247 481 δι
1264 443 1450 493 judicium
1473 442 1739 492 formandum,
1759 445 1888 486 relista
1911 448 1990 486 aliis
2009 449 2049 487 se

235 498 479 538 inferioribus
499 500 537 538 in
567 500 610 538 iis
633 499 847 538 excellendi
868 502 999 552 gloria.
1061 499 1135 554 (a)
1167 499 1302 541 Otium
1330 503 1514 543 duntaxat
1537 503 1642 543 fallat
1667 502 1789 543 isthoc
1819 516 1895 546 tam
1918 506 2048 546 lauda-

235 560 301 598 bili
320 560 527 608 exercitio,
556 560 610 598 uti
629 557 856 599 Helvidium
875 561 1040 601 Priscum
1063 562 1156 599 olim
1177 559 1360 601 faeritaffe
1384 573 1573 604 memorat
1587 608 1592 612 ¹
1607 562 1778 603 Tacitus.

388 618 422 669 §.
456 617 529 658 His
547 620 598 658 ita
614 619 769 671 positis,
795 632 875 659 non
900 621 1046 673 semper
1077 622 1213 672 optimi
1240 621 1457 674 Principum
1480 622 1653 675 Magistri
1680 623 1856 663 censendi
1881 624 1965 663 sunt
1994 626 2046 674 ii,

234 678 299 730 qui
326 678 489 718 scientiae
511 680 547 719 &
568 680 792 719 eruditionis
810 680 921 719 laude
947 684 1065 734 magis
1094 680 1257 728 florem
1284 681 1324 720 hi
1351 694 1516 734 namque
1542 693 1584 722 ut
1602 681 1807 735 plurimum
1833 682 2070 734 success'us‚'

233 747 350 789 atque
369 740 436 778 otii
463 741 613 779 literarii
632 741 859 779 amantiores
883 740 990 789 sunt,
1020 742 1066 780 ab
1095 741 1295 780 hominum
1316 743 1610 783 conversatione
1638 743 1772 791 alieni,
1790 743 2012 783 cunctantes
2029 773 2045 793 ,

232 798 270 839 &
289 798 338 837 ad
365 799 520 851 negotia
541 802 715 852 graviora
740 802 862 839 minus
880 802 980 852 apti,
1000 800 1065 840 sed
1081 802 1105 840 ii
1130 801 1283 853 potius,
1318 803 1383 852 qui
1399 813 1525 844 rerum
1557 804 1799 855 politicarum
1822 805 2046 856 cognitione

231 868 347 904 atque
368 861 603 911 experientia
622 858 800 911 praestent
823 862 987 909 caeteris,
1009 863 1152 913 quique
1174 859 1248 902 una
1279 873 1367 902 cum
1385 860 1547 902 scientiis
1576 873 1697 904 artem
1715 863 1830 902 etiam
1851 861 1952 902 bene
1976 876 2045 917 gu-

230 919 414 959 bernandi
440 921 655 971 Principem
675 919 842 959 edocere
867 921 1032 963 valeant.

407 979 437 1031 §.
475 978 620 1018 Primus
640 981 810 1020 omnium
834 979 930 1019 vero
949 980 1179 1020 instillandus
1200 979 1220 1020 a
1238 982 1378 1021 teneris
1407 979 1573 1032 Principi
1599 980 1706 1022 Timor
1727 980 1885 1030 Domini,
1908 984 2043 1022 initium

219 1034 405 1089 stipientia’.
483 1038 563 1091 Qui
583 1038 750 1078 adhaeret
772 1039 888 1087 Deo,
915 1042 1088 1080 omnium
1113 1040 1349 1081 scientiarum
1368 1039 1468 1081 fonti
1483 1042 1683 1093 proximus
1713 1041 1778 1081 est.
1842 1042 1947 1080 Scire
1971 1042 2045 1080 hu-

229 1110 384 1139 manum
407 1101 620 1154 ignorantia
650 1098 704 1140 est
733 1099 887 1152 potitis,
921 1102 1071 1141 malitiae
1097 1099 1194 1147 filia,
1234 1114 1309 1153 qua
1340 1101 1534 1154 Principes
1561 1100 1600 1141 &
1627 1101 1867 1154 Respublicae
1895 1100 2045 1152 peffum

231 1170 335 1201 euna

406 1217 441 1270 §.
474 1217 655 1259 Secundo
694 1219 784 1260 loco
806 1217 1009 1260 necessaria
1038 1218 1092 1259 est
1121 1221 1286 1271 Principi
1312 1221 1550 1272 eloquentia,
1573 1220 1635 1260 illa
1661 1219 1798 1260 blanda
1830 1219 2044 1260 affeeruum

228 1279 406 1328 domina,
435 1292 519 1330 quae
540 1283 759 1320 voluntates
780 1282 980 1320 hominum
1009 1281 1172 1319 suaviter
1211 1280 1363 1318 attrahit
1383 1310 1394 1329 ,
1432 1290 1474 1319 ut
1502 1282 1665 1332 imperio
1690 1280 1768 1319 sese
1797 1281 1972 1320 lubentes
2001 1279 2044 1319 δε

226 1340 365 1392 sponte
383 1339 590 1390 subjiciant,
653 1340 722 1394 (b)
755 1340 908 1380 Sciebat
930 1352 1088 1393 magnus
1110 1340 1172 1379 ille
1197 1339 1392 1390 Propheta
1411 1339 1592 1390 Moyses,
1634 1342 1766 1392 quanti
1790 1340 1829 1379 id
1858 1339 2040 1387 referret,

226 1399 397 1451 ideoque
421 1411 509 1440 cum
547 1402 586 1439 in
611 1399 827 1453 AEgyptum
855 1401 1093 1449 mitteretur,
1119 1410 1162 1438 ut
1184 1401 1333 1450 populo
1356 1399 1557 1439 Israelitico
1579 1399 1675 1441 Dux
1695 1398 1889 1452 praeeffet,
1917 1401 2042 1450 impe·

228 1461 406 1500 ditiorem
425 1459 462 1499 δε
480 1460 684 1499 tardiorem
704 1461 804 1500 suam
823 1462 986 1512 linguam
1008 1458 1100 1499 Deo
1124 1460 1333 1498 excusavit.
1396 1458 1446 1498 Et
1471 1460 1569 1500 vero
1592 1462 1742 1512 accepit
1769 1461 1866 1499 hanc
1889 1459 2042 1498 causam

226 1520 338 1561 Deus
353 1550 364 1568 ,
384 1530 499 1570 atque
531 1529 573 1558 ut
597 1521 763 1559 animum
782 1519 962 1568 adderet,
983 1519 1224 1571 adpromisit,
1264 1518 1371 1569 quod
1392 1517 1548 1559 affistere
1570 1521 1689 1560 vellet
1725 1521 1831 1559 labiis
1863 1519 1943 1570 ejus
1959 1549 1971 1568 ,
2001 1518 2042 1557 ὅτ.

225 1582 264 1621 in
288 1591 356 1619 ore
378 1579 458 1630 ejus
483 1591 652 1630 ponere,
687 1592 771 1631 quae
797 1579 903 1618 effari
931 1580 1033 1630 apud
1058 1580 1203 1630 Regem
1234 1578 1469 1617 Pharaonem
1496 1580 1576 1630 ipse
1613 1579 1786 1618 deberet.
1850 1578 1957 1631 Quid
1990 1578 2041 1618 de

226 1643 290 1681 sua
318 1641 538 1689 eloquentia
557 1640 625 1678 sibi
641 1651 721 1678 non
742 1639 998 1689 pollicebatur
1023 1639 1305 1690 sapientiffimus
1328 1639 1538 1677 Salomon?
1570 1634 1635 1693 (c)
1666 1639 1709 1678 In
1732 1634 1899 1689 coiispetiu
1918 1645 2041 1688 poteti-

226 1703 311 1740 tium
327 1695 538 1738 admirabilis
565 1709 642 1745 ero,
660 1696 712 1741 &³
724 1694 841 1747 >facies
860 1698 1061 1747 Principum
1074 1698 1292 1736 mirabuntur
1314 1708 1387 1743 ωε,-
1415 1704 1577 1737 tacentem
1601 1711 1651 1737 me
1657 1695 1888 1751 fitslinebzmt,
1909 1695 1960 1740 &²
1978 1696 2041 1736 elo-

223 1766 377 1816 quentem
394 1770 445 1796 me
461 1753 651 1808 respicient,
676 1753 974 1807 &sermocinante
994 1768 1045 1795 me
1058 1756 1189 1807 plura,
1207 1766 1326 1793 memus
1349 1757 1402 1793 ori
1409 1751 1471 1804 fito
1487 1757 1665 1804 impoeient.
1725 1756 1777 1795 Et
1793 1755 1903 1805 sane,
1919 1755 1945 1795 fi
1961 1757 2044 1795 elo-

226 1819 392 1871 quentiae
417 1816 529 1855 solius
552 1826 656 1853 tanta
672 1817 731 1852 vis
757 1815 832 1863 est,
864 1826 907 1853 ut
941 1827 1012 1864 per
1039 1815 1076 1853 se
1105 1815 1182 1864 ipsa
1204 1814 1439 1852 audientium
1471 1816 1619 1853 animos
1644 1813 1740 1853 mire
1763 1818 1908 1867 capiat,
1946 1814 2042 1867 quid

224 1879 294 1921 fiet
312 1877 488 1921 demum,
512 1873 540 1912 s1
561 1882 726 1913 armetur
744 1875 919 1925 potentia
943 1874 1066 1924 regia,
1095 1881 1160 1910 aut
1177 1883 1344 1922 purpura
1376 1871 1584 1909 vestiatur?
1619 1875 1826 1925 Princeps,
1856 1877 1921 1925 qui
1949 1877 2042 1914 alte·

224 1941 301 1980 rius
323 1946 412 1990 eget
437 1944 577 1985 opera,
598 1942 642 1972 ut
659 1944 742 1984 quae
767 1934 893 1972 secum
922 1932 1000 1983 ipse
1016 1941 1192 1982 reputat,
1222 1932 1444 1981 eloquatur,
1470 1928 1590 1970 statua
1613 1931 1772 1983 elinguis
1798 1932 1853 1972 est
1877 1936 2007 1985 potius
2026 1966 2039 1983 ‚

226 2010 341 2051 quam
359 1994 541 2046 Principis
558 1993 693 2046 dignus
710 1994 888 2039 nomine;
910 1989 984 2046 (ci)
1003 1990 1110 2043 quod
1129 1992 1262 2030 vitium
1280 1992 1318 2030 in
1347 1989 1512 2030 Nerone
1528 1989 1654 2041 primo
1677 1994 1850 2032 omnium
1872 1993 2039 2033 animad-

226 2058 391 2101 versum.

407 2114 442 2167 §.
475 2111 643 2153 Historia
682 2106 766 2166 (e)
798 2109 970 2163 magistra
999 2108 1055 2149 est
1079 2111 1251 2149 veritatis
1276 2108 1464 2162 politicae,
1487 2106 1525 2147 &
1545 2120 1620 2159 qua
1650 2110 1785 2149 melius
1804 2120 1921 2150 nemo
1941 2110 2039 2162 quis-

226 2189 340 2231 quam
359 2175 579 2227 Principem
596 2170 778 2212 instruere
802 2174 969 2222 poterit,
991 2170 1193 2221 quomodo
1221 2177 1402 2221 oporteat
1429 2178 1562 2221 regere
1586 2168 1771 2209 subditos.
1834 2169 1877 2209 In
1902 2172 1962 2210 illa
1993 2171 2041 2210 fi-

226 2239 382 2292 quidem
401 2245 581 2286 tanquam
602 2234 641 2272 in
659 2232 882 2271 lucidiffimo
910 2231 1066 2283 speculo
1093 2231 1220 2269 elucet
1242 2229 1478 2281 experientia
1504 2227 1788 2280 gubernationis
1820 2229 1924 2269 retro
1942 2243 2039 2282 prae-

227 2300 369 2345 teritae,
391 2294 596 2348 prudentia
614 2289 913 2341 antecessorum,
941 2287 1025 2348 (f)
1056 2289 1282 2342 hominumque
1301 2287 1479 2328 mtdrtoum
1499 2301 1589 2327 mens
1605 2290 1641 2328 in
1669 2301 1771 2328 zuzim}
1791 2289 1934 2329 coeletia.
1965 2289 2037 2329 Hi-

226 2359 341 2400 storia
362 2356 520 2396 fidisfimi
535 2349 745 2392 Consiliarii
767 2350 821 2391 est
840 2349 973 2398 instar,
1002 2351 1065 2401 qui
1099 2360 1286 2401 nusquam
1306 2359 1386 2388 non
1403 2347 1563 2399 praesto,
1594 2347 1632 2387 &
1655 2347 1703 2386 ad
1720 2360 1874 2388 manum
1908 2347 1974 2389 est.

401 2415 436 2456 E
460 2412 756 2467 Jurisprudentia
787 2423 871 2451 eam
900 2410 1019 2451 solum
1047 2419 1196 2461 partem
1224 2410 1381 2460 attingat
1409 2407 1610 2460 Princeps,
1634 2419 1719 2458 quae
1744 2407 1791 2446 ad
1824 2410 2039 2459 gubernan-

227 2478 321 2519 dum
343 2477 531 2529 pertinet,
555 2470 780 2513 evolvendo
804 2472 944 2511 scilicet
966 2472 1068 2521 leges
1095 2482 1139 2509 ac
1155 2467 1445 2509 constitutiones
1463 2468 1515 2508 sui
1538 2468 1663 2520 regni,
1691 2479 1784 2519 quas
1806 2467 1843 2507 ἃ
1865 2468 2037 2520 prudens

228 2537 388 2583 &stavit
406 2537 524 2584 ratio,
545 2533 583 2574 &
602 2535 738 2585 longus
756 2531 840 2571 usus
859 2530 1103 2582 approbavit.

402 2596 445 2637 In
461 2594 705 2645 Theologico
723 2590 848 2631 studio
871 2603 921 2631 ne
940 2592 1103 2630 multum
1122 2597 1242 2641 ponat
1259 2594 1414 2639 operae3
1438 2584 1552 2637 quam
1575 2587 1674 2627 enim
1692 2587 1851 2638 periculi
1875 2586 2036 2636 plenum

228 2657 274 2699 sit
296 2657 415 2699 multa
436 2657 550 2703 scire,
575 2662 690 2705 atque
713 2665 787 2693 una
820 2661 1021 2704 potentem
1049 2648 1148 2698 effe,
1184 2650 1222 2688 in
1253 2646 1400 2699 jacobo
1431 2646 1560 2699 Rege,
1583 2656 1722 2696 magno
1750 2645 1816 2685 suo
1841 2647 1941 2689 malo
1965 2657 2040 2683 ex..

227 2728 337 2772 perta
361 2716 416 2757 est
434 2716 582 2768 Anglia.
641 2712 738 2753 Satis
769 2714 840 2752 erit
862 2712 1046 2762 principi,
1072 2709 1099 2749 si
1123 2710 1162 2748 in
1187 2706 1264 2747 fide
1286 2705 1460 2746 constans
1482 2706 1560 2758 ipse
1577 2707 1641 2755 fit,
1662 2706 1699 2746 &
1715 2704 1804 2745 alias
1830 2706 1934 2745 viros
1953 2704 2043 2755 sanir·-⁴

228 2779 313 2821 etos
332 2777 459 2831 juxtra
477 2788 522 2816 ac
541 2773 712 2815 eruditos
736 2784 858 2825 penes
882 2773 919 2812 se
944 2771 1103 2819 habeat,
1131 2769 1197 2820 qui
1221 2768 1321 2806 illam
1353 2768 1451 2806 tueri
1477 2769 1670 2808 noverint.
1836 2822 1858 2874 δ
1904 2823 1990 2865 Astr

1861 2854 1871 2862 .
1999 2839 2043 2866 0-

1962 2910 2046 2919 —n—-n

326 2958 383 3005 (a)
414 2956 589 3007 Ingenium
602 2950 729 3003 illustre
747 2947 931 2987 altioribus
975 2946 1066 2983 udiis
1080 2944 1228 2992 juvenis
1243 2941 1429 2979 adnwdmn
1456 2939 1571 2980 dedit,
1597 2952 1663 2975 non
1680 2948 1722 2973 ut
1732 2936 1903 2988 plerique,
1929 2949 1974 2977 ut
1986 2956 2044 2979 no-

231 3011 325 3048 mine
354 3007 538 3060 magnifico
557 3008 667 3042 otium
688 3003 846 3043 velaret,
871 3000 910 3049 fi
961 3013 1023 3052 quo
1036 2995 1177 3048 firmior
1200 2991 1544 3053 adveifiisfhrtuitfc
1565 2987 1816 3048 Remptfblicam
1832 2992 2041 3046 *capffren

228 3064 316 3100 Tac.
340 3061 363 3098 l.
387 3075 424 3109 4.
452 3053 542 3096 Hist.
594 3058 653 3103 (b)
683 3054 823 3102 Obsecro
846 3055 1007 3092 Domine,
1028 3047 1182 3094 nvnfitm
1206 3047 1358 3100 “Qum-i
1376 3044 1421 3083 ab
1444 3043 1520 3082 herc
1542 3043 1586 3087 ά
1603 3040 1728 3078 mullus
1750 3050 1902 3087 femma
1929 3046 1976 3089 ὦ·
1996 3061 2045 3085 ex

231 3128 295 3167 quo
316 3114 447 3150 locutus
466 3125 499 3149 es
527 3110 579 3148 ad
593 3108 741 3156 firvum
764 3119 882 3146 tuum,
906 3102 1136 3157 impeditioris
1160 3099 1205 3142 ὀ*-
1230 3100 1401 3136 tardioris
1423 3098 1545 3150 linguae
1560 3093 1652 3141 fusn.
1668 3094 1784 3130 Exod.
1803 3110 1840 3145 4.
1868 3110 1929 3135 10.
1981 3101 2042 3147 (c)

230 3169 307 3216 Sap,
331 3174 363 3208 g.
391 3179 446 3203 12.
499 3165 560 3213 (d)
586 3163 743 3199 Primum
764 3174 811 3197 ex
831 3160 893 3199 iis,
917 3158 976 3210 qui
991 3168 1110 3193 rerum
1127 3153 1235 3204 potiti
1248 3151 1367 3211 affini,
1396 3156 1564 3188 Neronem
1581 3146 1698 3211 alu-’ns‘
1706 3142 1889 3211 facuit-diae
1902 3151 2040 3210 ‘’guff-

231 3221 315 3257 Tac‚
333 3219 356 3255 1,
380 3231 435 3265 13.
460 3221 530 3254 An,
583 3215 639 3264 (e)
672 3212 880 3263 Veriffimam
896 3208 1126 3261 disbsplinam,
1143 3205 1496 3254 exercitationemque
1510 3199 1563 3239 ad
1575 3198 1741 3254 politicas
1756 3201 2040 3257 actionesdassto-

231 3274 327 3312 riam
339 3270 414 3320 (ff,
437 3271 563 3322 Polyb.
585 3270 609 3308 1.
630 3281 664 3311 ι.
714 3266 787 3315 (f)
815 3266 925 3314 Greg.
951 3263 1041 3302 Naz.
1065 3260 1110 3297 ad
1126 3257 1207 3298 Nic.
