2132 3730
272 232 351 274 Ιώ
526 227 1660 301 MJSAAVEDRAE

1713 299 1718 307 ,
1814 296 1824 307 ‚v
1847 295 1864 308 ..—
1981 298 2020 303 ,..
2039 298 2055 303 Α

441 364 544 425 (a)
578 361 681 428 Qte
699 377 772 412 em
799 379 906 414 caos
929 374 1008 414 tao
1039 362 1274 431 fflranbos
1292 361 1577 419 claramente
1600 404 1616 424 ‚

434 433 583 482 Mais
607 429 763 499 l’elcja
790 452 815 483 0
817 431 986 499 sitvor
1008 433 1071 485 de
1099 435 1230 486 Deos
1247 473 1261 493 ,
1294 456 1387 506 que
1407 456 1437 489 a
1452 451 1602 507 gente.

592 503 634 551 J
641 521 724 552 am
730 500 973 574 singulari
991 523 1201 574 namque
1228 509 1282 556 in
1319 521 1492 559 eventu
1526 508 1651 562 docet
1679 527 1751 561 res
1776 504 1877 580 ipsa
1899 544 1916 569 τ,

596 571 720 624 Plus
739 592 893 643 quam
913 576 1118 626 militem
1141 574 1365 629 dextram
1383 580 1482 631 Dei
1507 591 1735 649 pugnare.

262 683 461 726 Gloriosus
479 686 591 726 animi
608 687 835 738 triumphus.
893 685 991 729 Non
1011 689 1134 729 minus
1157 689 1306 731 hostem
1325 692 1526 732 confundit
1549 703 1620 732 cor
1648 695 1686 733 in
1712 683 1805 733 Deo
1829 692 2029 734 confidens
2046 718 2061 740 ‚,

261 745 375 797 quam
396 758 528 787 manus
545 747 631 786 ense
648 757 787 786 armata
808 750 862 786 uti
878 748 992 799 judas
1010 749 1258 789 Machabaeus
1275 749 1349 804 (h)
1369 753 1636 803 experimento
1659 752 1805 796 didicit.
1861 753 1973 792 Deus
1988 750 2058 800 est,

261 807 326 856 qui
343 806 461 845 corda
479 807 574 859 regit
587 836 599 855 ,
628 807 707 858 ipse
726 809 891 847 animum
909 809 946 847 ὃς
982 811 1083 849 vires
1109 807 1176 863 (c)
1196 810 1348 858 sufficit,
1377 811 1455 862 ipse
1476 812 1608 852 tribuit
1627 843 1638 860 ‚
1669 813 1707 851 δε
1725 821 1837 862 negat
1863 811 2057 851 vistoriaffi

258 865 483 918 impostoris
503 876 635 905 notam
658 868 824 906 incurret
840 895 853 916 ‚
882 877 999 919 atque
1022 868 1045 908 a
1064 867 1204 909 malitis-i
1224 870 1260 909 &
1277 869 1412 910 fraude
1434 871 1601 910 excusari
1621 884 1700 910 non
1722 872 1847 923 pollet
1866 901 1878 919 ,
1903 871 1929 910 ss
1946 873 1980 909 ei
1996 871 2060 910 ade

259 924 352 965 effer
372 928 501 977 potius
527 928 695 975 auxilio⁷
728 928 793 977 qui
825 925 958 967 falsum
985 928 1078 968 colit
1105 927 1267 969 Numen
1286 960 1298 979 ,
1339 930 1521 981 &impiis
1543 931 1726 970 sacrificiis
1749 931 1816 971 fibi
1846 932 2056 982 propitium

258 984 421 1025 reddere
451 985 589 1037 satagit.
668 985 789 1038 Quod
816 986 843 1026 si
860 988 972 1027 etiam
994 989 1184 1028 interdum
1205 991 1248 1029 iis
1269 991 1441 1041 largiatur
1463 987 1667 1038 vi&orias‚
1697 991 1734 1029 id
1745 1003 1824 1030 non
1842 990 2059 1030 invocatios

258 1046 297 1086 ni
310 1073 322 1091 ‚
351 1044 415 1084 sed
438 1045 555 1084 causis
579 1046 656 1084 aliis
670 1048 831 1086 occultis
848 1046 1106 1088 Providentiae
1124 1048 1262 1088 divinae
1281 1048 1568 1089 asscribendum.
1628 1048 1670 1088 In
1687 1049 1744 1089 siti
1760 1048 1843 1099 illa,
1857 1047 1932 1102 qua
1949 1061 2058 1089 exer-

257 1105 355 1144 citus
376 1104 572 1144 Romanus
585 1105 782 1145 laborabat
801 1108 840 1146 in
855 1108 958 1147 bello
971 1107 1288 1148 Marcomannico
1300 1138 1313 1157 ‚
1341 1110 1480 1160 placari
1497 1107 1598 1147 haud
1607 1110 1737 1159 potuit
1751 1108 1861 1148 Deus
1871 1108 2058 1148 sacrificiis

257 1163 296 1203 &
314 1164 493 1215 precibus
522 1164 738 1218 Legionum
759 1165 972 1207 Gentilium
993 1197 1006 1217 ,
1036 1169 1163 1209 donec
1181 1168 1334 1208 tandem
1356 1166 1478 1218 Legio
1497 1166 1797 1208 Christianorum
1818 1167 1967 1208 decima
1979 1167 2060 1217 ejus

256 1224 479 1275 imploraret
500 1226 679 1265 auxiiium
702 1239 711 1264 :
742 1234 834 1265 tunc
855 1228 955 1266 enim
984 1227 1275 1278 copiosiffimum
1307 1229 1350 1267 iis
1365 1228 1526 1268 imbrem
1558 1229 1770 1279 impertivit
1791 1257 1805 1276 ,
1834 1227 1873 1267 δε
1900 1225 2059 1266 fulmina

255 1284 294 1323 in
311 1282 475 1323 hostium
499 1283 634 1324 direxit
656 1286 776 1325 aciem
798 1315 811 1335 ,
839 1296 883 1325 ut
903 1285 1003 1326 facili
1019 1288 1178 1339 negotio
1203 1286 1372 1327 victores
1390 1288 1625 1334 evaderent3
1656 1287 1760 1326 unde
1782 1286 1905 1340 Legio
1924 1284 2058 1338 postea

254 1341 287 1382 F
289 1345 502 1383 ulminatrix
521 1343 620 1384 dicta
643 1343 710 1385 est.
768 1344 809 1384 Si
835 1347 926 1385 viva
946 1346 1093 1398 semper
1115 1345 1206 1386 esset
1230 1346 1369 1386 fiducia
1388 1348 1450 1385 illa
1460 1359 1504 1385 ac
1519 1345 1638 1394 fides,
1667 1345 1826 1386 eosdem
1846 1347 2056 1385 etiamnum

255 1413 478 1455 operaretur
495 1403 687 1451 effestus5
718 1413 755 1442 at
769 1406 894 1454 enim,
924 1407 1010 1456 quia
1037 1415 1100 1445 aut
1126 1405 1192 1445 ista
1207 1405 1361 1453 desunt,
1391 1415 1455 1444 aut
1478 1414 1639 1456 propter
1654 1407 1746 1444 alios
1763 1407 1940 1444 occultos
1961 1403 2058 1444 fines
2127 1430 2132 1441 .

253 1464 442 1515 permittit
468 1460 579 1502 Deus
598 1494 609 1512 ‚
641 1473 682 1502 ut
698 1463 801 1503 bello
821 1465 1034 1517 subigantur
1052 1467 1163 1504 etiam
1186 1468 1233 1514 ii,
1266 1467 1331 1517 qui
1359 1477 1493 1504 verum
1511 1466 1545 1504 ei
1563 1466 1708 1504 cultum
1726 1464 1927 1505 deferunt:
1949 1463 2060 1515 quod

256 1521 348 1562 dum
363 1521 407 1561 fit
425 1552 439 1572 ‚
467 1535 547 1563 non
578 1524 890 1574 triumphantium
909 1526 1108 1576 proemium
1122 1523 1177 1563 est
1196 1556 1206 1573 ,
1237 1525 1302 1565 sed
1320 1537 1455 1565 eorum
1471 1554 1484 1574 ‚
1513 1525 1578 1576 qui
1597 1526 1802 1564 vincuntur
1822 1554 1834 1573 ,
1864 1521 2059 1574 castigatio

255 1594 299 1621 ac
320 1593 445 1633 poena.
506 1582 667 1633 Semper
694 1584 821 1634 itaque
831 1584 869 1623 in
891 1583 1108 1635 Principum
1133 1586 1305 1636 manibus
1335 1585 1519 1624 vexillum
1542 1583 1677 1623 Crucis
1701 1584 1860 1623 sublime
1884 1584 2057 1630 volitet;

251 1640 481 1693 significatur
501 1654 569 1692 per
591 1642 717 1681 ensem
734 1643 838 1681 illum
856 1671 868 1690 ‚
899 1654 1013 1693 quem
1029 1642 1207 1693 Jeremias
1228 1644 1334 1694 Judae
1348 1643 1579 1683 Machabaeo
1599 1640 1677 1696 (d)
1700 1643 1895 1695 porrexit,
1925 1651 1969 1681 ut
1983 1642 2056 1681 ho-

251 1699 326 1740 stes
344 1700 431 1740 suos
462 1698 611 1752 fugaret
636 1713 644 1739 :
673 1700 819 1740 sum-ant
846 1703 938 1740 item
961 1702 1173 1753 Religionis
1196 1698 1340 1742 scutum
1363 1734 1373 1751 ‚
1402 1702 1441 1741 &
1467 1702 1536 1741 fibi
1558 1712 1705 1753 ponant
1736 1714 1824 1742 ante
1846 1702 1983 1740 oculos
2011 1713 2061 1740 ae-

253 1769 405 1799 ternum
434 1760 541 1799 illum
560 1761 685 1812 ignem
704 1789 717 1809 ‚
748 1761 813 1811 qui
835 1759 1027 1799 Persarum
1048 1761 1172 1813 Reges
1197 1761 1366 1801 anteibat
1385 1790 1398 1809 ‚
1425 1760 1656 1810 Symbolum
1683 1763 1834 1801 alterius
1858 1761 2060 1800 incircum-

253 1820 408 1871 scripti,
437 1817 459 1858 ὲ
479 1832 558 1871 quo
581 1819 706 1860 radios
729 1819 814 1859 suos
838 1818 904 1858 Sol
921 1822 1071 1872 accipit,
1132 1819 1230 1860 Haec
1247 1830 1341 1861 vera
1365 1820 1517 1873 Religio
1547 1819 1601 1861 est
1621 1850 1633 1869 ,
1664 1833 1778 1873 quam
1800 1821 1938 1860 milites
1959 1818 2056 1859 ado-

252 1880 388 1918 rabant
404 1908 417 1927 ,
447 1880 598 1930 quoties
613 1877 813 1930 provoluti
829 1880 868 1918 in
892 1891 1014 1930 genua
1024 1881 1303 1919 venerabantur
1316 1881 1499 1919 vexillum
1510 1908 1523 1927 ‚
1549 1880 1656 1932 quod
1668 1879 1858 1920 Labarum
1872 1878 2059 1918 Constan-

251 1939 322 1979 tini
349 1938 592 1989 Imperatoris
622 1937 846 1976 vocabatur.
916 1937 1015 1976 Cum
1044 1939 1146 1976 enim
1165 1937 1271 1976 Crux
1294 1937 1466 1988 quaedam
1492 1940 1586 1976 lucis
1602 1939 1804 1989 splendore
1827 1942 1866 1979 in
1880 1940 1978 1978 coelo
2001 1936 2058 1978 ef-

253 1997 419 2039 formata
437 2009 525 2037 cum
543 1997 810 2048 inscriptione:
841 1996 882 2035 In
909 1997 966 2035 hoc
981 1996 1078 2048 figno
1096 1998 1235 2045 vinces,
1264 1995 1464 2036 vi&oriam
1480 1996 1531 2035 illi
1552 2008 1685 2036 contra
1703 1996 1950 2038 Maxentium
1965 2009 2057 2049 pro-
2117 2009 2119 2011 ·

253 2059 424 2098 mitteret
452 2086 465 2106 ‚
496 2058 679 2096 vexillum
698 2053 764 2096 ista
798 2052 923 2094 forma
950 2054 1032 2094 fieri
1048 2057 1230 2107 praecepit
1246 2068 1387 2107 ,quam
1405 2055 1580 2107 praesenti
1608 2054 1849 2095 Emblemate
1872 2056 2057 2105 exhibeo,

253 2115 416 2169 superne
437 2128 527 2156 cum
551 2117 666 2156 literis
688 2115 755 2169 (e)
777 2114 825 2155 X.
838 2115 874 2154 &
892 2114 932 2158 P.
963 2115 1178 2155 charactere
1204 2116 1368 2155 nominis
1394 2113 1553 2163 Christi,
1567 2114 1604 2154 &
1624 2114 1740 2154 literis
1757 2114 1904 2155 Graecis
1929 2115 2057 2168 Alpha
2118 2131 2125 2169 :³

255 2177 293 2216 &
314 2176 488 2227 Omega,
512 2187 594 2228 quae
618 2175 695 2214 Dei
724 2175 807 2214 sunt
833 2174 1061 2223 Symbolum
1077 2206 1088 2223 ‚
1120 2171 1201 2230 (f)
1227 2175 1402 2226 principii
1428 2174 1465 2213 δε
1483 2174 1565 2213 finis
1591 2185 1716 2213 rerum
1738 2176 1921 2215 omnium.
1983 2173 2057 2227 (g)
2115 2168 2125 2221 {i

255 2234 417 2275 Vexillo
437 2235 532 2275 istoc
554 2235 607 2274 usi
630 2235 713 2274 sunt
744 2234 926 2285 deinceps
943 2234 1195 2285 Imperatores
1210 2246 1332 2286 usque
1351 2233 1397 2273 ad
1418 2233 1738 2285 temporajuliani
1759 2233 1962 2285 Apostatae.
1989 2232 2056 2284 J0-
2115 2247 2132 2289 ,⁵

254 2307 370 2335 annes
392 2306 550 2346 quoque
572 2293 787 2334 Austriacus
813 2295 849 2332 in
877 2295 1054 2333 omnibus
1084 2294 1155 2333 suis
1179 2294 1288 2345 [ignis
1324 2293 1491 2333 Crucem
1513 2292 1703 2333 efformari
1721 2294 1818 2344 jussit
1833 2323 1846 2342 ,
1878 2305 1965 2332 cum
1983 2290 2056 2332 isto

254 2356 459 2396 lemmate:
490 2353 564 2407 (JJ)
603 2354 679 2394 His
694 2356 801 2393 armis
821 2355 891 2393 vici
918 2354 1045 2393 Dzrcas
1059 2383 1070 2402 ‚
1087 2353 1203 2393 iisdem
1218 2353 1395 2393 viffltrum
1415 2366 1464 2391 me
1493 2351 1615 2406 confido
1635 2352 1685 2397 &³
1709 2354 1915 2393 Haeo-etiem.
1963 2351 2053 2392 Rex

254 2414 474 2468 Alphonsus
493 2413 661 2465 Magnus
672 2413 805 2452 eadem
823 2413 939 2451 verba
959 2413 1092 2453 Crucis
1110 2411 1428 2452 Constantiniana:
1443 2414 1478 2452 in
1495 2414 1570 2451 alio
1595 2411 1762 2463 quodam
1784 2412 1910 2463 posuit
1931 2410 2052 2450 vexil⁴

254 2476 294 2514 lo
312 2473 419 2526 quod
435 2474 473 2512 in
502 2472 650 2524 templo
681 2472 864 2512 Ovetano
881 2471 1013 2524 postea
1038 2473 1177 2512 obtulit
1200 2483 1212 2515 τ
1244 2472 1281 2511 &
1305 2474 1347 2512 iis
1366 2472 1434 2525 ipsi
1462 2473 1518 2512 uti
1535 2473 1676 2523 placuit
1699 2501 1711 2520 ‚
1742 2471 1837 2510 ficut
1869 2471 2052 2522 &labaro

255 2532 494 2573 Constantini
514 2545 587 2585 pro
615 2532 788 2584 praesenti
808 2531 1069 2581 Emblemate‚
1101 2533 1147 2571 ad
1179 2531 1466 2583 imprimendam
1487 2532 1702 2583 Principum
1721 2533 1852 2570 animis
1872 2530 2052 2571 fiduciam

256 2590 455 2645 illam‚qufi
464 2591 649 2632 vexillum
660 2593 870 2645 Religionis
890 2602 1021 2632 contra
1035 2591 1161 2632 hostes
1174 2593 1257 2630 suos
1279 2594 1448 2644 plantare
1462 2604 1529 2630 eos
1544 2601 1712 2643 oportet.
1731 2589 1792 2645 (i)
1805 2590 1845 2630 ln
1857 2591 1990 2641 proelio
2005 2589 2053 2628 ad

256 2652 393 2694 Navas
411 2652 629 2693 Canonicus
644 2652 797 2705 quidam
809 2651 1032 2700 Toletanis,
1052 2651 1233 2691 Decanus
1250 2650 1381 2703 postea
1401 2682 1413 2700 ‚
1441 2650 1653 2690 Paschasius
1674 2652 1830 2690 nomine
1848 2681 1861 2701 ‚
1884 2650 2051 2689 Crucem

258 2725 371 2764 quam
398 2712 595 2752 Roderico
609 2711 890 2752 Archi-Praesuli
910 2711 958 2750 de
991 2724 1098 2751 more
1134 2710 1360 2763 praeferebat
1379 2738 1392 2758 ‚
1421 2723 1490 2763 per
1510 2709 1674 2750 hostium
1698 2721 1844 2750 cuneos
1867 2709 1979 2749 semel
1995 2718 2050 2747 ate

256 2784 334 2823 que
355 2773 493 2812 iterum
510 2772 764 2819 circumtulit,
795 2771 832 2810 &
853 2771 973 2811 evasit
988 2773 1187 2811 incolumis
1204 2800 1217 2820 ,
1247 2772 1392 2810 tametsi
1407 2772 1577 2810 omnium
1603 2770 1686 2809 telis
1706 2777 1901 2822 peteretur
1917 2797 1930 2816 ‚
1956 2769 2053 2807 mul..

259 2840 384 2883 taeque
409 2831 642 2872 Maurorum
658 2832 797 2885 lagittae
816 2830 935 2871 hastili
950 2830 1076 2871 infixae
1094 2832 1292 2870 haererent.
1354 2830 1492 2870 Latera
1508 2829 1639 2869 vexilli
1656 2829 1758 2869 istius
1773 2829 1920 2880 spiritus
1939 2829 2050 2920 ειξῖεε

1968 2891 2043 2926 Les

259 2982 318 3028 (a)
345 2977 500 3015 Camo'e's
515 2980 594 3016 Lus.
617 2981 708 3017 Can.
732 2993 762 3027 3.
817 2978 885 3027 (b)
901 2984 1021 3015 Alana
1044 2977 1181 3031 quidem
1195 2988 1393 3030 pig-nantes
1418 3005 1425 3018 ‚
1441 2976 1506 3023 fid
1524 2978 1709 3014 Dominum
1729 2973 1882 3011 cordibus
1899 2984 2055 3013 ommes*

253 3027 523 3085 prostraverunt
542 3044 607 3067 non
624 3033 739 3069 minus
767 3032 926 3082 triginta
934 3033 1082 3083 quinque
1110 3029 1219 3067 miffia
1231 3057 1239 3070 ,
1268 3032 1429 3068 2.Mach.
1455 3043 1509 3075 15.
1534 3042 1589 3075 17.
1616 3032 1673 3074 (c)
1690 3033 1744 3063 Ne
1757 3026 1884 3064 dicem
1898 3029 1937 3063 in
1953 3027 2052 3063 corde

259 3093 340 3126 tuo;
366 3079 540 3128 fortitudo
555 3095 632 3118 mea
649 3110 658 3123 ,
686 3082 732 3125 ὠ·
750 3081 854 3120 robur
885 3097 1011 3121 manus
1028 3093 1103 3119 meae
1120 3110 1130 3126 ,
1162 3080 1226 3118 hirc
1247 3080 1337 3119 milvi·
1352 3084 1466 3118 omnia
1484 3079 1727 3132 praestitcrtmt.
1779 3080 1844 3116 Sed
1863 3078 2049 3115 recorderis

260 3135 404 3172 Domini
426 3136 492 3170 Dei
505 3135 562 3170 tui
578 3161 587 3174 ,
611 3135 700 3186 quod
719 3136 784 3187 ipst'
805 3132 875 3171 tibi
888 3137 986 3172 vires
1038 3133 1205 3171 raebuerit.
1222 3136 1331 3171 Dcut.
1346 3143 1377 3176 8.
1403 3147 1459 3180 17.
1484 3136 1519 3170 ὅ(
1541 3146 1552 3168 1
1565 3140 1596 3173 8.
1651 3135 1667 3178 ζ
1678 3132 1699 3166 d
1711 3136 1728 3174 )
1750 3134 1871 3183 Accipe
1881 3130 2050 3176 slwc‘t'um

255 3186 422 3239 gladium
437 3200 560 3223 munus
571 3185 596 3222 d
611 3192 681 3222 Deo
697 3188 736 3222 in
750 3201 812 3239 quo
828 3187 963 3234 dejicies
977 3145 1209 3231 mizmstzrjos.
1230 3202 1264 3223 2.
1279 3188 1396 3223 Mach.
1410 3200 1444 3222 2.
1460 3198 1471 3221 1
1485 3187 1553 3230 5.&
1574 3188 1629 3220 16.
1683 3185 1739 3227 (e)
1758 3186 1880 3220 Euscb.
1895 3184 1917 3219 l.
1929 3183 2047 3228 9.hist.

263 3251 295 3275 c.
313 3251 351 3283 9.
410 3239 475 3287 (f)
501 3241 535 3276 S.
552 3240 659 3275 Amb.
671 3238 767 3287 epist.
785 3252 846 3283 29.
899 3240 960 3288 (g)
977 3240 1132 3274 Genebr.
1152 3239 1222 3287 l.4.
1238 3241 1376 3277 (Ihron.
1399 3251 1491 3275 anno
1513 3247 1619 3282 1172.
1673 3236 1733 3283 (h)
1753 3238 1842 3273 Mar.
1867 3234 2042 3282 liiinisp.

262 3290 326 3338 L7.
345 3302 376 3327 c.
392 3296 451 3330 16.
500 3290 550 3340 (i)
569 3292 661 3329 Mar.
680 3289 758 3331 hist.
773 3290 872 3342 Hisp.
888 3293 912 3329 1.
932 3304 945 3328 1
959 3304 1035 3329 isc.
1056 3305 1117 3337 24.
