<?xml version="1.0" encoding="UTF-8"?>
<!DOCTYPE html PUBLIC "-//W3C//DTD XHTML 1.0 Transitional//EN"
    "http://www.w3.org/TR/xhtml1/DTD/xhtml1-transitional.dtd">
<html xmlns="http://www.w3.org/1999/xhtml" xml:lang="en" lang="en">
 <head>
  <title>
</title>
<meta http-equiv="Content-Type" content="text/html;charset=utf-8" />
  <meta name='ocr-system' content='tesseract 3.04.00' />
  <meta name='ocr-capabilities' content='ocr_page ocr_carea ocr_par ocr_line ocrx_word'/>
</head>
<body>
  <div class='ocr_page' id='page_1' title='image "./didacisaavedraef00saav_0418.png"; bbox 0 0 2132 3730; ppageno 0'>
   <div class='ocr_carea' id='block_1_1' title="bbox 181 264 1576 343">
    <p class='ocr_par' dir='ltr' id='par_1_1' title="bbox 181 264 1576 343">
     <span class='ocr_line' id='line_1_1' title="bbox 181 264 1576 343; baseline 0.006 -38"><span class='ocrx_word' id='word_1_1' title='bbox 181 277 264 329; x_wconf 76' lang='lat'>398</span> <span class='ocrx_word' id='word_1_2' title='bbox 576 266 991 343; x_wconf 10' lang='lat' dir='ltr'>VJDJDA-qr</span> <span class='ocrx_word' id='word_1_3' title='bbox 1039 264 1576 313; x_wconf 71' lang='lat' dir='ltr'><em>SAAVEDRAE</em></span> 
     </span>
    </p>
   </div>
   <div class='ocr_carea' id='block_1_2' title="bbox 438 326 861 343">
    <p class='ocr_par' dir='ltr' id='par_1_2' title="bbox 438 326 861 343">
     <span class='ocr_line' id='line_1_2' title="bbox 438 326 861 343; baseline 0 3387"><span class='ocrx_word' id='word_1_4' title='bbox 438 326 861 343; x_wconf 95' lang='lat' dir='ltr'> </span> 
     </span>
    </p>
   </div>
   <div class='ocr_carea' id='block_1_3' title="bbox 614 467 1513 540">
    <p class='ocr_par' dir='ltr' id='par_1_3' title="bbox 614 467 1513 540">
     <span class='ocr_line' id='line_1_3' title="bbox 614 467 1513 540; baseline 0.002 -7"><span class='ocrx_word' id='word_1_5' title='bbox 614 467 1254 540; x_wconf 78' lang='lat' dir='ltr'><strong>SYMBOLUM</strong></span> <span class='ocrx_word' id='word_1_6' title='bbox 1315 468 1513 536; x_wconf 90' lang='lat' dir='ltr'>XCV.</span> 
     </span>
    </p>
   </div>
   <div class='ocr_carea' id='block_1_4' title="bbox 599 629 1609 1811">
    <p class='ocr_par' dir='ltr' id='par_1_4' title="bbox 599 629 1609 1811">
     <span class='ocr_line' id='line_1_4' title="bbox 599 629 1609 1811; baseline 0 0"><span class='ocrx_word' id='word_1_7' title='bbox 599 629 1609 1811; x_wconf 95' lang='lat' dir='ltr'> </span> 
     </span>
    </p>
   </div>
   <div class='ocr_carea' id='block_1_5' title="bbox 178 1992 1988 3181">
    <p class='ocr_par' dir='ltr' id='par_1_5' title="bbox 268 1992 1986 2048">
     <span class='ocr_line' id='line_1_5' title="bbox 268 1992 1986 2048; baseline -0.001 -13"><span class='ocrx_word' id='word_1_8' title='bbox 268 2008 382 2048; x_wconf 83' lang='lat' dir='ltr'>quain</span> <span class='ocrx_word' id='word_1_9' title='bbox 399 1999 597 2048; x_wconf 86' lang='lat' dir='ltr'>utriusque</span> <span class='ocrx_word' id='word_1_10' title='bbox 613 1992 751 2035; x_wconf 83' lang='lat' dir='ltr'>arbiter</span> <span class='ocrx_word' id='word_1_11' title='bbox 768 2024 781 2041; x_wconf 83' lang='lat'><strong>‚</strong></span> <span class='ocrx_word' id='word_1_12' title='bbox 810 2007 891 2035; x_wconf 90' lang='lat' dir='ltr'>non</span> <span class='ocrx_word' id='word_1_13' title='bbox 922 1996 988 2035; x_wconf 89' lang='lat' dir='ltr'>uni</span> <span class='ocrx_word' id='word_1_14' title='bbox 1018 1996 1135 2048; x_wconf 87' lang='lat' dir='ltr'>magis</span> <span class='ocrx_word' id='word_1_15' title='bbox 1164 1995 1381 2043; x_wconf 81' lang='lat' dir='ltr'>adhaerens,</span> <span class='ocrx_word' id='word_1_16' title='bbox 1412 2006 1527 2045; x_wconf 87' lang='lat' dir='ltr'>quam</span> <span class='ocrx_word' id='word_1_17' title='bbox 1563 1995 1689 2034; x_wconf 85' lang='lat' dir='ltr'>alteri:</span> <span class='ocrx_word' id='word_1_18' title='bbox 1717 1994 1820 2035; x_wconf 89' lang='lat' dir='ltr'>unde</span> <span class='ocrx_word' id='word_1_19' title='bbox 1846 1993 1911 2044; x_wconf 86' lang='lat' dir='ltr'>fit,</span> <span class='ocrx_word' id='word_1_20' title='bbox 1940 2003 1986 2033; x_wconf 83' lang='lat' dir='ltr'>ut:</span> 
     </span>
    </p>

    <p class='ocr_par' dir='ltr' id='par_1_6' title="bbox 178 2050 1988 3181">
     <span class='ocr_line' id='line_1_6' title="bbox 268 2050 1987 2108; baseline -0.002 -12"><span class='ocrx_word' id='word_1_21' title='bbox 268 2056 375 2108; x_wconf 87' lang='lat' dir='ltr'>quod</span> <span class='ocrx_word' id='word_1_22' title='bbox 395 2068 498 2096; x_wconf 80' lang='lat' dir='ltr'>mare</span> <span class='ocrx_word' id='word_1_23' title='bbox 515 2069 634 2095; x_wconf 85' lang='lat' dir='ltr'>unum</span> <span class='ocrx_word' id='word_1_24' title='bbox 657 2054 710 2095; x_wconf 82' lang='lat' dir='ltr'>illi</span> <span class='ocrx_word' id='word_1_25' title='bbox 734 2055 888 2103; x_wconf 80' lang='lat' dir='ltr'>adimit,</span> <span class='ocrx_word' id='word_1_26' title='bbox 921 2053 1091 2093; x_wconf 87' lang='lat' dir='ltr'>restituat</span> <span class='ocrx_word' id='word_1_27' title='bbox 1107 2056 1288 2104; x_wconf 86' lang='lat' dir='ltr'>alterum,</span> <span class='ocrx_word' id='word_1_28' title='bbox 1314 2053 1351 2094; x_wconf 87' lang='lat'>&amp;</span> <span class='ocrx_word' id='word_1_29' title='bbox 1383 2050 1511 2106; x_wconf 64' lang='lat' dir='ltr'>pugna</span> <span class='ocrx_word' id='word_1_30' title='bbox 1544 2055 1742 2105; x_wconf 85' lang='lat' dir='ltr'>utriusque</span> <span class='ocrx_word' id='word_1_31' title='bbox 1774 2065 1882 2106; x_wconf 79' lang='lat' dir='ltr'>aeque</span> <span class='ocrx_word' id='word_1_32' title='bbox 1915 2063 1987 2106; x_wconf 84' lang='lat' dir='ltr'>po·</span> 
     </span>
     <span class='ocr_line' id='line_1_7' title="bbox 179 2113 1987 2168; baseline -0.004 -9"><span class='ocrx_word' id='word_1_33' title='bbox 179 2119 294 2159; x_wconf 87' lang='lat' dir='ltr'>tentis</span> <span class='ocrx_word' id='word_1_34' title='bbox 324 2119 472 2168; x_wconf 80' lang='lat' dir='ltr'>integer</span> <span class='ocrx_word' id='word_1_35' title='bbox 490 2115 752 2158; x_wconf 85' lang='lat' dir='ltr'>conservetur.</span> <span class='ocrx_word' id='word_1_36' title='bbox 809 2114 963 2154; x_wconf 83' lang='lat' dir='ltr'><strong>Etenim</strong></span> <span class='ocrx_word' id='word_1_37' title='bbox 985 2114 1013 2153; x_wconf 84' lang='lat' dir='ltr'>si</span> <span class='ocrx_word' id='word_1_38' title='bbox 1038 2115 1148 2154; x_wconf 88' lang='lat' dir='ltr'>unius</span> <span class='ocrx_word' id='word_1_39' title='bbox 1174 2114 1313 2154; x_wconf 63' lang='lat' dir='ltr'>fluetus</span> <span class='ocrx_word' id='word_1_40' title='bbox 1330 2115 1488 2153; x_wconf 87' lang='lat' dir='ltr'>nimium</span> <span class='ocrx_word' id='word_1_41' title='bbox 1521 2113 1842 2163; x_wconf 82' lang='lat' dir='ltr'>intumescerent,</span> <span class='ocrx_word' id='word_1_42' title='bbox 1872 2113 1909 2153; x_wconf 87' lang='lat'>&amp;</span> <span class='ocrx_word' id='word_1_43' title='bbox 1927 2123 1987 2152; x_wconf 74' lang='lat' dir='ltr'>to-</span> 
     </span>
     <span class='ocr_line' id='line_1_8' title="bbox 179 2171 1986 2224; baseline -0.005 -3"><span class='ocrx_word' id='word_1_44' title='bbox 179 2191 256 2221; x_wconf 86' lang='lat' dir='ltr'>tam</span> <span class='ocrx_word' id='word_1_45' title='bbox 287 2176 515 2217; x_wconf 83' lang='lat' dir='ltr'>inundarent</span> <span class='ocrx_word' id='word_1_46' title='bbox 534 2185 691 2224; x_wconf 88' lang='lat' dir='ltr'>terram,</span> <span class='ocrx_word' id='word_1_47' title='bbox 714 2184 822 2213; x_wconf 84' lang='lat' dir='ltr'>terrae</span> <span class='ocrx_word' id='word_1_48' title='bbox 848 2174 1020 2214; x_wconf 84' lang='lat' dir='ltr'>delerent</span> <span class='ocrx_word' id='word_1_49' title='bbox 1043 2173 1276 2223; x_wconf 85' lang='lat' dir='ltr'>dominium,</span> <span class='ocrx_word' id='word_1_50' title='bbox 1308 2173 1345 2212; x_wconf 67' lang='grc' dir='ltr'>δε</span> <span class='ocrx_word' id='word_1_51' title='bbox 1370 2171 1529 2212; x_wconf 86' lang='lat' dir='ltr'>Isthmus</span> <span class='ocrx_word' id='word_1_52' title='bbox 1547 2171 1620 2212; x_wconf 84' lang='lat' dir='ltr'>effe</span> <span class='ocrx_word' id='word_1_53' title='bbox 1646 2171 1846 2214; x_wconf 78' lang='lat' dir='ltr'>delineret.</span> <span class='ocrx_word' id='word_1_54' title='bbox 1921 2171 1986 2213; x_wconf 80' lang='lat' dir='ltr'>lst-</span> 
     </span>
     <span class='ocr_line' id='line_1_9' title="bbox 179 2231 1988 2288; baseline -0.005 -7"><span class='ocrx_word' id='word_1_55' title='bbox 179 2241 262 2282; x_wconf 80' lang='lat' dir='ltr'>haec</span> <span class='ocrx_word' id='word_1_56' title='bbox 278 2236 377 2278; x_wconf 88' lang='lat' dir='ltr'>inter</span> <span class='ocrx_word' id='word_1_57' title='bbox 397 2234 490 2275; x_wconf 89' lang='lat' dir='ltr'>duas</span> <span class='ocrx_word' id='word_1_58' title='bbox 509 2233 669 2288; x_wconf 88' lang='lat' dir='ltr'>grandes</span> <span class='ocrx_word' id='word_1_59' title='bbox 686 2235 881 2285; x_wconf 78' lang='lat' dir='ltr'>potentias</span> <span class='ocrx_word' id='word_1_60' title='bbox 900 2233 1003 2284; x_wconf 84' lang='lat' dir='ltr'>quasi</span> <span class='ocrx_word' id='word_1_61' title='bbox 1023 2235 1242 2274; x_wconf 84' lang='lat' dir='ltr'>neutralitas</span> <span class='ocrx_word' id='word_1_62' title='bbox 1260 2233 1416 2272; x_wconf 85' lang='lat' dir='ltr'>Petrum</span> <span class='ocrx_word' id='word_1_63' title='bbox 1436 2232 1613 2285; x_wconf 85' lang='lat' dir='ltr'>Asagram</span> <span class='ocrx_word' id='word_1_64' title='bbox 1633 2231 1698 2272; x_wconf 89' lang='lat' dir='ltr'>diu</span> <span class='ocrx_word' id='word_1_65' title='bbox 1715 2231 1877 2273; x_wconf 83' lang='lat' dir='ltr'>feliciter</span> <span class='ocrx_word' id='word_1_66' title='bbox 1894 2244 1988 2273; x_wconf 62' lang='lat' dir='ltr'>con»</span> 
     </span>
     <span class='ocr_line' id='line_1_10' title="bbox 178 2289 1987 2348; baseline -0.006 -8"><span class='ocrx_word' id='word_1_67' title='bbox 178 2298 346 2342; x_wconf 84' lang='lat' dir='ltr'>servavit</span> <span class='ocrx_word' id='word_1_68' title='bbox 369 2297 408 2335; x_wconf 89' lang='lat' dir='ltr'>in</span> <span class='ocrx_word' id='word_1_69' title='bbox 427 2295 536 2335; x_wconf 85' lang='lat' dir='ltr'>Statu</span> <span class='ocrx_word' id='word_1_70' title='bbox 551 2295 619 2334; x_wconf 92' lang='lat' dir='ltr'>suo</span> <span class='ocrx_word' id='word_1_71' title='bbox 635 2293 960 2342; x_wconf 73' lang='lat' dir='ltr'>Albarracinanfi‚</span> <span class='ocrx_word' id='word_1_72' title='bbox 990 2289 1062 2348; x_wconf 78' lang='lat' dir='ltr'>(a)</span> <span class='ocrx_word' id='word_1_73' title='bbox 1093 2295 1130 2332; x_wconf 89' lang='lat' dir='ltr'>in</span> <span class='ocrx_word' id='word_1_74' title='bbox 1147 2292 1319 2332; x_wconf 82' lang='lat' dir='ltr'>Castellae</span> <span class='ocrx_word' id='word_1_75' title='bbox 1346 2292 1385 2331; x_wconf 87' lang='lat'>&amp;</span> <span class='ocrx_word' id='word_1_76' title='bbox 1415 2292 1617 2345; x_wconf 85' lang='lat' dir='ltr'>Aragoniae</span> <span class='ocrx_word' id='word_1_77' title='bbox 1642 2291 1859 2332; x_wconf 83' lang='lat' dir='ltr'>confinibus</span> <span class='ocrx_word' id='word_1_78' title='bbox 1886 2292 1958 2333; x_wconf 82' lang='lat' dir='ltr'>fito</span> <span class='ocrx_word' id='word_1_79' title='bbox 1974 2303 1987 2330; x_wconf 82' lang='lat'>.-</span> 
     </span>
     <span class='ocr_line' id='line_1_11' title="bbox 181 2348 1984 2412; baseline -0.004 -15"><span class='ocrx_word' id='word_1_80' title='bbox 181 2354 342 2412; x_wconf 79' lang='lat' dir='ltr'>quilibet</span> <span class='ocrx_word' id='word_1_81' title='bbox 365 2352 467 2394; x_wconf 88' lang='lat' dir='ltr'>enirn</span> <span class='ocrx_word' id='word_1_82' title='bbox 483 2349 641 2394; x_wconf 87' lang='lat' dir='ltr'>istorum</span> <span class='ocrx_word' id='word_1_83' title='bbox 658 2353 810 2404; x_wconf 86' lang='lat' dir='ltr'>Regum</span> <span class='ocrx_word' id='word_1_84' title='bbox 828 2349 992 2392; x_wconf 86' lang='lat' dir='ltr'>cavebat</span> <span class='ocrx_word' id='word_1_85' title='bbox 1007 2349 1188 2400; x_wconf 86' lang='lat' dir='ltr'>sollicite,</span> <span class='ocrx_word' id='word_1_86' title='bbox 1215 2362 1266 2391; x_wconf 88' lang='lat' dir='ltr'>ne</span> <span class='ocrx_word' id='word_1_87' title='bbox 1283 2350 1345 2390; x_wconf 89' lang='lat' dir='ltr'>ille</span> <span class='ocrx_word' id='word_1_88' title='bbox 1364 2350 1411 2387; x_wconf 88' lang='lat' dir='ltr'>ab</span> <span class='ocrx_word' id='word_1_89' title='bbox 1430 2351 1551 2388; x_wconf 86' lang='lat' dir='ltr'>altero</span> <span class='ocrx_word' id='word_1_90' title='bbox 1575 2353 1880 2402; x_wconf 83' lang='lat' dir='ltr'>opprimeretur,</span> <span class='ocrx_word' id='word_1_91' title='bbox 1909 2348 1984 2402; x_wconf 62' lang='lat' dir='ltr'>quai</span> 
     </span>
     <span class='ocr_line' id='line_1_12' title="bbox 178 2404 1986 2464; baseline -0.005 -5"><span class='ocrx_word' id='word_1_92' title='bbox 178 2412 314 2459; x_wconf 64' lang='lat' dir='ltr'>mutua</span> <span class='ocrx_word' id='word_1_93' title='bbox 333 2417 431 2455; x_wconf 89' lang='lat' dir='ltr'>inter</span> <span class='ocrx_word' id='word_1_94' title='bbox 450 2423 657 2464; x_wconf 88' lang='lat' dir='ltr'>utrumque</span> <span class='ocrx_word' id='word_1_95' title='bbox 675 2409 917 2452; x_wconf 89' lang='lat' dir='ltr'>aemulatione</span> <span class='ocrx_word' id='word_1_96' title='bbox 933 2410 1061 2450; x_wconf 88' lang='lat' dir='ltr'>Status</span> <span class='ocrx_word' id='word_1_97' title='bbox 1076 2411 1139 2450; x_wconf 88' lang='lat' dir='ltr'>ille</span> <span class='ocrx_word' id='word_1_98' title='bbox 1164 2410 1379 2449; x_wconf 87' lang='lat' dir='ltr'>libertatem</span> <span class='ocrx_word' id='word_1_99' title='bbox 1400 2404 1501 2447; x_wconf 82' lang='lat' dir='ltr'>suam</span> <span class='ocrx_word' id='word_1_100' title='bbox 1519 2409 1675 2448; x_wconf 88' lang='lat' dir='ltr'>retinuit</span> <span class='ocrx_word' id='word_1_101' title='bbox 1685 2409 1887 2462; x_wconf 57' lang='lat' dir='ltr'>integram.</span> <span class='ocrx_word' id='word_1_102' title='bbox 1916 2413 1986 2450; x_wconf 86' lang='lat' dir='ltr'>At-</span> 
     </span>
     <span class='ocr_line' id='line_1_13' title="bbox 180 2465 1985 2532; baseline -0.003 -15"><span class='ocrx_word' id='word_1_103' title='bbox 180 2489 258 2532; x_wconf 89' lang='lat' dir='ltr'>que</span> <span class='ocrx_word' id='word_1_104' title='bbox 281 2488 331 2516; x_wconf 85' lang='lat' dir='ltr'>ex</span> <span class='ocrx_word' id='word_1_105' title='bbox 349 2485 399 2513; x_wconf 86' lang='lat' dir='ltr'>eo</span> <span class='ocrx_word' id='word_1_106' title='bbox 416 2474 625 2525; x_wconf 83' lang='lat' dir='ltr'>intelligere</span> <span class='ocrx_word' id='word_1_107' title='bbox 639 2467 791 2524; x_wconf 82' lang='lat' dir='ltr'>poffent</span> <span class='ocrx_word' id='word_1_108' title='bbox 811 2468 1067 2522; x_wconf 83' lang='lat' dir='ltr'>Allobrogum</span> <span class='ocrx_word' id='word_1_109' title='bbox 1082 2468 1219 2510; x_wconf 90' lang='lat' dir='ltr'>Duces</span> <span class='ocrx_word' id='word_1_110' title='bbox 1232 2498 1245 2518; x_wconf 86' lang='lat'><strong>,</strong></span> <span class='ocrx_word' id='word_1_111' title='bbox 1276 2466 1459 2520; x_wconf 82' lang='lat' dir='ltr'>quantum</span> <span class='ocrx_word' id='word_1_112' title='bbox 1482 2467 1530 2508; x_wconf 89' lang='lat' dir='ltr'>ad</span> <span class='ocrx_word' id='word_1_113' title='bbox 1551 2465 1718 2519; x_wconf 88' lang='lat' dir='ltr'>ipsorum</span> <span class='ocrx_word' id='word_1_114' title='bbox 1746 2468 1985 2511; x_wconf 84' lang='lat' dir='ltr'>securitatem</span> 
     </span>
     <span class='ocr_line' id='line_1_14' title="bbox 180 2523 1985 2584; baseline -0.006 -5"><span class='ocrx_word' id='word_1_115' title='bbox 180 2535 346 2584; x_wconf 87' lang='lat' dir='ltr'>interfit,</span> <span class='ocrx_word' id='word_1_116' title='bbox 375 2531 404 2573; x_wconf 84' lang='lat' dir='ltr'>si</span> <span class='ocrx_word' id='word_1_117' title='bbox 427 2541 653 2573; x_wconf 87' lang='lat' dir='ltr'>communes</span> <span class='ocrx_word' id='word_1_118' title='bbox 670 2530 709 2570; x_wconf 89' lang='lat' dir='ltr'>se</span> <span class='ocrx_word' id='word_1_119' title='bbox 734 2532 879 2571; x_wconf 86' lang='lat' dir='ltr'>amicos</span> <span class='ocrx_word' id='word_1_120' title='bbox 903 2526 1086 2569; x_wconf 84' lang='lat' dir='ltr'>ambabus</span> <span class='ocrx_word' id='word_1_121' title='bbox 1103 2528 1269 2570; x_wconf 90' lang='lat' dir='ltr'>Coronis</span> <span class='ocrx_word' id='word_1_122' title='bbox 1286 2525 1479 2580; x_wconf 82' lang='lat' dir='ltr'>Hispaniae</span> <span class='ocrx_word' id='word_1_123' title='bbox 1502 2526 1540 2566; x_wconf 73' lang='grc' dir='ltr'>δε</span> <span class='ocrx_word' id='word_1_124' title='bbox 1565 2523 1734 2566; x_wconf 83' lang='lat' dir='ltr'>Franciae</span> <span class='ocrx_word' id='word_1_125' title='bbox 1766 2529 1985 2582; x_wconf 78' lang='lat' dir='ltr'>praebeant,</span> 
     </span>
     <span class='ocr_line' id='line_1_15' title="bbox 181 2584 1984 2646; baseline -0.004 -9"><span class='ocrx_word' id='word_1_126' title='bbox 181 2595 411 2646; x_wconf 86' lang='lat' dir='ltr'>serventque</span> <span class='ocrx_word' id='word_1_127' title='bbox 431 2595 470 2633; x_wconf 92' lang='lat' dir='ltr'>in</span> <span class='ocrx_word' id='word_1_128' title='bbox 490 2592 551 2632; x_wconf 87' lang='lat' dir='ltr'>sua</span> <span class='ocrx_word' id='word_1_129' title='bbox 573 2588 765 2643; x_wconf 88' lang='lat' dir='ltr'>potestate</span> <span class='ocrx_word' id='word_1_130' title='bbox 790 2601 834 2629; x_wconf 87' lang='lat' dir='ltr'>ea</span> <span class='ocrx_word' id='word_1_131' title='bbox 856 2588 1168 2641; x_wconf 84' lang='lat' dir='ltr'>propugnacula,</span> <span class='ocrx_word' id='word_1_132' title='bbox 1197 2600 1282 2640; x_wconf 85' lang='lat' dir='ltr'>quae</span> <span class='ocrx_word' id='word_1_133' title='bbox 1307 2584 1508 2642; x_wconf 73' lang='lat' dir='ltr'>ingressum</span> <span class='ocrx_word' id='word_1_134' title='bbox 1528 2597 1599 2639; x_wconf 91' lang='lat' dir='ltr'>per</span> <span class='ocrx_word' id='word_1_135' title='bbox 1621 2587 1743 2640; x_wconf 79' lang='lat' dir='ltr'>Alpes</span> <span class='ocrx_word' id='word_1_136' title='bbox 1775 2588 1815 2628; x_wconf 87' lang='lat' dir='ltr'>in</span> <span class='ocrx_word' id='word_1_137' title='bbox 1841 2588 1984 2629; x_wconf 89' lang='lat' dir='ltr'>Italiam</span> 
     </span>
     <span class='ocr_line' id='line_1_16' title="bbox 179 2645 1986 2711; baseline -0.004 -15"><span class='ocrx_word' id='word_1_138' title='bbox 179 2652 387 2711; x_wconf 89' lang='lat' dir='ltr'>prohibere</span> <span class='ocrx_word' id='word_1_139' title='bbox 396 2648 572 2706; x_wconf 76' lang='lat' dir='ltr'>possunt3</span> <span class='ocrx_word' id='word_1_140' title='bbox 586 2645 771 2703; x_wconf 79' lang='lat' dir='ltr'>siquidem</span> <span class='ocrx_word' id='word_1_141' title='bbox 781 2662 825 2689; x_wconf 86' lang='lat' dir='ltr'>ea</span> <span class='ocrx_word' id='word_1_142' title='bbox 842 2650 880 2688; x_wconf 90' lang='lat' dir='ltr'>in</span> <span class='ocrx_word' id='word_1_143' title='bbox 899 2660 941 2687; x_wconf 90' lang='lat' dir='ltr'>re</span> <span class='ocrx_word' id='word_1_144' title='bbox 957 2660 1092 2688; x_wconf 85' lang='lat' dir='ltr'>eorum</span> <span class='ocrx_word' id='word_1_145' title='bbox 1108 2647 1322 2700; x_wconf 86' lang='lat' dir='ltr'>amplitudo</span> <span class='ocrx_word' id='word_1_146' title='bbox 1334 2678 1348 2696; x_wconf 82' lang='lat'><strong>‚</strong></span> <span class='ocrx_word' id='word_1_147' title='bbox 1376 2646 1617 2687; x_wconf 81' lang='lat' dir='ltr'>conservatio</span> <span class='ocrx_word' id='word_1_148' title='bbox 1629 2676 1641 2695; x_wconf 89' lang='lat'>‚</span> <span class='ocrx_word' id='word_1_149' title='bbox 1673 2645 1710 2686; x_wconf 72' lang='grc' dir='ltr'><strong>ἃ</strong></span> <span class='ocrx_word' id='word_1_150' title='bbox 1727 2650 1898 2689; x_wconf 83' lang='lat' dir='ltr'>amicitiae</span> <span class='ocrx_word' id='word_1_151' title='bbox 1917 2661 1986 2689; x_wconf 89' lang='lat' dir='ltr'>nc-</span> 
     </span>
     <span class='ocr_line' id='line_1_17' title="bbox 181 2706 1985 2763; baseline -0.004 -7"><span class='ocrx_word' id='word_1_152' title='bbox 181 2715 324 2758; x_wconf 84' lang='lat' dir='ltr'>cessitas</span> <span class='ocrx_word' id='word_1_153' title='bbox 343 2712 529 2760; x_wconf 80' lang='lat' dir='ltr'>consistit,</span> <span class='ocrx_word' id='word_1_154' title='bbox 559 2720 766 2763; x_wconf 88' lang='lat' dir='ltr'>propterea</span> <span class='ocrx_word' id='word_1_155' title='bbox 795 2708 901 2760; x_wconf 86' lang='lat' dir='ltr'>quod</span> <span class='ocrx_word' id='word_1_156' title='bbox 928 2706 1095 2748; x_wconf 83' lang='lat' dir='ltr'>Coronae</span> <span class='ocrx_word' id='word_1_157' title='bbox 1122 2708 1319 2759; x_wconf 79' lang='lat' dir='ltr'>utriusque</span> <span class='ocrx_word' id='word_1_158' title='bbox 1344 2706 1489 2746; x_wconf 82' lang='lat' dir='ltr'>intersit</span> <span class='ocrx_word' id='word_1_159' title='bbox 1521 2718 1634 2758; x_wconf 89' lang='lat' dir='ltr'>quam</span> <span class='ocrx_word' id='word_1_160' title='bbox 1671 2709 1875 2759; x_wconf 84' lang='lat' dir='ltr'>plurimum</span> <span class='ocrx_word' id='word_1_161' title='bbox 1893 2738 1906 2757; x_wconf 91' lang='lat'><strong>,</strong></span> <span class='ocrx_word' id='word_1_162' title='bbox 1933 2719 1985 2749; x_wconf 83' lang='lat' dir='ltr'>ne</span> 
     </span>
     <span class='ocr_line' id='line_1_18' title="bbox 180 2765 1983 2819; baseline -0.006 -3"><span class='ocrx_word' id='word_1_163' title='bbox 180 2779 231 2817; x_wconf 87' lang='lat' dir='ltr'>illi</span> <span class='ocrx_word' id='word_1_164' title='bbox 252 2772 300 2814; x_wconf 86' lang='lat' dir='ltr'>ab</span> <span class='ocrx_word' id='word_1_165' title='bbox 317 2773 493 2813; x_wconf 82' lang='lat' dir='ltr'>alterutra</span> <span class='ocrx_word' id='word_1_166' title='bbox 510 2771 623 2810; x_wconf 88' lang='lat' dir='ltr'>bonis</span> <span class='ocrx_word' id='word_1_167' title='bbox 649 2766 721 2809; x_wconf 88' lang='lat' dir='ltr'>suis</span> <span class='ocrx_word' id='word_1_168' title='bbox 750 2778 949 2808; x_wconf 84' lang='lat' dir='ltr'>exuantur.</span> <span class='ocrx_word' id='word_1_169' title='bbox 1012 2766 1117 2808; x_wconf 85' lang='lat' dir='ltr'>Hinc</span> <span class='ocrx_word' id='word_1_170' title='bbox 1134 2768 1250 2808; x_wconf 83' lang='lat' dir='ltr'>tories</span> <span class='ocrx_word' id='word_1_171' title='bbox 1274 2766 1434 2819; x_wconf 86' lang='lat' dir='ltr'>Hispani</span> <span class='ocrx_word' id='word_1_172' title='bbox 1458 2765 1564 2807; x_wconf 84' lang='lat' dir='ltr'>Duci</span> <span class='ocrx_word' id='word_1_173' title='bbox 1589 2766 1731 2807; x_wconf 84' lang='lat' dir='ltr'>Carolo</span> <span class='ocrx_word' id='word_1_174' title='bbox 1751 2767 1983 2809; x_wconf 73' lang='lat' dir='ltr'>Emmanue-</span> 
     </span>
     <span class='ocr_line' id='line_1_19' title="bbox 181 2824 1982 2879; baseline -0.003 -4"><span class='ocrx_word' id='word_1_175' title='bbox 181 2835 207 2876; x_wconf 91' lang='lat' dir='ltr'>li</span> <span class='ocrx_word' id='word_1_176' title='bbox 238 2842 431 2873; x_wconf 86' lang='lat' dir='ltr'>venerunt</span> <span class='ocrx_word' id='word_1_177' title='bbox 463 2826 648 2878; x_wconf 72' lang='lat' dir='ltr'>subsidio,</span> <span class='ocrx_word' id='word_1_178' title='bbox 678 2829 867 2879; x_wconf 87' lang='lat' dir='ltr'>armisque</span> <span class='ocrx_word' id='word_1_179' title='bbox 898 2834 1203 2879; x_wconf 77' lang='lat' dir='ltr'>recuperarunt,</span> <span class='ocrx_word' id='word_1_180' title='bbox 1235 2839 1320 2879; x_wconf 89' lang='lat' dir='ltr'>quae</span> <span class='ocrx_word' id='word_1_181' title='bbox 1354 2825 1375 2866; x_wconf 71' lang='lat' dir='ltr'>a</span> <span class='ocrx_word' id='word_1_182' title='bbox 1407 2824 1560 2867; x_wconf 87' lang='lat' dir='ltr'>Francis</span> <span class='ocrx_word' id='word_1_183' title='bbox 1598 2836 1787 2879; x_wconf 80' lang='lat' dir='ltr'>occupata</span> <span class='ocrx_word' id='word_1_184' title='bbox 1817 2827 1982 2870; x_wconf 79' lang='lat' dir='ltr'>fuerant.</span> 
     </span>
     <span class='ocr_line' id='line_1_20' title="bbox 180 2884 1983 2941; baseline -0.004 -6"><span class='ocrx_word' id='word_1_185' title='bbox 180 2892 294 2936; x_wconf 89' lang='lat' dir='ltr'>Tunc</span> <span class='ocrx_word' id='word_1_186' title='bbox 318 2891 438 2932; x_wconf 79' lang='lat' dir='ltr'>solum</span> <span class='ocrx_word' id='word_1_187' title='bbox 469 2887 670 2941; x_wconf 83' lang='lat' dir='ltr'>expediret</span> <span class='ocrx_word' id='word_1_188' title='bbox 693 2885 898 2936; x_wconf 83' lang='lat' dir='ltr'>Ducibus,</span> <span class='ocrx_word' id='word_1_189' title='bbox 927 2884 1124 2928; x_wconf 86' lang='lat' dir='ltr'>communi</span> <span class='ocrx_word' id='word_1_190' title='bbox 1147 2884 1204 2927; x_wconf 83' lang='lat' dir='ltr'>&#39;isti</span> <span class='ocrx_word' id='word_1_191' title='bbox 1232 2887 1449 2927; x_wconf 88' lang='lat' dir='ltr'>renuntiare</span> <span class='ocrx_word' id='word_1_192' title='bbox 1472 2887 1665 2938; x_wconf 82' lang='lat' dir='ltr'>amicitiae,</span> <span class='ocrx_word' id='word_1_193' title='bbox 1695 2886 1734 2926; x_wconf 84' lang='lat'>&amp;</span> <span class='ocrx_word' id='word_1_194' title='bbox 1769 2890 1834 2928; x_wconf 87' lang='lat' dir='ltr'>uni</span> <span class='ocrx_word' id='word_1_195' title='bbox 1868 2899 1983 2928; x_wconf 64' lang='lat' dir='ltr'>certae</span> 
     </span>
     <span class='ocr_line' id='line_1_21' title="bbox 181 2945 1982 3003; baseline -0.004 -7"><span class='ocrx_word' id='word_1_196' title='bbox 181 2963 338 2997; x_wconf 80' lang='lat' dir='ltr'>coronae</span> <span class='ocrx_word' id='word_1_197' title='bbox 355 2949 432 2991; x_wconf 83' lang='lat' dir='ltr'>sese</span> <span class='ocrx_word' id='word_1_198' title='bbox 452 2946 655 3003; x_wconf 85' lang='lat' dir='ltr'>adjungere</span> <span class='ocrx_word' id='word_1_199' title='bbox 677 2977 688 2996; x_wconf 89' lang='lat'>,</span> <span class='ocrx_word' id='word_1_200' title='bbox 717 2946 874 2999; x_wconf 86' lang='lat' dir='ltr'>quando</span> <span class='ocrx_word' id='word_1_201' title='bbox 891 2947 1006 2987; x_wconf 86' lang='lat' dir='ltr'>altera</span> <span class='ocrx_word' id='word_1_202' title='bbox 1029 2954 1220 2988; x_wconf 89' lang='lat' dir='ltr'>armorum</span> <span class='ocrx_word' id='word_1_203' title='bbox 1235 2947 1276 2986; x_wconf 83' lang='lat' dir='ltr'>vi</span> <span class='ocrx_word' id='word_1_204' title='bbox 1302 2946 1471 2987; x_wconf 88' lang='lat' dir='ltr'>Statibus</span> <span class='ocrx_word' id='word_1_205' title='bbox 1497 2948 1648 2988; x_wconf 87' lang='lat' dir='ltr'>illorum</span> <span class='ocrx_word' id='word_1_206' title='bbox 1671 2945 1858 2987; x_wconf 85' lang='lat' dir='ltr'>dominari</span> <span class='ocrx_word' id='word_1_207' title='bbox 1889 2960 1982 2988; x_wconf 71' lang='lat' dir='ltr'>con-</span> 
     </span>
     <span class='ocr_line' id='line_1_22' title="bbox 180 3001 1982 3061; baseline -0.004 -5"><span class='ocrx_word' id='word_1_208' title='bbox 180 3013 378 3060; x_wconf 83' lang='lat' dir='ltr'>tenderet,</span> <span class='ocrx_word' id='word_1_209' title='bbox 407 3008 446 3050; x_wconf 86' lang='lat'>&amp;</span> <span class='ocrx_word' id='word_1_210' title='bbox 471 3008 674 3061; x_wconf 82' lang='lat' dir='ltr'>praesertim</span> <span class='ocrx_word' id='word_1_211' title='bbox 693 3005 849 3048; x_wconf 87' lang='lat' dir='ltr'>Corona</span> <span class='ocrx_word' id='word_1_212' title='bbox 871 3001 1071 3047; x_wconf 85' lang='lat' dir='ltr'>Francica:</span> <span class='ocrx_word' id='word_1_213' title='bbox 1099 3008 1181 3047; x_wconf 87' lang='lat' dir='ltr'>haec</span> <span class='ocrx_word' id='word_1_214' title='bbox 1199 3008 1322 3055; x_wconf 84' lang='lat' dir='ltr'>enim,</span> <span class='ocrx_word' id='word_1_215' title='bbox 1353 3006 1381 3047; x_wconf 85' lang='lat' dir='ltr'>si</span> <span class='ocrx_word' id='word_1_216' title='bbox 1395 3006 1586 3059; x_wconf 87' lang='lat' dir='ltr'>Hispanos</span> <span class='ocrx_word' id='word_1_217' title='bbox 1603 3007 1705 3047; x_wconf 84' lang='lat' dir='ltr'>ltalia</span> <span class='ocrx_word' id='word_1_218' title='bbox 1719 3006 1982 3058; x_wconf 84' lang='lat' dir='ltr'>ejiceret,tam</span> 
     </span>
     <span class='ocr_line' id='line_1_23' title="bbox 180 3065 1983 3123; baseline -0.003 -9"><span class='ocrx_word' id='word_1_219' title='bbox 180 3075 292 3117; x_wconf 85' lang='lat' dir='ltr'>fieret</span> <span class='ocrx_word' id='word_1_220' title='bbox 312 3080 454 3123; x_wconf 88' lang='lat' dir='ltr'>potens</span> <span class='ocrx_word' id='word_1_221' title='bbox 470 3066 663 3121; x_wconf 75' lang='lat' dir='ltr'>(excenso</span> <span class='ocrx_word' id='word_1_222' title='bbox 679 3067 755 3118; x_wconf 81' lang='lat' dir='ltr'>jam</span> <span class='ocrx_word' id='word_1_223' title='bbox 785 3068 852 3107; x_wconf 85' lang='lat' dir='ltr'>suo</span> <span class='ocrx_word' id='word_1_224' title='bbox 870 3066 1068 3106; x_wconf 87' lang='lat' dir='ltr'>dominatu</span> <span class='ocrx_word' id='word_1_225' title='bbox 1082 3068 1130 3106; x_wconf 86' lang='lat' dir='ltr'>ab</span> <span class='ocrx_word' id='word_1_226' title='bbox 1147 3067 1287 3106; x_wconf 86' lang='lat' dir='ltr'>ultimis</span> <span class='ocrx_word' id='word_1_227' title='bbox 1302 3065 1451 3106; x_wconf 87' lang='lat' dir='ltr'>Oceani</span> <span class='ocrx_word' id='word_1_228' title='bbox 1471 3066 1609 3106; x_wconf 87' lang='lat' dir='ltr'>finibus</span> <span class='ocrx_word' id='word_1_229' title='bbox 1637 3066 1756 3118; x_wconf 86' lang='lat' dir='ltr'>usque</span> <span class='ocrx_word' id='word_1_230' title='bbox 1783 3066 1831 3105; x_wconf 90' lang='lat' dir='ltr'>ad</span> <span class='ocrx_word' id='word_1_231' title='bbox 1854 3069 1983 3108; x_wconf 83' lang='lat' dir='ltr'>termi-</span> 
     </span>
     <span class='ocr_line' id='line_1_24' title="bbox 181 3118 1982 3181; baseline -0.004 -6"><span class='ocrx_word' id='word_1_232' title='bbox 181 3146 254 3175; x_wconf 89' lang='lat' dir='ltr'>nos</span> <span class='ocrx_word' id='word_1_233' title='bbox 276 3132 389 3173; x_wconf 83' lang='lat' dir='ltr'>maris</span> <span class='ocrx_word' id='word_1_234' title='bbox 407 3127 682 3168; x_wconf 82' lang='lat' dir='ltr'>Mediterranei</span> <span class='ocrx_word' id='word_1_235' title='bbox 702 3136 772 3179; x_wconf 86' lang='lat' dir='ltr'>per</span> <span class='ocrx_word' id='word_1_236' title='bbox 797 3118 1047 3181; x_wconf 79' lang='lat' dir='ltr'>Calabriam)</span> <span class='ocrx_word' id='word_1_237' title='bbox 1077 3135 1120 3166; x_wconf 90' lang='lat' dir='ltr'>ut</span> <span class='ocrx_word' id='word_1_238' title='bbox 1140 3119 1308 3166; x_wconf 77' lang='lat' dir='ltr'>confusis</span> <span class='ocrx_word' id='word_1_239' title='bbox 1323 3124 1520 3165; x_wconf 84' lang='lat' dir='ltr'>Sabaudiae</span> <span class='ocrx_word' id='word_1_240' title='bbox 1543 3125 1581 3166; x_wconf 70' lang='grc' dir='ltr'>δε</span> <span class='ocrx_word' id='word_1_241' title='bbox 1605 3125 1843 3166; x_wconf 85' lang='lat' dir='ltr'>Pedemontii</span> <span class='ocrx_word' id='word_1_242' title='bbox 1870 3126 1982 3167; x_wconf 74' lang='lat' dir='ltr'>Stati-</span> 
     </span>
    </p>
   </div>
   <div class='ocr_carea' id='block_1_6' title="bbox 179 3184 1984 3287">
    <p class='ocr_par' dir='ltr' id='par_1_7' title="bbox 179 3184 1984 3287">
     <span class='ocr_line' id='line_1_25' title="bbox 179 3184 1978 3243; baseline -0.003 -9"><span class='ocrx_word' id='word_1_243' title='bbox 179 3192 278 3243; x_wconf 83' lang='lat' dir='ltr'>bus,</span> <span class='ocrx_word' id='word_1_244' title='bbox 306 3187 457 3232; x_wconf 65' lang='lat' dir='ltr'>necessb</span> <span class='ocrx_word' id='word_1_245' title='bbox 475 3187 598 3238; x_wconf 85' lang='lat' dir='ltr'>foret,</span> <span class='ocrx_word' id='word_1_246' title='bbox 627 3197 692 3226; x_wconf 85' lang='lat' dir='ltr'>aut</span> <span class='ocrx_word' id='word_1_247' title='bbox 710 3198 778 3226; x_wconf 86' lang='lat' dir='ltr'>eos</span> <span class='ocrx_word' id='word_1_248' title='bbox 795 3196 949 3227; x_wconf 85' lang='lat' dir='ltr'>coronae</span> <span class='ocrx_word' id='word_1_249' title='bbox 967 3185 1157 3226; x_wconf 83' lang='lat' dir='ltr'>Francicae</span> <span class='ocrx_word' id='word_1_250' title='bbox 1180 3187 1299 3235; x_wconf 85' lang='lat' dir='ltr'>uniri,</span> <span class='ocrx_word' id='word_1_251' title='bbox 1328 3195 1393 3225; x_wconf 84' lang='lat' dir='ltr'>aut</span> <span class='ocrx_word' id='word_1_252' title='bbox 1410 3185 1683 3237; x_wconf 72' lang='lat' dir='ltr'>subjectionem</span> <span class='ocrx_word' id='word_1_253' title='bbox 1701 3184 1739 3223; x_wconf 74' lang='grc' dir='ltr'>δε</span> <span class='ocrx_word' id='word_1_254' title='bbox 1754 3184 1978 3228; x_wconf 83' lang='lat' dir='ltr'>servitutem</span> 
     </span>
     <span class='ocr_line' id='line_1_26' title="bbox 1886 3245 1984 3287; baseline 0.01 -1"><span class='ocrx_word' id='word_1_255' title='bbox 1886 3245 1984 3287; x_wconf 85' lang='lat' dir='ltr'>subi·</span> 
     </span>
    </p>
   </div>
   <div class='ocr_carea' id='block_1_7' title="bbox 179 1927 1988 2070">
    <p class='ocr_par' dir='ltr' id='par_1_8' title="bbox 179 1927 1988 2070">
     <span class='ocr_line' id='line_1_27' title="bbox 179 1927 1988 2070; baseline -0.002 -94"><span class='ocrx_word' id='word_1_256' title='bbox 179 1929 342 2070; x_wconf 73' lang='lat' dir='ltr'>INter</span> <span class='ocrx_word' id='word_1_257' title='bbox 356 1938 437 1977; x_wconf 82' lang='lat' dir='ltr'>vim</span> <span class='ocrx_word' id='word_1_258' title='bbox 454 1934 493 1978; x_wconf 72' lang='grc' dir='ltr'>δε</span> <span class='ocrx_word' id='word_1_259' title='bbox 512 1933 727 1988; x_wconf 84' lang='lat' dir='ltr'>potentiam</span> <span class='ocrx_word' id='word_1_260' title='bbox 744 1931 908 1975; x_wconf 85' lang='lat' dir='ltr'>duorum</span> <span class='ocrx_word' id='word_1_261' title='bbox 923 1927 1203 1975; x_wconf 83' lang='lat' dir='ltr'>contrariorum</span> <span class='ocrx_word' id='word_1_262' title='bbox 1224 1940 1422 1986; x_wconf 65' lang='lat' dir='ltr'>{equorum</span> <span class='ocrx_word' id='word_1_263' title='bbox 1447 1931 1523 1973; x_wconf 82' lang='lat' dir='ltr'>sese</span> <span class='ocrx_word' id='word_1_264' title='bbox 1550 1929 1711 1974; x_wconf 83' lang='lat' dir='ltr'>Isthmus</span> <span class='ocrx_word' id='word_1_265' title='bbox 1735 1940 1863 1974; x_wconf 86' lang='lat' dir='ltr'>tuetur</span> <span class='ocrx_word' id='word_1_266' title='bbox 1878 1963 1890 1983; x_wconf 87' lang='lat'><strong>,</strong></span> <span class='ocrx_word' id='word_1_267' title='bbox 1906 1940 1988 1973; x_wconf 84' lang='lat' dir='ltr'>tan·</span> 
     </span>
    </p>
   </div>
   <div class='ocr_carea' id='block_1_8' title="bbox 955 3317 1425 3336">
    <p class='ocr_par' dir='ltr' id='par_1_9' title="bbox 955 3317 1425 3336">
     <span class='ocr_line' id='line_1_28' title="bbox 955 3317 1425 3336; baseline -0.006 0"><span class='ocrx_word' id='word_1_268' title='bbox 955 3317 1425 3336; x_wconf 48' lang='lat' dir='ltr'>mand-n*-</span> 
     </span>
    </p>
   </div>
   <div class='ocr_carea' id='block_1_9' title="bbox 442 3324 695 3337">
    <p class='ocr_par' dir='ltr' id='par_1_10' title="bbox 442 3324 695 3337">
     <span class='ocr_line' id='line_1_29' title="bbox 442 3324 695 3337; baseline 0 393"><span class='ocrx_word' id='word_1_269' title='bbox 442 3324 695 3337; x_wconf 95' lang='lat' dir='ltr'> </span> 
     </span>
    </p>
   </div>
   <div class='ocr_carea' id='block_1_10' title="bbox 698 3324 952 3336">
    <p class='ocr_par' dir='ltr' id='par_1_11' title="bbox 698 3324 952 3336">
     <span class='ocr_line' id='line_1_30' title="bbox 698 3324 952 3336; baseline 0 394"><span class='ocrx_word' id='word_1_270' title='bbox 698 3324 952 3336; x_wconf 95' lang='lat' dir='ltr'> </span> 
     </span>
    </p>
   </div>
   <div class='ocr_carea' id='block_1_11' title="bbox 182 3326 439 3341">
    <p class='ocr_par' dir='ltr' id='par_1_12' title="bbox 182 3326 439 3341">
     <span class='ocr_line' id='line_1_31' title="bbox 182 3326 439 3341; baseline 0 389"><span class='ocrx_word' id='word_1_271' title='bbox 182 3326 439 3341; x_wconf 95' lang='lat' dir='ltr'> </span> 
     </span>
    </p>
   </div>
   <div class='ocr_carea' id='block_1_12' title="bbox 277 3360 940 3419">
    <p class='ocr_par' dir='ltr' id='par_1_13' title="bbox 277 3360 940 3419">
     <span class='ocr_line' id='line_1_32' title="bbox 277 3360 940 3419; baseline -0.003 -18"><span class='ocrx_word' id='word_1_272' title='bbox 277 3369 336 3413; x_wconf 86' lang='lat' dir='ltr'>(a)</span> <span class='ocrx_word' id='word_1_273' title='bbox 360 3364 447 3401; x_wconf 75' lang='lat' dir='ltr'>Mar.</span> <span class='ocrx_word' id='word_1_274' title='bbox 471 3361 561 3401; x_wconf 72' lang='lat' dir='ltr'>nist.</span> <span class='ocrx_word' id='word_1_275' title='bbox 579 3360 677 3419; x_wconf 81' lang='lat' dir='ltr'>Hisp.</span> <span class='ocrx_word' id='word_1_276' title='bbox 703 3363 725 3399; x_wconf 83' lang='lat' dir='ltr'>l.</span> <span class='ocrx_word' id='word_1_277' title='bbox 752 3375 789 3399; x_wconf 79' lang='lat'>11</span> <span class='ocrx_word' id='word_1_278' title='bbox 827 3374 857 3397; x_wconf 79' lang='lat' dir='ltr'>c,</span> <span class='ocrx_word' id='word_1_279' title='bbox 885 3366 940 3399; x_wconf 62' lang='lat'>16„</span> 
     </span>
    </p>
   </div>
   <div class='ocr_carea' id='block_1_13' title="bbox 2128 2010 2130 2605">
    <p class='ocr_par' dir='ltr' id='par_1_14' title="bbox 2128 2010 2130 2605">
     <span class='ocr_line' id='line_1_33' title="bbox 2128 2010 2130 2605; baseline 0 0"><span class='ocrx_word' id='word_1_280' title='bbox 2128 2010 2130 2605; x_wconf 95' lang='lat' dir='ltr'> </span> 
     </span>
    </p>
   </div>
  </div>
 </body>
</html>
