2132 3730
466 196 1443 279 SYMBOLAPOLJTJCA.
1772 245 1854 293 313

55 319 229 369 politano
253 315 422 356 laborem
448 316 487 354 in
506 315 679 368 Regibus
706 317 997 367 improbabant,
1025 313 1289 369 atrespondit
1318 321 1409 360 ille:
1439 320 1506 360 An
1525 332 1604 373 ergo
1622 324 1762 373 putatis
1789 333 1861 362 maa

53 390 120 416 nus
147 378 170 416 ἁ
190 375 340 415 Natura
369 374 523 426 Regibus
536 372 716 428 conccfflzs,
748 381 788 414 ut
806 374 912 428 otioste
932 376 1028 431 ff'nt
1043 380 1064 418 ἓ
1096 376 1429 429 Confideraverir,
1472 380 1613 432 opinor
1626 409 1638 430 ,
1667 381 1754 421 Rex
1769 394 1860 433 pru-

2 442 13 476 ὲ
54 434 283 477 dentiffimus
307 432 567 474 admirabilem
590 436 691 473 illam
716 445 897 476 manuum
929 437 1133 487 fabricam,
1163 438 1371 479 earundem
1389 437 1605 490 juncturas,
1635 438 1857 482 facilitatem

50 491 245 547 pandendi
261 492 338 533 sese
356 492 394 533 δε
419 491 657 544 explicandi,
687 494 889 536 claudendi
915 488 1060 546 robur,
1089 496 1379 538 consensionem
1404 499 1497 539 item
1524 510 1696 540 mutuam
1715 502 1753 541 in
1779 500 1857 541 effi-

0 551 1 555 ’
49 550 210 601 ciendo,
239 551 422 604 quicquid
447 554 703 606 intelligentiae
732 553 818 594 idea
846 557 1050 607 obtulerit,
1078 558 1224 609 quippe
1251 570 1336 609 quae
1370 559 1479 598 velut
1503 557 1750 600 instrumenta
1770 560 1856 601 sunt

10 661 13 664 Α
50 611 186 651 artium
219 613 414 661 omnium,
443 623 494 653 ex
519 625 600 665 quo
628 612 769 654 deinde
810 617 1055 657 ratiocinatus
1092 615 1146 656 fic
1179 614 1325 667 fuerit,
1357 616 1558 657 artificium
1595 618 1857 667 ejusmodi&

47 668 270 711 strueuram
284 683 365 711 non
381 670 402 711 'a
422 672 507 712 casu
527 672 623 722 effe,
652 685 780 725 neque
803 678 871 715 otii
895 678 1012 728 gratia
1028 702 1040 725 ,
1070 674 1134 715 sed
1149 686 1311 728 propter
1338 678 1511 718 laborem
1546 677 1586 716 δε
1622 678 1854 721 industriam.

45 729 169 782 Regi,
198 732 264 783 qui
282 731 421 772 otiosas
442 733 590 785 semper
604 732 643 773 &
660 732 833 774 diductas
856 735 1031 775 habuerit
1047 746 1201 785 manus,
1229 733 1343 776 facile
1362 737 1552 788 sceptrum
1567 747 1617 776 ex
1636 739 1770 778 iisdem
1779 740 1855 778 ela-

9 840 12 847 *
45 789 182 839 betur,
211 789 252 831 δε
273 802 348 831 una
372 791 447 831 sese
471 803 559 839 cum
581 793 647 832 illo
671 795 709 833 in
728 795 846 839 altum
879 793 1035 844 tollent,
1066 797 1132 846 qui
1149 794 1265 847 Regis
1286 795 1449 836 affistunt
1475 798 1596 836 lateri.
1654 795 1853 848 Majorum

10 889 14 908 ἑ
46 850 169 893 virtus
185 849 225 889 δι
245 849 435 891 fortitudo
455 851 612 892 heroica
632 854 822 893 cineribus
847 854 1021 893 obruitur
1038 854 1076 894 in
1100 853 1291 906 Posteris,
1311 855 1351 896 -fi
1366 857 1473 896 luxui
1493 856 1530 897 &
1559 855 1702 897 deliciis
1728 857 1854 910 Impe-

44 909 89 949 rii
103 908 263 950 nimiiun
287 910 506 964 indulgeant
524 940 536 960 ‚
567 912 687 952 immo
704 922 929 966 magnorum
949 913 1167 966 Principum
1195 914 1342 968 sanguis
1368 915 1501 957 sensim
1525 917 1676 968 penitus
1702 917 1853 965 interit;

44 969 100 1008 uti
115 966 196 1009 fieri
212 969 388 1012 videmus
412 972 450 1011 in
464 971 770 1023 generosioribus
788 974 918 1023 equis,
948 972 976 1013 fi
998 972 1020 1012 e
1038 975 1134 1013 locis
1160 973 1267 1014 siccis
1292 974 1333 1015 δι
1360 975 1585 1024 aridioribus
1616 977 1653 1016 in
1676 975 1853 1028 palustria

42 1027 344 1080 transferantur,
373 1040 438 1070 aut
466 1042 550 1082 quae
588 1032 707 1072 nimio
740 1032 935 1072 abundant
966 1034 1124 1084 pabulo.
1184 1033 1258 1088 (a)
1288 1033 1426 1074 Movit
1455 1047 1501 1075 ea
1523 1047 1584 1076 res
1615 1033 1852 1090 Fridericum

39 1087 190 1140 Regem
204 1086 528 1142 Neapolitanum,
558 1101 601 1131 ut
618 1091 685 1131 iub
702 1099 917 1132 extremum
944 1093 1033 1133 vitae
1056 1091 1175 1133 filium
1200 1093 1309 1134 suurn
1337 1093 1521 1135 Calabriae
1544 1094 1700 1136 Ducem
1719 1106 1789 1149 per
1808 1097 1849 1136 li-

7 1199 10 1202 ·
40 1155 140 1187 teras
160 1149 400 1199 hortaretur,
431 1151 620 1191 exercitiis
644 1152 867 1191 militaribus
884 1151 922 1191 ὅτ.
957 1150 1123 1204 equestri
1147 1150 1316 1194 firmaret
1348 1166 1516 1206 corpus,
1544 1167 1673 1207 neque
1701 1167 1853 1208 praepo-

38 1204 143 1246 stetis
161 1209 425 1262 voluptatibus
446 1209 568 1263 frangi
589 1210 626 1250 se
641 1208 801 1259 fineret,
832 1221 897 1250 aut
914 1210 1196 1252 difficultatibus
1217 1212 1254 1252 δι
1271 1215 1451 1265 periculis
1474 1216 1617 1255 terreri.
1706 1217 1851 1256 Animo

39 1278 199 1318 quoque
218 1269 281 1308 sua
306 1268 361 1310 est
376 1271 611 1322 occupatio,
640 1270 718 1310 line
735 1282 809 1322 qua
826 1270 1035 1311 affectuum
1065 1272 1217 1312 suorum
1242 1273 1280 1313 ἀ
1305 1273 1513 1325 paffionum
1537 1273 1698 1328 jaciatur
1728 1273 1853 1315 flueti-

36 1325 131 1375 δυε,
161 1326 199 1367 &
219 1328 258 1368 in
282 1330 466 1368 vitiorum
492 1328 671 1380 scopulos
701 1329 849 1373 incidit.
910 1330 1034 1370 Poenae
1064 1333 1155 1370 loco
1179 1328 1289 1372 Deus
1315 1334 1463 1374 homini
1492 1335 1663 1374 laborem
1695 1332 1763 1390 (h)
1796 1336 1850 1375 in-

31 1382 178 1438 J‘unxit,
206 1387 258 1427 ita
280 1396 431 1435 tamen,
463 1395 506 1426 ut
534 1388 565 1426 is
597 1386 672 1425 una
689 1387 858 1427 medium
881 1387 975 1429 esset
994 1389 1042 1428 ad
1063 1392 1232 1441 quietem
1246 1392 1343 1431 illius
1368 1391 1407 1434 &
1424 1394 1730 1445 prosperitatem.
1765 1392 1852 1435 Ne.

9 1443 11 1445 ’
38 1457 115 1499 que
136 1448 285 1497 orium,
312 1457 442 1499 neque
465 1447 616 1494 inertia,
645 1445 711 1486 sed
743 1445 844 1486 solus
874 1447 984 1488 labor
1009 1449 1070 1488 illa
1088 1458 1165 1488 tam
1196 1451 1269 1488 alta
1283 1450 1376 1501 jecit
1401 1451 1651 1493 fundamenta
1667 1481 1679 1501 ‚
1710 1449 1850 1494 &infi-

35 1508 121 1557 gnia
146 1506 208 1547 illa
233 1518 278 1547 ac
302 1506 556 1559 pulcherrima
578 1507 746 1546 extruxit
770 1504 928 1547 aedificia
958 1506 1276 1550 Monarchiarum
1310 1508 1557 1562 Medorum,
1586 1511 1852 1562 Affyriorum,

36 1565 285 1615 Graecorum,
310 1565 349 1606 δε
374 1566 654 1608 Romanorum.
716 1565 805 1614 Ille,
832 1567 896 1605 ille
922 1565 1020 1616 fuit,
1051 1568 1117 1619 qui
1134 1570 1253 1621 longo
1281 1579 1459 1622 tempore
1477 1572 1686 1612 earundem
1720 1574 1852 1625 ampli-

1 1669 5 1682 Δ
34 1625 209 1667 tudinem
231 1624 422 1673 sustinuit3
451 1625 516 1665 ille
536 1626 742 1665 etiamnum
760 1623 836 1674 est,
851 1627 917 1678 qui
943 1628 982 1667 in
1000 1627 1297 1680 Rebuspublicis
1308 1630 1511 1670 conservat
1526 1629 1751 1672 felicitatem
1779 1645 1850 1684 po-

34 1686 196 1735 liticam,
220 1697 304 1738 quae
330 1697 416 1725 cum
437 1696 487 1725 ex
507 1696 616 1737 parte
633 1682 809 1726 consistat
825 1687 863 1725 in
886 1684 1050 1727 subsidio
1087 1688 1153 1727 illo
1178 1698 1339 1736 mutuo,
1370 1690 1476 1741 quod
1499 1702 1549 1730 ex
1569 1692 1778 1732 multorum
1798 1693 1850 1732 la-

33 1745 193 1786 boribus
213 1745 286 1786 suae
309 1747 469 1798 quisque
497 1744 702 1785 neceffitati
719 1744 961 1786 sublevandae
976 1747 1016 1786 in
1032 1756 1218 1799 promptu
1238 1747 1382 1797 habet3
1412 1749 1480 1789 nisi
1502 1748 1557 1790 isti
1576 1762 1770 1803 perpetuo
1793 1753 1850 1792 vi-

33 1815 189 1858 gerent,
218 1804 401 1846 cess‘arent
425 1804 633 1846 commoda
655 1806 805 1854 omnia,
834 1806 972 1857 quibus
1000 1808 1168 1858 permoti
1186 1808 1362 1848 homines
1379 1810 1534 1850 civilem
1556 1821 1643 1850 curn
1681 1813 1760 1852 aliis
1781 1824 1849 1852 c0=

32 1866 112 1906 lere
136 1875 338 1918 coeperunt
365 1865 586 1906 societatem
606 1894 619 1914 ‚
650 1863 687 1903 δι
711 1864 951 1916 Reipublicae
977 1865 1152 1906 ordinem
1177 1866 1384 1913 instituere.
1445 1868 1567 1909 Porro
1593 1868 1640 1909 ad
1667 1866 1848 1912 instruet-ia

33 1923 125 1971 dum
150 1927 366 1979 populum,
394 1926 580 1977 proponit
606 1922 798 1975 Sapientia
829 1923 958 1965 divina
983 1924 1230 1968 formicarum
1264 1923 1518 1980 exemplum,
1549 1939 1729 1983 tanquam
1763 1943 1849 1983 quae

33 1995 169 2036 magna
199 1997 289 2026 cum
311 1984 514 2038 prudentia
552 1983 590 2024 &
614 1981 867 2023 sollicitudine
897 1983 1030 2024 aestivo
1058 1995 1237 2038 tempore
1257 1988 1427 2028 triticum
1456 1989 1494 2027 in
1521 1987 1584 2027 sua
1610 2000 1848 2043 congregant

31 2044 217 2097 granaria,
247 2053 291 2085 ut
314 2043 480 2084 habeant
495 2044 662 2094 hyeme,
693 2042 801 2095 quod
831 2042 878 2083 ad
903 2043 1051 2085 vidium
1081 2044 1153 2098 (c)
1189 2046 1379 2100 suppetat.
1438 2045 1598 2100 Discant
1629 2048 1847 2103 Principes,

32 2105 81 2143 ab
97 2105 238 2156 exiguo
255 2104 386 2145 hoc&
409 2103 589 2156 prudenti
620 2102 869 2153 animalculo,
899 2107 1066 2156 tempori
1097 2106 1276 2157 urbibus,
1307 2107 1479 2156 arcibus,
1509 2105 1547 2147 δε
1576 2120 1846 2162 propugnacu-

30 2165 76 2203 lis
102 2161 124 2202 ὲ
144 2173 364 2203 commeatu
397 2164 554 2214 aliisque
568 2162 681 2201 rebus
701 2161 911 2202 neceffariis
937 2163 1167 2215 providere,
1198 2165 1236 2204 ὃς
1262 2177 1333 2218 per
1359 2166 1540 2214 hyemem
1562 2179 1694 2219 parare
1716 2182 1816 2209 arma
1830 2198 1846 2218 ,

33 2224 172 2274 quibus
192 2223 260 2263 sub
294 2221 460 2262 aestatem
485 2224 522 2263 in
541 2219 690 2262 hostem
712 2222 768 2261 ire
788 2221 937 2273 possint.
998 2221 1060 2262 Sic
1078 2235 1193 2275 apum
1209 2224 1505 2277 Rempublicam
1530 2238 1724 2280 nunquam
1763 2242 1845 2270 non

33 2292 262 2335 occupatam
279 2283 460 2335 reperies.
518 2280 619 2320 Intra
639 2279 677 2320 &
695 2290 802 2322 extra
827 2281 907 2321 suas
931 2283 1083 2323 cellulas
1108 2283 1255 2336 semper
1275 2284 1377 2324 dulci
1404 2286 1470 2324 illo
1492 2285 1624 2327 labore
1664 2287 1847 2330 distinen-

7 2367 9 2369 -
32 2352 106 2383 tur.
166 2341 354 2383 Sedulitas
374 2341 559 2394 cujusque
581 2341 753 2381 omnium
771 2340 961 2381 affluentia
982 2340 1057 2392 est,
1090 2342 1128 2382 &
1146 2343 1173 2383 li
1194 2354 1322 2384 earum
1354 2345 1462 2384 labor
1481 2346 1626 2399 integra
1649 2349 1762 2387 etiam
1782 2361 1842 2388 or-

31 2402 91 2441 bis
114 2401 249 2456 Regna
271 2399 357 2443 cera
377 2401 417 2442 &
442 2400 556 2441 melle
583 2399 702 2449 ditet,
733 2399 824 2453 quid
851 2401 1050 2442 hominum
1083 2400 1200 2442 faciet
1222 2402 1400 2445 industria
1432 2407 1470 2444 in
1506 2418 1579 2446 una
1600 2407 1723 2459 aliqua
1752 2404 1844 2448 Pro-

33 2463 180 2509 vincia,
209 2462 238 2501 fi
260 2473 393 2502 omnes
409 2461 530 2503 labori
551 2462 670 2500 velint
687 2460 916 2501 intendere?
946 2459 1042 2501 Eam
1062 2462 1114 2501 ob
1131 2474 1211 2504 rem
1241 2463 1393 2504 tametsi
1423 2463 1547 2504 China
1565 2474 1642 2507 tam
1674 2470 1841 2520 populo—

33 2521 69 2561 sa
90 2520 154 2569 fit,
186 2531 228 2560 ut
253 2520 486 2574 septuaginta
509 2521 717 2561 incolarum
743 2529 920 2561 numeret
950 2519 1163 2573 mistiones,
1190 2523 1216 2563 ii
1246 2534 1376 2564 tamen
1405 2521 1599 2565 feliciffimi
1630 2527 1771 2567 vivunt
1800 2530 1841 2568 in

30 2592 162 2622 rerum
194 2582 366 2625 omnium
393 2583 569 2622 ubertate
598 2580 637 2621 δε
659 2579 907 2629 abundantia,
937 2581 1144 2632 propterea
1171 2583 1279 2635 qubd
1306 2594 1423 2623 nemo
1444 2584 1542 2625 inter
1576 2596 1644 2624 eos
1674 2580 1739 2635 sit,
1772 2589 1837 2637 qui

30 2652 113 2681 non
134 2649 252 2680 artem
276 2641 438 2694 aliquam
460 2650 651 2681 exerceat.
711 2642 765 2681 At
793 2639 912 2689 vero,
943 2641 1031 2691 quia
1052 2639 1144 2680 illud
1161 2642 1200 2681 in
1225 2641 1406 2694 Hispania
1420 2654 1498 2682 non
1525 2641 1586 2692 fit,
1618 2644 1707 2685 hinc
1735 2657 1839 2687 tanta

31 2712 160 2741 rerum
183 2698 237 2741 est
259 2701 407 2753 inopia,
435 2713 516 2742 non
534 2698 640 2751 quod
671 2701 737 2741 soli
761 2699 856 2741 desit
871 2699 1064 2747 fertilitas;
1095 2700 1281 2754 siquidem
1303 2702 1342 2741 in
1368 2703 1464 2755 agris
1491 2701 1656 2744 Murciae
1679 2704 1719 2744 ἃ
1748 2706 1838 2745 Car.

33 2761 205 2814 thagenae
230 2760 396 2801 triticum
412 2772 501 2801 cum
519 2758 666 2801 foenore
687 2762 873 2814 centuplo
899 2761 1106 2812 provenit,
1137 2760 1316 2813 adeoque
1332 2762 1460 2802 multis
1484 2763 1559 2803 illic
1587 2760 1729 2804 saeculis
1758 2764 1838 2806 bel-

32 2820 113 2867 lum
127 2819 318 2861 sustentari
346 2821 503 2873 potuit3
534 2819 596 2859 sed
612 2822 698 2872 quia
717 2820 823 2862 deest
843 2832 1018 2874 agrorum
1035 2819 1202 2870 cultura,
1232 2821 1458 2861 exercitium
1479 2824 1615 2865 artium
1641 2824 1837 2866 ‘mechania

31 2892 189 2930 carum,
216 2881 427 2935 negotiatio
449 2878 486 2920 &
510 2882 782 2921 commercium
796 2911 809 2931 ,
838 2882 900 2921 cui
916 2879 990 2920 sese
1006 2876 1072 2919 ista
1090 2878 1213 2920 Natio
1222 2879 1379 2921 minime
1397 2883 1584 2933 applicat,
1615 2892 1753 2935 utpote
1769 2897 1837 2925 cu-

29 2939 93 2992 jus
108 2941 279 2981 excelsus
304 2940 341 2981 δι
360 2938 545 2994 gloriosus
567 2941 711 2980 animus
739 2939 806 2996 (in
822 2940 979 2993 plebejis
1000 2940 1115 2980 etiam
1129 2939 1384 2994 hominibus)
1413 2940 1508 2982 statu
1535 2942 1603 2982 suo
1637 2952 1682 2983 ac
1713 2945 1833 2994 sorte,

34 3012 149 3052 quam
171 3011 304 3042 natura
319 3001 356 3041 ei
375 2999 481 3040 dedit
503 3009 710 3041 contentus
726 2999 896 3055 ellenon
911 3000 1007 3041 solet
1020 3029 1032 3049 ,
1045 2998 1108 3039 sed
1131 2998 1265 3052 aspirat
1284 2998 1333 3040 ad
1360 3000 1522 3055 gradum
1546 3003 1719 3043 altiorem
1747 2998 1836 3043 Noa

853 3058 893 3099 K
905 3061 931 3100 k
947 3061 973 3099 lt
992 3060 1019 3098 k
1049 3071 1072 3098 2
1763 3063 1833 3103 bi}-

129 3151 192 3199 (a)
220 3153 310 3190 Mar.
335 3150 424 3191 Hist.
448 3152 546 3203 Hisp.
563 3149 625 3189 lib.
646 3159 704 3195 28,
724 3161 756 3189 c.
779 3164 835 3190 xx.
889 3152 956 3202 (b)
982 3149 1153 3198 Insizdore
1173 3151 1297 3189 vultus
1315 3155 1372 3191 tui
1393 3153 1539 3200 vesteris
1551 3162 1645 3203 pane
1662 3163 1732 3191 tuo.
1762 3154 1834 3198 Ge‘

35 3202 107 3239 ries.
129 3215 160 3247 3.
182 3215 239 3248 19.
289 3207 347 3251 (c)
378 3205 468 3243 Vade
486 3202 758 3256 adfirmicam,
783 3204 801 3240 oss
813 3202 932 3258 piger.
961 3203 1006 3248 ό-
1026 3204 1198 3255 confidem
1218 3207 1303 3243 vias
1318 3207 1389 3254 ejus
1402 3233 1410 3246 ,
1435 3205 1481 3249 ῤ’
1504 3205 1590 3252 diſse
1616 3208 1833 3258 apientiam-⁶

66 3267 203 3346 1⁴3va
222 3254 435 3345 *gombabeut
457 3258 597 3305 ducem,
623 3271 683 3296 nec
699 3267 950 3312 praeceptorem.
980 3272 1041 3297 nec
1060 3259 1250 3310 Principem
1263 3285 1272 3300 ,
1290 3268 1406 3312 parat
1426 3260 1466 3295 in
1483 3257 1596 3310 astate
1623 3257 1735 3298 cibum
1747 3257 1842 3311 fibi·-
