2132 3730
459 223 1442 279 SYMBoLApoLJTJCA.
1770 249 1847 293 191

208 315 243 366 §.
268 311 366 353 Non
394 319 530 350 enecat
554 322 643 351 eum
673 310 807 351 Stellio
824 340 838 360 ,
868 323 982 363 quem
1010 313 1157 362 inficit,
1188 314 1255 354 sed
1276 326 1436 369 torpore
1457 316 1577 357 solum
1617 319 1746 358 omnia
1775 319 1854 370 ejus

11 368 13 415 Ξ
56 374 225 417 membra
238 371 420 422 corripit,
449 381 616 421 eumque
637 369 792 422 aseipso
811 371 1101 422 quodammodo
1117 384 1282 423 avocat,
1313 378 1440 417 varios
1458 378 1496 417 in
1515 388 1565 416 eo
1596 377 1756 418 affectus
1787 390 1855 418 ex-

4 438 12 475 ὃ
54 433 219 474 citando.
308 429 624 479 Adulatori,1hoc
647 431 849 482 proprium
874 430 966 481 gest,
1009 434 1074 485 qui
1102 434 1204 472 varia
1226 434 1317 474 boni
1339 436 1465 488 specie
1503 435 1659 477 fascinat
1688 439 1855 485 oculos;

0 529 4 537 ,
55 492 97 533 ἃ
119 491 258 543 decipit
285 500 394 529 aures
409 489 591 541 Principis
607 518 621 538 ,
651 498 717 529 aut
742 501 830 531 eum
852 491 955 542 quasi
975 501 1082 532 extra
1095 492 1133 531 se
1144 492 1301 545 abripit,
1329 504 1371 534 ut
1384 507 1510 535 rerum
1525 500 1726 538 veritatem
1744 497 1855 550 dispi-

53 562 139 591 cere
167 558 347 601 nequeat.
407 548 541 588 Stellio
561 558 638 588 tam
651 549 871 590 hominibus
886 547 1048 591 infensus
1066 549 1142 600 est,
1173 561 1215 591 ut
1239 552 1327 593 cum
1342 555 1483 606 pellem
1504 559 1637 606 exuit,
1670 569 1754 598 eam
1773 557 1853 610 ipse

10 637 13 651 ‚
52 609 215 650 devoret
231 637 245 658 ,
275 620 325 648 ne
334 610 516 661 cuiquam
536 617 670 649 contra
685 611 914 650 comitialem
931 612 1109 651 morbum
1124 611 1253 651 usui&
1268 613 1441 653 remedio
1462 613 1521 658 sit.
1580 616 1851 657 Adulatorfer-

0 684 11 706 'l
46 680 89 709 re
100 680 178 708 non
203 666 381 717 sustinet,
410 678 453 708 ut
475 668 655 721 Princeps
674 669 722 709 ab
744 671 936 710 erroribus
968 670 1040 710 suis
1061 671 1321 711 convalescat.-
1351 675 1489 713 erroris
1514 675 1615 715 enim
1643 677 1786 727 agnitio
1805 676 1849 717 fi·

9 744 12 750 ·
44 728 93 768 lia
108 727 162 768 est
189 729 382 769 veritatis:
413 728 495 768 haec
514 728 613 769 vero
639 725 874 770 assentationi
904 730 1066 769 inimica.
1104 730 1310 771 .Adulatio
1327 733 1643 784 prosperitatibus
1664 735 1850 788 Principis

9 835 10 838 Ἴ
41 787 189 827 invidet
201 817 215 838 ,
245 799 412 839 eumque
427 798 628 829 execratur
642 818 656 838 ‚
685 788 724 830 &
741 789 833 829 odio
849 789 966 829 habet
981 818 994 837 ,
1023 799 1202 841 tanquam
1226 793 1290 842 qui
1309 793 1484 843 potentia
1500 792 1561 831 sua
1576 793 1614 833 δε
1631 796 1850 837 necestitate

45 847 208 897 quadam
229 847 328 887 istud
345 847 570 888 adulationis
586 878 598 897 ,
628 848 998 900 diffimulationisque
1016 850 1190 901 imponat
1199 850 1332 903 jugum
1359 882 1371 901 ,
1400 852 1439 892 δε
1458 862 1572 905 cogat
1594 854 1850 905 quodammo-

9 902 12 911 '
39 906 92 947 do
109 907 209 948 aliud
228 908 393 948 clausum
418 919 549 960 gerere
573 909 612 947 in
635 907 814 960 pectore,
843 907 945 947 aliud
972 920 1041 948 ore
1069 912 1266 961 proloqui.

212 967 248 1019 §.
280 968 463 1020 Singulari
482 967 684 1021 prudentia
710 979 810 1020 opus
839 967 948 1007 estin
966 967 1160 1021 Principe,
1190 980 1233 1010 ut
1268 969 1526 1011 adulationem
1552 972 1640 1012 sciat
1661 971 1848 1013 discerne-

36 1039 100 1074 re;
130 1039 175 1067 ea
198 1040 364 1079 namque
389 1029 427 1068 in
450 1028 624 1068 laudibus
656 1026 843 1076 consistit,
874 1039 967 1079 quas
992 1028 1171 1080 Princeps
1192 1029 1322 1070 audiet
1344 1031 1536 1071 interdum
1567 1033 1615 1071 ab
1644 1033 1688 1072 iis
1705 1034 1845 1084 etiam,

35 1089 100 1139 qui
125 1089 171 1127 ab
198 1087 400 1127 assentandi
424 1089 521 1127 vitio
544 1087 656 1139 quam
675 1085 881 1139 longiffime
901 1086 1046 1128 absunt.
1107 1088 1203 1128 Illud
1230 1090 1508 1138 discrimenest,
1539 1090 1646 1143 quod
1666 1091 1842 1133 adulator

33 1147 251 1200 promiscue
270 1145 428 1187 honesta
445 1157 560 1199 atque
586 1146 802 1194 inhonesta,
832 1147 956 1199 proba
981 1159 1025 1187 ac
1044 1148 1221 1200 improba
1243 1149 1395 1190 laudare
1435 1149 1572 1190 soleat:
1603 1152 1627 1190 ii
1656 1153 1716 1191 alii
1746 1152 1846 1192 vero

33 1207 74 1247 id
90 1208 229 1255 solum,
262 1206 368 1258 quod
390 1206 537 1247 rectum
559 1219 603 1247 ac
619 1207 766 1247 bonum
785 1205 854 1250 est.
911 1206 950 1259 Si
973 1219 1065 1260 ergo
1081 1209 1221 1248 viderit
1243 1209 1446 1262 Princeps,
1476 1222 1521 1251 ea
1541 1210 1612 1251 sibi
1631 1210 1845 1252 adulatorie

32 1267 168 1314 tribui,
199 1279 282 1318 quae
301 1276 365 1306 aut
383 1268 461 1305 aliis
479 1266 688 1316 debentur,
717 1276 783 1306 aut
803 1266 889 1305 casu
911 1265 989 1319 (a)
1013 1279 1222 1308 venerunt:
1250 1269 1394 1309 laudari
1417 1280 1477 1309 res
1502 1271 1627 1318 leves,
1659 1282 1743 1322 quae
1762 1273 1843 1311 lau-

31 1325 122 1366 dem
139 1337 219 1364 non
237 1334 446 1365 merentur:
477 1335 544 1363 ea:
576 1337 659 1375 quae
680 1326 872 1376 voluptati
899 1325 981 1364 sunt
1003 1329 1158 1378 potius,
1185 1328 1298 1379 quam
1318 1330 1456 1369 honori
1465 1339 1480 1381 3
1510 1341 1554 1369 ea
1583 1342 1667 1381 quae
1685 1329 1707 1369 ὲ
1723 1343 1844 1382 nego-

29 1387 172 1426 tiorum
201 1383 381 1424 molestiis
399 1383 582 1424 sevocant
603 1383 786 1435 Principis
808 1386 1000 1423 animum:
1027 1396 1092 1434 ea,
1123 1399 1208 1437 quae
1224 1390 1340 1440 magis
1359 1389 1566 1428 commoda
1587 1389 1667 1440 ejus
1687 1392 1844 1442 propria

27 1444 221 1498 spectant,
253 1443 366 1496 quam
384 1442 530 1483 bonum
549 1442 772 1495 publicum;
801 1442 838 1483 &
871 1451 999 1483 tamen
1018 1444 1069 1483 sic
1095 1445 1336 1496 laudantem,
1366 1459 1444 1487 non
1472 1447 1633 1499 seipsum
1657 1449 1730 1488 rite
1760 1462 1846 1490 mo·

30 1505 172 1545 derari:
201 1516 281 1544 non
307 1502 451 1544 tristitia
475 1503 590 1552 affici,
621 1514 694 1543 nec
725 1514 976 1543 commonere
1005 1505 1243 1557 sfincipem,
1275 1507 1302 1548 si
1339 1506 1431 1558 quid
1452 1507 1655 1557 indecens,
1685 1508 1723 1548 δι
1756 1522 1844 1562 per·

8 1609 9 1612 ,
31 1565 123 1606 sona
140 1563 202 1603 sua
218 1576 262 1603 ac
278 1562 470 1615 maJestate
486 1561 680 1615 indignum
705 1574 793 1603 eum
811 1564 1054 1604 committere
1082 1565 1240 1606 viderit:
1269 1567 1391 1606 immo
1411 1578 1559 1607 errores
1585 1567 1684 1619 ejus,
1716 1581 1760 1609 ac
1783 1571 1842 1609 vi.

29 1627 83 1665 tia
109 1623 306 1664 excusare:
336 1625 452 1676 magis
476 1622 615 1662 deinde
642 1622 713 1662 suae
733 1623 897 1674 propriae
914 1621 1064 1662 studere
1081 1622 1265 1672 fortunae,
1296 1624 1411 1677 quam
1430 1626 1616 1678 obsequio
1634 1627 1838 1680 Principis:

7 1702 9 1710 ι
28 1695 186 1725 omnem
207 1683 303 1724 illius
321 1683 542 1723 dissimulare
561 1680 814 1721 offenfionem
829 1710 842 1729 ,
865 1680 901 1720 &
920 1680 1131 1730 fastidium,
1162 1693 1205 1722 ut
1221 1683 1441 1724 individuus
1460 1697 1592 1725 comes
1614 1688 1721 1726 lateri
1746 1688 1844 1728 sem·

7 1756 100 1797 ‘per
119 1744 259 1784 haereat
279 1758 291 1782 ε
319 1754 400 1783 non
426 1741 629 1794 adjungere
655 1740 730 1780 sese
753 1740 801 1779 ad
825 1741 929 1780 viros
948 1740 1104 1780 severos
1130 1771 1143 1791 ,
1172 1742 1210 1782 δι
1243 1743 1337 1783 boni
1362 1744 1506 1795 publici
1537 1755 1731 1786 amantes:
1760 1748 1840 1787 lau·

29 1804 121 1844 dare
135 1815 204 1844 eos
230 1833 243 1852 ,
275 1814 373 1855 quos
394 1800 540 1853 judicat
559 1812 646 1853 erga
664 1801 701 1839 se
716 1809 844 1853 gratos
865 1798 951 1840 sore
971 1828 984 1849 ‚
1015 1799 1106 1840 dum
1129 1813 1199 1841 eos
1229 1800 1252 1841 e
1273 1802 1456 1854 Principis
1481 1805 1600 1856 gratia
1632 1807 1840 1847 exturbare·

7 1874 9 1880 ·
28 1875 108 1905 non
126 1861 279 1915 potest:
308 1860 510 1914 postquam
527 1859 624 1900 vero
639 1859 772 1898 dehac
791 1859 942 1898 securus
962 1859 1078 1898 fuerit
1098 1890 1109 1908 ‚
1141 1860 1179 1900 δε
1199 1861 1415 1912 Principem
1437 1863 1473 1901 in
1489 1864 1551 1901 sua
1569 1864 1746 1905 habuerit
1763 1878 1840 1919 po-

7 1966 8 1969 ,
27 1922 163 1963 testate
186 1952 200 1972 ,
229 1922 424 1961 elaborare
440 1948 454 1968 ,
484 1927 526 1957 ut
554 1919 713 1957 aliorum
727 1917 797 1956 fibi
820 1919 1001 1956 conciliet
1018 1921 1190 1967 anirn08,
1220 1932 1356 1960 omnes
1377 1922 1555 1960 meliores
1585 1923 1770 1965 successus
1791 1925 1836 1966 fi-

25 1983 68 2023 bi
85 1980 288 2022 tribuendo
306 2010 320 2030 ,
349 1976 607 2019 &incusando
632 1975 844 2028 Principem
868 2005 882 2024 ,
912 1976 1019 2027 quod
1037 1978 1198 2017 consiliis
1223 1977 1294 2019 suis
1317 1981 1484 2020 noluerit
1506 1981 1692 2033 obsequi:
1718 1983 1836 2035 jaeta-

7 2052 68 2083 ’τε
85 2043 177 2081 item
197 2040 347 2090 majoris
374 2036 609 2078 auctoritatis
644 2035 911 2087 comparandae
935 2036 1045 2076 causa
1076 2037 1178 2090 apud
1200 2049 1404 2080 extraneos
1423 2068 1436 2089 ‚
1467 2040 1503 2080 se
1528 2051 1649 2081 errata
1671 2044 1751 2095 ejus
1777 2057 1836 2085 re-

23 2099 269 2155 prehendisse
290 2116 304 2148 ,
334 2110 422 2139 cum
442 2098 595 2137 interim
615 2096 653 2136 in
672 2096 818 2135 secreto
848 2107 894 2135 ea
908 2096 1064 2136 excuset
1086 2126 1099 2147 ,
1129 2097 1258 2138 laudet
1272 2099 1310 2137 &
1330 2100 1496 2151 probet3
1526 2099 1639 2140 facile
1666 2103 1834 2145 huncta·

23 2163 102 2202 lem
130 2173 211 2201 non
227 2159 297 2200 nisi
313 2157 549 2199 adulatorem
566 2154 641 2195 effe
672 2156 807 2196 licebit
822 2157 1025 2207 agnoscere
1039 2186 1052 2205 ,
1083 2159 1148 2209 qui
1165 2157 1367 2210 fugiendus
1386 2159 1550 2211 Principi
1572 2161 1672 2200 haud
1693 2162 1801 2203 secus
1816 2193 1832 2214 ‚

7 2208 9 2212 ’
27 2233 72 2261 ac
87 2219 420 2274 pestilentissimum
442 2227 638 2258 venenum
658 2245 671 2265 ,
702 2215 742 2256 ἃ
761 2215 909 2256 sincero
927 2213 983 2256 isti
1001 2219 1149 2268 amori,
1180 2219 1245 2269 qui
1264 2220 1299 2258 ei
1320 2219 1483 2259 debetur
1497 2221 1518 2259 a
1537 2219 1693 2261 subditis
1707 2224 1831 2264 omni-

25 2292 80 2323 no
95 2281 167 2336 (b)
181 2282 425 2320 contrarium.

7 2388 8 2391 Ἰ
179 2340 329 2380 Verum
358 2337 506 2379 tametsi
529 2337 612 2377 haec
637 2335 775 2376 indicia
798 2334 882 2376 satis
909 2334 981 2376 sint
1005 2335 1200 2378 manifesta
1215 2369 1228 2387 ‚
1257 2338 1353 2378 solet
1370 2347 1497 2379 tamen
1520 2350 1626 2380 arnor
1648 2343 1829 2395 proprius

26 2409 105 2442 tam
124 2399 199 2440 effe
217 2411 345 2440 coecus
358 2429 371 2449 ,
400 2409 442 2439 ut
460 2398 715 2438 adulationem
729 2396 831 2436 haud
850 2397 1047 2448 agnoscat;
1077 2397 1142 2437 sed
1164 2401 1248 2451 capi
1267 2399 1304 2439 se
1321 2398 1415 2439 sinat
1447 2397 1520 2439 suis
1541 2400 1728 2452 laudibus,
1741 2415 1829 2454 quae

28 2461 158 2502 nescio
184 2459 297 2511 quam
321 2461 474 2499 suavem
496 2459 535 2498 in
563 2456 686 2497 sensus
712 2466 896 2497 exercent
926 2457 1166 2506 tyrannidem
1182 2489 1195 2507 ,
1226 2459 1326 2499 adeo
1350 2469 1392 2498 ut
1417 2461 1520 2499 nulla
1548 2470 1624 2500 tam
1651 2461 1695 2501 iit
1715 2473 1828 2503 enor-

24 2522 98 2562 mis
115 2549 129 2566 ,
157 2518 273 2571 quam
292 2519 482 2571 Principes
503 2529 586 2557 non
605 2516 764 2557 credant
785 2517 855 2556 suis
878 2516 1010 2556 deberi
1036 2520 1192 2564 meritis,
1283 2517 1437 2559 Accidit
1458 2520 1535 2558 hoc
1566 2521 1758 2563 interdum
1776 2533 1828 2564 ex

27 2577 175 2620 remiss'a
197 2575 358 2631 quadarn
383 2579 422 2619 &
438 2579 538 2630 segni
563 2578 748 2626 bonitate,
775 2589 860 2629 quae
876 2574 1129 2619 affentationis
1154 2579 1291 2619 damna
1307 2591 1386 2619 non
1399 2579 1482 2618 satis
1499 2580 1723 2631 expendens
1741 2593 1828 2623 eam

26 2639 194 2686 tolerat3
226 2639 318 2689 quin
340 2639 458 2679 immo
482 2638 755 2678 submissionem
779 2639 1049 2688 interpretatur
1064 2668 1077 2687 ,
1107 2638 1144 2678 δι
1170 2637 1351 2678 affectum
1371 2639 1574 2689 optimum.
1634 2637 1705 2695 (c)
1730 2640 1826 2693 Quo

26 2700 67 2739 in
87 2710 227 2751 genere
244 2695 452 2750 peccarunt
468 2698 556 2739 Rex
582 2698 755 2738 Galaeciae
780 2696 1040 2738 Ferdinandus
1056 2727 1068 2746 ‚
1096 2699 1168 2737 suis
1193 2698 1371 2738 omnibus
1391 2698 1556 2747 Invisus,
1584 2699 1691 2751 quod
1708 2700 1828 2742 aisen-

28 2759 215 2799 tatoribus
230 2758 339 2797 nimis
362 2756 493 2798 faciles
520 2769 628 2798 aures
651 2757 757 2798 daret
778 2766 793 2809 3
824 2756 862 2797 &
882 2756 969 2796 Rex
984 2757 1203 2809 Alphonsus
1221 2757 1461 2808 Nonus,qui
1481 2758 1644 2800 eandem
1668 2762 1720 2801 ob
1736 2773 1825 2801 cau-

7 2819 105 2864 ,sam
130 2820 315 2858 virtutum
333 2817 479 2857 suarum
497 2848 511 2868 ,
541 2817 580 2857 δε
602 2816 780 2870 praeclare
794 2815 984 2858 factorum
1008 2816 1167 2869 gloriam
1191 2817 1292 2857 haud
1307 2828 1440 2869 parum
1458 2816 1688 2861 obscuravit.
1745 2821 1825 2862 Ad·

7 2883 8 2906 ³
27 2888 180 2920 vertant
200 2879 311 2931 igitur
340 2876 534 2929 Principes
554 2907 567 2925 ,
595 2879 633 2918 se
647 2876 750 2917 forte
768 2878 814 2917 ab
832 2887 962 2917 amore
979 2879 1160 2929 proptio,
1190 2887 1255 2918 aut
1273 2880 1400 2918 innata
1417 2877 1591 2920 bonitate
1609 2879 1662 2920 fic
1675 2880 1819 2932 decipi,

25 2948 70 2978 ut
89 2939 186 2979 datis
211 2939 325 2978 etiam
340 2937 605 2978 sufficientibus
627 2937 792 2986 indiciis,
822 2936 1079 2977 adulationem
1095 2937 1296 2990 agnoscere
1316 2947 1509 2988 nequeant
1527 2968 1540 2988 ,
1570 2949 1685 2992 atque
1701 2939 1821 2989 adeo,

27 3000 123 3040 utin
154 2999 330 3039 notitiam
352 2996 450 3038 illius
478 2998 662 3048 veniant,
690 2997 843 3050 seseque
854 2996 915 3097 gb
940 3008 985 3036 ea
999 2997 1160 3038 liberent
1177 3027 1191 3048 ,
1226 2997 1396 3039 historias
1419 2995 1590 3040 suaserim
1608 3003 1820 3099 evolvant82

897 3056 957 3097 bb
988 3068 1014 3098 2
1080 3062 1088 3065 “

7 3156 8 3160 ¹
37 3206 42 3209 .
127 3175 183 3220 (a)
210 3175 329 3228 Popule
345 3178 397 3214 mi
413 3202 422 3217 ‚
446 3176 561 3229 quite
587 3172 728 3217 beatam
742 3175 887 3220 dicunt.
911 3175 979 3232 ipsi
997 3187 1035 3215 te
1059 3176 1260 3230 decipiunt,
1292 3177 1339 3223 ὠ·
1360 3182 1465 3219 viam
1481 3177 1655 3233 grefficum
1678 3187 1819 3215 tuarum

30 3220 204 3281 dissipant.
224 3229 285 3264 Isa.
301 3243 332 3275 3.
351 3241 408 3276 13.
461 3230 523 3276 (b)
548 3226 730 3265 Blanditiae
749 3226 923 3280 peffi'mum
938 3232 1022 3270 veri
1035 3227 1186 3284 affeo‘Jns
1201 3245 1376 3273 venenum
1390 3246 1404 3271 t
1419 3232 1491 3281 fisa
1514 3233 1635 3285 cuique
1658 3230 1814 3271 utilitas.

0 3335 10 3340 U
29 3274 148 3319 Tacit.
165 3275 228 3317 lib.
248 3291 279 3320 1.
291 3277 424 3322 Hister.
473 3282 533 3329 (c)
545 3282 636 3320 Mar.
650 3279 729 3319 hist.
745 3281 845 3334 Hisp.
860 3283 955 3340 μη.
971 3296 1003 3322 e.
1030 3295 1087 3331 ις,
