2132 3730
478 214 1454 260 SYMBOLAPOLITICA.
1768 230 1881 277 '283

75 306 235 349 scrimen
251 305 426 345 adducat.
486 294 666 350 Princeps
683 298 837 349 Imperii
865 298 918 337 sui
940 298 1080 338 finibus
1095 310 1300 341 contentus
1326 304 1447 342 vivat.
1506 301 1580 355 (a)
1613 300 1881 359 thodsbgnjms

73 368 143 424 ss,
162 365 332 418 sapientia
351 366 515 407 vocatur,
547 360 603 397 uti
630 359 692 397 illa
710 357 952 409 Imperatoris
972 358 1121 399 Galbae.
1181 359 1237 399 Ita
1255 372 1390 401 omnes
1412 362 1448 401 se
1470 361 1610 412 suaque
1629 362 1777 400 servare
1799 365 1885 414 pos-

68 430 109 467 se
130 423 390 466 crediderunt‚
422 417 459 456 &
475 414 624 469 periere
646 428 796 462 omnes.
853 416 1038 470 juvenilis
1055 418 1319 471 gIrnperiorum
1357 429 1445 460 aetas
1479 421 1674 460 celeritate
1698 423 1799 462 vires
1825 435 1885 462 ae-

71 486 184 536 quirit
200 495 245 522 ac
263 482 378 522 robur
397 476 489 516 dum
509 475 639 515 fervet
664 475 791 517 adhuc
808 476 975 531 sanguis,
1006 480 1216 532 vigentque
1238 479 1386 531 spiritus
1408 479 1560 531 majoris
1589 483 1717 534 gloriae
1748 494 1792 521 ac
1809 482 1880 522 do·

66 543 285 584 minationis
302 539 341 577 in
368 537 457 576 alias
490 535 699 576 Nationes.
761 536 832 593 (b)
863 537 1028 590 Agenda,
1057 538 1273 593 audendoque
1306 554 1364 580 res
1385 540 1546 580 Rmnaasa
1568 543 1682 581 cre-vit
1698 571 1710 591 ,
1740 555 1804 582 mm
1827 544 1882 583 [νίς

0 645 2 654 y
52 601 214 655 fignibus
227 598 360 651 wnffliis
374 627 387 645 ,
416 609 495 650 quae
510 595 622 636 timidi
636 604 741 636 cauta
761 606 901 638 vocant.
962 597 1213 650 Posteaquam
1237 599 1285 638 ad
1302 600 1558 639 maturitatem
1578 604 1756 652 pervenit
1769 632 1781 651 ‚
1794 602 1883 643 Ma-

59 661 171 715 jestas
189 658 260 710 ipsa
280 657 317 697 &
333 655 538 696 auetoritas
556 655 670 695 facile
687 655 833 709 diuque
852 657 1017 710 Imperia
1033 657 1235 707 sustinent,
1265 659 1413 699 tametsi
1439 659 1552 698 ardor
1574 659 1684 699 famae
1708 661 1825 712 desit,
1843 663 1882 703 &

61 723 273 762 dominatus
292 715 456 770 augendi
475 715 684 768 cupiditas,
713 718 876 768 perinde
902 730 948 757 ac
979 729 1084 758 mare
1114 720 1314 770 aliquanto
1341 729 1519 771 tempore
1546 729 1698 759 motum
1730 723 1883 762 conser-

60 791 142 828 vat,
171 779 286 818 etiam
319 776 523 830 postquam
542 785 751 817 ventorum
775 779 836 818 vis
854 777 1037 817 desaeviit.
1098 777 1208 818 Dum
1226 788 1319 832 ergo
1337 778 1500 830 Imperia
1519 780 1556 818 in
1576 779 1642 818 suo
1671 777 1741 818 isto
1773 784 1883 834 vigo—

1 874 4 878 ,
59 853 97 882 re
116 836 366 890 perstiterint,
396 837 496 876 illam
516 838 554 876 in
584 834 789 878 statuendo
813 835 1085 878 lentitudinem
1122 849 1204 878 non
1232 838 1556 891 improbaverim:
1586 837 1638 877 sic
1664 841 1765 878 enim
1796 844 1882 892 plus

0 909 3 933 3
54 899 221 952 suppetit
235 898 441 951 temporis,
471 903 514 936 ut
538 899 657 949 partis
677 900 808 950 quiete
825 896 901 938 frui
923 897 1060 944 liceat3
1092 897 1130 938 δε
1149 897 1306 938 consilia
1319 898 1430 938 nimis
1456 898 1578 938 subita
1601 900 1775 950 periculo
1802 913 1882 941 non

53 967 195 1000 carent.
257 961 390 1010 Atque
415 959 454 997 in
483 957 562 996 hoc
585 958 672 998 casu
708 969 846 998 verum
869 958 988 997 habet
1015 958 1108 997 illud
1137 958 1283 999 Taciti:
1314 956 1382 1012 (c)
1412 958 1611 999 Potentimn
1634 962 1748 998 cautis
1781 964 1883 1014 quam

50 1018 240 1059 acrioribus
253 1018 388 1071 colfillis
405 1018 515 1058 turias
531 1017 665 1057 haberi.
726 1019 781 1057 At
803 1016 831 1056 fi
851 1026 964 1056 aetate
980 1018 1042 1057 illa
1064 1016 1272 1057 deficiente
1288 1018 1532 1070 languescant
1552 1020 1675 1067 vires⁷
1708 1019 1733 1058 si
1759 1019 1884 1060 existi·

0 1075 2 1117 J
50 1080 167 1120 matio
197 1081 324 1130 perire
350 1079 529 1130 incipiat,
559 1077 588 1117 si
618 1076 754 1117 contra
774 1076 958 1116 audacius
985 1077 1177 1131 insurgant
1209 1079 1291 1126 alii,
1323 1080 1431 1118 aliam
1457 1080 1561 1118 viam
1587 1078 1732 1130 ingredi
1765 1093 1883 1132 opor-

0 1132 3 1172 ?
51 1150 129 1188 tet,
159 1150 349 1178 maturare
367 1138 542 1186 confilia,
575 1136 611 1177 &
636 1136 837 1189 pristinum
861 1135 1067 1178 instaurare
1088 1139 1266 1190 vigorem
1285 1148 1517 1189 aetatemque
1544 1138 1755 1189 juvenilem
1772 1170 1784 1188 ,
1807 1143 1883 1193 pri-

0 1207 3 1247 g
47 1211 207 1250 usquam
238 1199 340 1238 senio
357 1198 647 1251 ingravescente
666 1198 743 1237 sese
763 1197 927 1250 amplii1s
946 1197 1154 1238 sustentare
1172 1207 1390 1250 nequeant,
1422 1197 1461 1238 δε
1484 1199 1614 1238 amiffis
1638 1199 1771 1239 sensim
1792 1202 1881 1240 viri-

0 1437 5 1502 l

0 1509 3 1646 l

0 1647 3 1703 ξ

0 1772 2 1784 l

0 1850 5 1894 l

0 1260 1 1275 ¹
47 1260 120 1299 bus
143 1258 402 1298 miserabiliter
426 1268 619 1298 corruant.
679 1257 724 1297 In
751 1258 966 1297 minoribus
990 1256 1148 1298 statibus
1174 1268 1305 1298 aetates
1333 1257 1410 1298 istae
1437 1257 1667 1298 considerari
1694 1271 1773 1299 non
1797 1260 1887 1311 pos·

46 1319 153 1366 sunt,
183 1319 274 1368 quin
297 1329 396 1367 opus
418 1316 472 1355 est
493 1320 650 1368 potius,
680 1326 725 1356 ut
750 1316 891 1357 affidue
920 1319 1055 1370 vigilet
1081 1320 1245 1358 attentio
1275 1318 1323 1358 ad
1356 1316 1586 1370 explicanda
1615 1321 1744 1358 omnia
1771 1321 1883 1368 vela,

44 1379 75 1422 si
110 1377 275 1418 fortunae
304 1375 511 1426 Zephyrus
537 1375 780 1426 aspiraverit:
810 1376 955 1415 etenim
981 1388 1086 1415 nune
1110 1378 1190 1425 his,
1222 1390 1327 1417 nunc
1354 1379 1425 1417 illis
1452 1390 1497 1417 ea
1525 1377 1634 1417 favet
1661 1389 1731 1429 per
1754 1381 1883 1426 vices;

44 1439 148 1480 haud
171 1438 274 1476 secus
290 1448 336 1475 ac
351 1446 421 1487 per
447 1432 799 1475 circumferentiam
818 1435 1035 1476 horizontis
1054 1436 1290 1489 consurgunt
1321 1439 1458 1485 venti,
1490 1438 1555 1488 qui
1589 1438 1742 1476 alternis
1772 1448 1882 1477 terrae

48 1499 305 1540 dominantur.
367 1494 663 1534 Secundiffimos
682 1496 900 1545 Aquilones
916 1492 1089 1534 habuere
1116 1495 1324 1548 aliquando
1364 1495 1526 1545 Gothi,
1559 1498 1717 1547 aliaeque
1742 1496 1884 1538 Natio-

47 1572 115 1600 nes
135 1559 229 1609 polo
248 1556 476 1602 vicinioreS‚
507 1555 649 1607 quibus
677 1564 783 1594 tanta
814 1566 904 1594 cum
928 1554 1109 1594 industria
1135 1556 1209 1595 usae
1234 1556 1339 1605 sunt,
1370 1556 1433 1595 sua
1455 1556 1670 1607 pandentes
1697 1559 1806 1606 vela,
1839 1568 1883 1597 ut

46 1620 96 1659 ad
123 1618 218 1671 ipsas
237 1615 415 1655 Herculis
444 1615 667 1661 columnas,
698 1623 900 1654 extremos
918 1623 1012 1654 tunc
1035 1615 1140 1654 orbis
1157 1618 1344 1655 terminos
1367 1616 1486 1666 usque
1506 1618 1756 1666 penetrarinc.
1802 1617 1880 1656 Sed

47 1681 136 1719 abiit
161 1676 294 1730 postea
316 1674 377 1714 illa
390 1676 476 1714 coeli
501 1674 728 1723 clementia,
760 1673 986 1714 &succeffit
1013 1675 1084 1714 alia
1106 1676 1267 1715 aliorum
1291 1675 1549 1726 imperiorum
1562 1675 1689 1716 favori
1716 1677 1754 1716 &
1775 1689 1881 1717 com-

46 1740 172 1780 modis
190 1735 365 1777 lecunda.

200 1797 234 1849 §.
261 1794 482 1835 Constantia
496 1795 539 1834 in
559 1792 725 1834 consiliis
743 1792 925 1847 susceptis
946 1792 1186 1845 exequendis
1203 1822 1216 1842 ‚
1245 1792 1311 1832 seu
1330 1795 1487 1845 propria
1508 1795 1567 1833 illa
1589 1793 1682 1843 sint,
1713 1794 1777 1835 seu
1793 1797 1881 1835 alie-

43 1873 92 1902 m
115 1890 126 1907 ,
156 1859 310 1898 maximi
328 1857 475 1908 semper
501 1856 691 1894 momenti
715 1852 783 1894 est.
876 1853 933 1894 Ea
949 1855 1038 1905 quia
1054 1855 1176 1892 caruit
1203 1852 1279 1906 (d)
1300 1853 1450 1893 Paethus
1470 1883 1482 1902 ,
1514 1854 1564 1893 de
1584 1854 1730 1894 Parthis
1748 1857 1879 1895 trium-

3 1929 5 1935 ·
47 1923 166 1973 phare
184 1931 262 1959 non
284 1918 426 1970 potuit.
487 1914 631 1955 Omnia
651 1912 736 1953 fere
759 1915 912 1966 ingenia
932 1916 1044 1966 ignca
1061 1943 1074 1961 ‚
1105 1913 1142 1952 δε
1158 1912 1312 1952 velo'cia
1331 1914 1410 1952 hoc
1430 1913 1574 1952 habent
1599 1943 1610 1961 ,
1642 1914 1748 1965 quod
1768 1916 1805 1955 &
1830 1917 1882 1954 ci·

47 1990 91 2020 to
117 1980 324 2018 decernant
341 1976 380 2016 ἃ
395 1973 475 2015 cito
503 1987 573 2015 eos
588 1973 680 2014 facti
703 1975 889 2025 poeniteat
909 1983 923 2017 t
951 1972 1110 2013 fervent
1147 1973 1212 2011 sub
1231 1974 1336 2011 initia
1352 2003 1365 2021 ‚
1397 1975 1523 2024 algent
1550 1972 1615 2012 sub
1637 1972 1780 2014 finem:
1811 1987 1878 2013 co-

48 2048 185 2081 nantur
217 2038 344 2077 omnia
363 2066 375 2086 ,
405 2035 498 2076 nihil
528 2034 577 2074 ad
613 2032 899 2088 perfeffitionem
917 2047 931 2073 .·
962 2042 1153 2073 conantur
1191 2033 1350 2081 omnia,
1379 2033 1473 2072 nihil
1514 2032 1560 2071 ad
1595 2033 1878 2085 perfeetionem

50 2100 268 2144 adducunt3
292 2097 428 2137 similes
449 2097 600 2135 animali
624 2094 733 2147 quod
762 2093 990 2146 Calipedem
1030 2093 1221 2133 dicimus:
1252 2092 1345 2132 illud
1376 2094 1479 2133 enim
1503 2094 1702 2134 celerrime
1731 2095 1767 2135 se
1793 2108 1876 2135 mo-

47 2170 116 2200 vet
132 2190 144 2209 ,
176 2158 239 2198 scd
255 2160 373 2208 longo
392 2158 507 2196 etiam
534 2165 715 2205 tempore
736 2166 788 2192 ne
807 2155 854 2191 ad
874 2166 993 2192 unum
1010 2153 1168 2203 quidem
1195 2151 1341 2203 paffum
1363 2151 1623 2204 progreditur,
1684 2155 1727 2194 In
1757 2168 1876 2205 nego⁴

45 2222 106 2260 tiis
133 2218 311 2259 omnibus
327 2216 530 2270 prudentia
556 2213 595 2253 &
617 2213 731 2252 animi
754 2212 1020 2264 magnitudine
1047 2224 1148 2262 opus
1165 2211 1243 2252 est:
1275 2224 1371 2260 una,
1390 2222 1434 2252 ut
1449 2213 1646 2264 disponat,
1677 2217 1808 2264 altera,
1832 2227 1874 2256 ut

48 2292 93 2320 ea
110 2278 296 2332 perficiat,
355 2278 499 2317 Animo
527 2272 716 2314 constanti
738 2272 775 2312 ὅτ.
793 2271 887 2312 forti
913 2273 1006 2311 nihil
1030 2270 1085 2311 est
1104 2271 1265 2311 arduum
1283 2301 1296 2322 ‚
1327 2283 1462 2312 contra
1485 2274 1551 2324 qui
1570 2274 1607 2314 in
1626 2277 1732 2315 omni
1752 2288 1791 2315 re
1803 2277 1871 2316 du-

48 2339 133 2380 bius
155 2341 272 2379 haeret
293 2337 331 2378 &
349 2347 491 2389 anceps
512 2364 525 2384 ,
555 2335 658 2374 mille
688 2334 886 2384 experitur
920 2332 1162 2371 difficultates
1182 2362 1194 2381 ‚
1229 2332 1266 2372 &
1296 2332 1410 2384 quam
1435 2335 1616 2385 plurimas
1644 2335 1782 2375 amittit
1805 2349 1873 2377 oc·

16 2440 19 2443 ,
50 2398 231 2439 caslones.
249 2398 315 2453 (e)
355 2398 425 2439 Vzr
443 2410 483 2436 ea
499 2397 631 2435 ratione
645 2391 713 2448 fiet
733 2394 876 2445 (mimus
892 2423 905 2442 ,
926 2392 964 2444 fi
987 2395 1023 2432 ilz
1037 2391 1250 2432 deliberando
1273 2392 1405 2446 quidem
1433 2394 1614 2434 officietur
1634 2428 1645 2445 ,
1675 2395 1727 2441 ξς)
1740 2400 1869 2448 prim.

51 2465 165 2506 mem‘,
195 2457 361 2511 quidquid
371 2455 482 2510 potes}
497 2455 753 2506 contingenda
769 2451 896 2506 agendo
907 2460 1022 2492 autem
1039 2450 1196 2506 confidat.
1258 2451 1353 2493 Hoc
1368 2452 1607 2507 postremum
1624 2456 1652 2496 si
1677 2456 1787 2507 defit,
1803 2470 1869 2497 ca.

54 2517 111 2558 dit
131 2517 273 2557 animus
295 2548 308 2567 ‚
340 2517 376 2557 &
391 2516 526 2557 omiffis
546 2515 776 2567 opportunis
791 2513 925 2552 mediis
943 2522 1073 2565 coepto
1091 2512 1246 2557 desistit.

230 2578 266 2626 ξ.
298 2578 421 2617 Pauca
439 2577 522 2617 sunt
539 2576 720 2628 negotia,
749 2586 833 2626 quae
859 2575 1051 2626 ingenium
1074 2574 1250 2625 superare
1279 2584 1358 2614 non
1379 2571 1510 2625 possit,
1526 2583 1592 2613 aut
1609 2577 1761 2616 occafio
1773 2589 1864 2628 pau-

54 2638 160 2677 latim
189 2633 227 2675 &
249 2645 399 2686 tempus
421 2636 592 2677 faciliora
621 2647 701 2674 non
721 2635 868 2673 efficiat.
930 2632 1025 2672 Eam
1046 2635 1099 2671 ob
1125 2644 1203 2671 rem
1220 2645 1300 2671 non
1326 2642 1484 2683 oportet
1507 2644 1553 2672 ea
1578 2633 1688 2674 facile
1710 2638 1862 2676 tibrum*

52 2708 173 2752 pere,
205 2695 269 2735 sed
292 2696 329 2734 in
346 2697 478 2747 vigore
495 2697 563 2734 suo
583 2695 808 2734 conservare
828 2691 973 2745 potius,
1031 2689 1258 2741 Crystallus‚
1290 2691 1317 2730 si
1333 2691 1448 2730 semel
1470 2691 1859 2744 confringatur-‚uniri

55 2758 192 2798 iterum
213 2768 293 2796 non
311 2754 465 2806 potest3
494 2754 770 2806 ita&negotia,
832 2753 1093 2806 Quantumvis
1123 2749 1271 2804 grandis
1289 2749 1331 2789 fit
1341 2749 1605 2790 difficultatum
1623 2754 1826 2805 tempestas
1843 2787 1857 2806 ,

57 2819 174 2860 tutius
193 2826 321 2856 tamen
337 2813 392 2854 est
419 2812 574 2866 aliquod
589 2813 716 2854 saltem
743 2812 934 2865 explicare
955 2813 1085 2851 velum
1111 2840 1123 2859 ,
1155 2821 1197 2850 ut
1226 2811 1349 2849 minus
1385 2810 1430 2850 sit
1448 2811 1636 2862 periculi,
1668 2813 1782 2864 quam
1816 2828 1857 2855 o.

58 2879 159 2917 mnia
181 2879 339 2918 omnino
359 2875 597 2915 contrahere.
686 2873 858 2928 Negotia
883 2874 1065 2926 pleraque
1094 2869 1185 2910 ideo
1216 2868 1382 2910 success‘u
1399 2880 1530 2911 carent
1548 2901 1561 2921 ‚
1592 2872 1698 2924 quod
1728 2873 1857 2927 despe-

57 2950 199 2978 rentur.

1019 3041 1160 3084 Bbbb
1194 3052 1218 3081 2
1772 3045 1856 3096 §ll⁶

155 3187 212 3233 (a)
237 3187 354 3224 Tacit·
372 3186 433 3223 lib·
452 3198 481 3222 1.
501 3183 590 3220 Hist·
645 3185 710 3234 (b)
737 3186 809 3223 Tit.
827 3185 906 3223 Liv.
963 3188 1019 3231 (c)
1048 3186 1133 3222 Tac.
1148 3183 1209 3220 lib.
1248 3195 1278 3220 1,
1299 3184 1428 3221 Annal„
1483 3185 1543 3230 (d)
1572 3180 1674 3217 Eludi
1702 3178 1856 3216 Parthus

0 3231 7 3359 ῗ
58 3236 184 3328 {ziela
197 3232 271 3327 ὄεέἰ
290 3249 432 3329 polterat
450 3236 480 3276 Ε
497 3235 618 3328 Paethod
631 3249 697 3275 aut
712 3240 839 3292 insuis
852 3265 861 3279 ‚
886 3240 1007 3276 autin
1033 3237 1157 3275 alienis
1181 3233 1324 3285 coza-filiis
1347 3234 1541 3288 cwfstamia
1565 3231 1702 3283 fuiffi‘t-
1738 3232 1852 3270 Tacit=

76 3303 89 3328 1
114 3318 124 3329 ,
156 3302 212 3337 15.
264 3304 356 3328 nna.
406 3294 469 3342 (e)
498 3294 594 3329 Here
622 3316 630 3326 .
