2132 3730
488 277 1447 327 SYMBOLA'POLITJCA.
1791 299 1873 341 413

1631 347 1778 356 s----.
1798 353 1863 356 —c

95 368 238 417 quendi
252 378 389 418 genere
407 367 617 407 diuturnam
634 380 766 408 eorum
786 369 1114 408 conservationem
1131 368 1205 419 (a)
1233 370 1403 407 innuens.
1467 368 1642 418 Princeps
1661 371 1721 419 qui
1743 380 1875 418 pacem

92 425 191 465 serio
211 436 334 474 amat,
365 426 581 466 &stabilire
615 428 780 479 cogitat,
811 428 923 468 etiam
956 428 1128 480 posteros
1162 428 1246 466 suos
1273 428 1318 466 ad
1351 427 1510 468 eandem
1545 427 1772 480 obstringere
1799 440 1878 466 non.

93 493 263 527 veretur.
319 485 396 525 Pax
415 487 540 534 brevis
561 487 607 525 ad
637 486 733 528 nihil
749 487 904 537 prodest
929 487 1029 527 aliud
1045 517 1063 537 s
1086 485 1202 539 quam
1220 497 1263 526 ut
1284 497 1562 526 coacerventur
1592 489 1711 540 ligna,
1742 488 1877 537 quibus

93 542 235 583 beilum
261 545 492 584 incendatur.
554 546 699 585 Eadem
730 547 974 586 incommoda
1002 548 1160 587 induciae
1185 558 1394 597 paucorum
1416 558 1599 585 annorum
1626 547 1749 585 secum
1775 545 1878 585 adfe-

92 614 200 652 runt,
229 604 347 643 solum
370 605 468 643 enim
493 605 562 644 iras
580 606 757 657 tantisper
784 605 1035 657 suspendunt,
1065 606 1103 646 ὅτ.
1120 605 1279 657 spatium
1304 606 1394 644 dant
1422 605 1525 645 enses
1546 607 1693 645 interim
1718 605 1877 644 acuendi

91 661 130 701 &
145 664 303 702 lanceas.
365 662 505 703 Earum
524 664 695 704 remedio
719 665 1007 717 praescribuntur
1024 665 1202 717 paulatim
1224 665 1362 716 injustae
1381 665 1639 716 usurpationes
1653 695 1664 711 ‚
1696 665 1732 703 &
1753 665 1876 704 reddi-

92 732 153 761 tur
170 721 300 774 postea
317 735 392 773 pax
410 722 612 763 difficilior:
641 735 738 776 aegre
757 726 856 763 enim
881 723 1106 773 restituitur,
1135 724 1241 775 quod
1260 726 1375 776 longo
1393 734 1568 776 tempore
1591 723 1789 775 possessum
1818 724 1877 763 fu-

89 783 131 820 it.
189 780 286 819 Non
307 779 506 822 reddidere
525 783 690 835 Europae
710 785 878 835 quietem
896 784 1056 823 induciae
1072 784 1206 823 decern
1227 796 1411 824 annorum
1440 786 1535 823 inter
1560 783 1735 822 Carolurn
1755 783 1876 835 Quin-

91 848 171 878 tum
196 840 494 892 Imperatorem,
527 843 563 882 ὅτ
583 841 820 883 Franciscum
844 842 1008 882 Francia:
1032 845 1179 898 Regem
1209 843 1344 891 fac⁰tae3
1375 844 1451 895 (b)
1479 845 1534 882 uti
1564 844 1718 896 agnovit
1741 842 1876 881 Paulus

89 897 242 938 Tertius
265 900 456 940 Pontifex.

256 959 291 1010 §.
325 960 471 1000 Verum
509 960 662 1011 quando
691 972 769 1012 pax
798 962 925 1000 secura
957 958 1031 1009 est,
1061 958 1168 1002 firma
1198 962 1234 1001 &
1260 959 1416 1000 honesta
1437 991 1448 1011 ,
1478 962 1622 1001 nullum
1647 959 1871 1011 prudentius

89 1016 286 1059 confilium
304 1049 315 1066 ‚
346 1019 459 1071 quam
481 1021 644 1060 eandem
673 1020 869 1071 amplecti,
898 1023 1139 1072 quantumvis
1153 1019 1320 1060 victricia
1337 1033 1436 1060 arma
1456 1019 1550 1069 sint,
1582 1030 1643 1058 aut
1659 1022 1780 1071 magni
1798 1019 1874 1069 spe-

86 1087 216 1116 rentur
239 1078 468 1130 progress'us:
497 1080 591 1120 varii
609 1080 709 1119 enim
726 1080 810 1121 sunt
825 1079 913 1120 belli
933 1090 1114 1130 eventus,
1144 1080 1182 1120 δι
1198 1079 1330 1120 felices
1358 1079 1541 1120 successus
1568 1078 1679 1118 facile
1705 1082 1742 1119 in
1769 1078 1868 1118 dete-

86 1137 205 1176 riores
234 1139 481 1191 degenerant.
538 1140 705 1193 Quoties
721 1150 857 1189 pacem
880 1141 1044 1192 rogavit,
1077 1142 1143 1191 qui
1172 1139 1260 1179 ante
1291 1151 1444 1193 rogatus
1470 1139 1621 1179 fuerat?
1650 1137 1718 1192 (c)
1747 1138 1874 1179 Melior

85 1198 259 1249 tutiorque
284 1197 331 1252 est
345 1207 442 1238 certa
451 1208 528 1250 pax
541 1228 553 1248 ,
582 1201 685 1253 quam
697 1196 842 1251 sperata
857 1199 1023 1240 vivaria.-
1052 1198 1108 1239 z'lla
1123 1202 1159 1239 in
1177 1197 1293 1252 nestra
1306 1229 1318 1247 ‚
1346 1201 1397 1239 hic
1412 1202 1447 1240 in
1465 1199 1535 1239 Dei
1553 1211 1653 1237 mama
1678 1197 1742 1254 cst:
1775 1197 1812 1237 &
1835 1199 1875 1236 li-

85 1266 149 1294 cet
169 1255 327 1297 Sabinus
347 1259 501 1298 dixerit:
535 1257 610 1312 (d)
629 1267 750 1311 pacem
775 1258 827 1303 &³
855 1258 1058 1299 cmcordiam
1081 1259 1188 1300 ‘vistis
1220 1259 1338 1308 utilia,
1368 1259 1558 1299 vici‘t‘orilms
1582 1265 1717 1298 tantum
1726 1258 1874 1308 pulchra

83 1312 166 1366 esse',
195 1315 289 1356 solet
311 1328 438 1358 tamen
454 1330 530 1370 pax
550 1321 662 1358 etiam
682 1317 820 1358 victori
836 1317 1008 1370 prodefl'e
1023 1347 1035 1366 ‚
1066 1320 1153 1370 quia
1171 1330 1254 1359 eam
1282 1316 1410 1358 facere
1440 1317 1566 1369 potest
1599 1316 1875 1363 honestiorem,

84 1374 121 1412 ἃ
153 1375 363 1425 progressus
382 1377 458 1428 jam
484 1376 609 1416 fastos
641 1376 816 1421 stabilire.
873 1376 1036 1417 Nullum
1065 1387 1217 1429 tempus
1240 1390 1312 1429 pro
1331 1377 1431 1418 Pace
1467 1377 1731 1424 commodius,
1761 1377 1876 1426 quarn

83 1431 171 1484 post
196 1436 468 1485 triumphatum
491 1437 528 1474 in
558 1432 660 1473 bello
682 1428 846 1473 hostem-⁸
902 1436 1040 1474 Iisdem
1069 1438 1223 1486 aliisque
1247 1439 1295 1474 de
1312 1437 1429 1476 causis
1452 1437 1621 1476 simulac
1647 1436 1875 1487 Carthagine

83 1491 133 1531 de
153 1491 338 1533 Cannensi
364 1491 526 1532 victoria
545 1493 646 1532 fama
661 1494 901 1543 percrebuit,
932 1493 1041 1532 suafit
1059 1492 1216 1533 Senatui
1228 1491 1372 1533 Hanon
1378 1522 1392 1543 9
1420 1504 1463 1533 ut
1480 1507 1614 1546 pacem
1635 1505 1721 1533 cum
1736 1495 1875 1532 Roma-

84 1553 142 1592 nis
162 1562 459 1603 componerent:
489 1551 594 1603 quod
616 1553 703 1603 quia
721 1552 767 1590 ab
785 1552 863 1590 aliis
875 1550 1093 1603 neglectum
1111 1578 1124 1599 ,
1154 1554 1257 1603 leges
1274 1551 1405 1602 postea
1431 1553 1469 1592 &
1488 1553 1750 1600 conditiones,
1783 1564 1874 1602 quas

84 1610 174 1650 dare
191 1613 232 1651 iis
253 1613 377 1651 voluit
392 1610 522 1663 Scipio
539 1611 739 1651 admittere
754 1609 878 1650 coacti
898 1607 993 1650 sunt.
1051 1612 1090 1650 ln
1111 1611 1192 1661 ipso
1211 1622 1399 1650 armorum
1410 1605 1562 1660 furore,
1592 1609 1744 1663 quando
1766 1610 1874 1649 Mars

83 1670 221 1710 dubius
247 1670 300 1712 est
324 1671 361 1711 &
385 1681 546 1723 anceps,
577 1672 640 1722 qui
662 1671 700 1710 se
715 1671 820 1722 pacis
842 1669 1002 1710 ostendit
1021 1670 1226 1722 cupidum,
1255 1667 1486 1709 imbecillum
1501 1671 1538 1709 se
1555 1669 1717 1718 fatetur,
1747 1670 1784 1708 δε
1806 1671 1874 1708 ho-

82 1729 128 1771 sti
145 1732 310 1771 animum
335 1730 450 1770 addit.
509 1731 588 1783 Qui
611 1732 710 1770 illam
735 1739 828 1770 tunc
858 1730 1028 1781 prensat,
1055 1728 1212 1769 minime
1239 1730 1399 1768 obtinet.
1461 1729 1593 1768 Virtus
1623 1730 1659 1767 &
1685 1728 1874 1779 generosae

82 1793 220 1830 mentis
238 1789 427 1830 fortitudo
450 1790 636 1830 efficacius
655 1802 738 1830 eam
758 1788 920 1830 suadent.
966 1789 1149 1840 Princeps
1168 1800 1305 1840 pacem
1326 1787 1501 1836 aestimet‚
1530 1787 1626 1827 illius
1642 1797 1768 1827 tamen
1789 1800 1876 1826 cau-

82 1850 119 1890 sa
136 1861 209 1890 nec
233 1848 446 1901 injustitiam
467 1852 579 1890 ullam
598 1851 838 1899 committat,
861 1860 933 1888 nec
949 1848 1101 1901 indigna
1116 1849 1268 1887 toleret.
1327 1847 1464 1887 Pacem
1484 1859 1571 1888 cum
1592 1848 1744 1895 vicino,
1774 1848 1801 1886 fi
1818 1849 1869 1886 vi-

81 1910 185 1951 ribus
209 1909 272 1950 ille
289 1910 459 1962 superior
479 1909 524 1949 fit
548 1919 668 1963 tutam
683 1921 733 1949 ne
753 1917 925 1962 repetet:
952 1910 1051 1949 inter
1075 1906 1322 1948 infirmiorem
1345 1909 1447 1946 enim
1474 1907 1512 1946 &
1535 1916 1735 1958 potentem
1755 1918 1799 1945 ea
1817 1907 1870 1946 ef-

80 1968 119 2010 se
137 1970 218 2010 non
244 1966 309 2025 (e)
339 1966 478 2021 potest.
538 1969 748 2009 Continere
766 1969 805 2009 se
818 1968 937 2014 nescit
958 1968 1135 2017 ambitio,
1165 1967 1230 2006 ubi
1257 1967 1340 2019 spes
1362 1965 1476 2006 fuerit
1507 1966 1647 2017 aliquid
1671 1966 1876 2018 adipiscen-

82 2022 150 2081 ὄϊς,
173 2040 250 2070 nec
275 2030 310 2068 ei
327 2029 490 2069 deerunt
509 2027 703 2069 modestiae
721 2029 758 2068 δε
776 2026 925 2079 justitiae
955 2026 1041 2082 (f)
1067 2028 1224 2068 nomina
1239 2053 1252 2075 ,
1281 2027 1347 2077 qui
1376 2026 1503 2065 Status
1530 2026 1616 2065 suos
1642 2038 1804 2079 augere,
1835 2026 1873 2065 δε

82 2086 131 2133 ad
147 2087 416 2130 Monarchiam
433 2089 617 2130 reducere
634 2085 794 2143 co'gitat;
823 2100 913 2128 nam
929 2089 992 2139 qui
1003 2087 1080 2140 jam
1103 2084 1170 2127 ista
1186 2087 1356 2138 potitur,
1384 2085 1463 2125 hoc
1483 2086 1557 2137 agit
1572 2084 1692 2124 solinu
1709 2114 1721 2134 ,
1750 2096 1794 2124 ut
1811 2087 1874 2125 sua

79 2145 226 2204 fruatur
246 2147 515 2202 amplitudine,
545 2152 687 2201 absque
702 2159 771 2196 eo,
801 2146 907 2198 quod
926 2156 991 2187 aut
1009 2145 1166 2188 invadat
1185 2147 1364 2193 alienam,
1393 2154 1459 2184 aut
1485 2154 1619 2184 contra
1634 2156 1717 2184 eam
1734 2145 1874 2196 aliquid

80 2210 272 2253 moliatur.

89 2368 96 2389 ³
138 2386 142 2390 “
167 2373 238 2422 (a)
264 2374 431 2410 Dominus
443 2376 537 2408 Deus
556 2371 667 2419 Ist‘a‘e'l
680 2371 816 2409 dederit
836 2365 990 2424 Regnum
1011 2367 1143 2407 David
1155 2367 1259 2421 fhper
1273 2363 1385 2414 fiad
1402 2369 1441 2405 in
1451 2366 1717 2419 stmpiternum,
1745 2362 1811 2417 ipsi
1829 2365 1876 2408 ό·

71 2424 164 2478 filiis
178 2426 249 2472 q‘us
268 2425 308 2461 in
321 2423 579 2476 pas7umfhlis.
607 2438 643 2460 2.
659 2426 738 2461 Par.
763 2436 818 2470 13.
836 2433 870 2471 5.
923 2425 985 2470 (b)
1012 2425 1054 2459 In
1075 2419 1151 2459 Bul.
1179 2421 1305 2459 Indi&
1331 2422 1447 2458 Cone.
1469 2421 1568 2457 Trid.
1619 2420 1676 2466 (c)
1700 2415 1773 2455 Tit.
1792 2417 1872 2456 Liv.

80 2482 170 2517 D'ec.
198 2491 229 2524 3.
251 2477 273 2513 l.
305 2488 336 2512 1.
377 2477 450 2522 (d)
475 2475 590 2512 Tacit.
607 2475 667 2512 iib.
692 2488 725 2523 3.
740 2474 831 2510 Hist.
885 2476 949 2523 (e)
973 2476 1080 2525 Qia
1097 2476 1195 2511 inter
1215 2475 1423 2514 innocentes,
1453 2471 1497 2515 ὠ
1519 2470 1661 2509 validos
1674 2467 1775 2521 false)
1800 2472 1874 2522 quia

80 2530 184 2579 estat.
209 2527 315 2566 Tacit
333 2529 378 2566 de
395 2540 497 2565 more
517 2528 639 2566 Germ.
692 2525 759 2576 (f)
792 2523 856 2565 ubi
870 2539 978 2565 manu
1000 2527 1127 2580 agitur
1141 2550 1151 2568 ,
1174 2525 1338 2579 modestia
1355 2537 1398 2564 ac
1404 2523 1563 2578 probitas
1578 2521 1873 2575 nominasdperioz

82 2586 131 2623 ris
140 2582 238 2631 sisne.
261 2580 350 2619 lbid.

868 3216 918 3265 M
934 3234 1026 3265 mm
1041 3225 1081 3262 m
1096 3225 1136 3261 m
1678 3204 1878 3276 SYM..
