2132 3730
447 238 1433 284 SYMBOLAPOLJTJCA.
1775 229 1914 298 κε’

364 436 1168 509 SYMBOLUM
1249 426 1562 508 LXXXII.

181 1925 340 1968 Onnulli
360 1927 484 1982 galeas
501 1929 634 1982 cygnis
652 1924 690 1969 δε
716 1927 936 1980 pavonibus
954 1933 1190 1966 coronarunt
1211 1954 1226 1975 ‚
1257 1933 1301 1966 ut
1328 1924 1469 1967 horum
1499 1923 1756 1979 generositate
1780 1924 1871 1967 suos

209 1989 421 2028 excitarent
441 1990 587 2028 animos
604 2018 618 2039 ,
646 1987 685 2028 &
706 1986 938 2028 stimularent
959 1987 1006 2026 ad
1019 1988 1176 2040 gloriam
1194 1998 1210 2034 -,·
1240 1986 1299 2025 alii
1314 1986 1441 2026 ursmo
1464 1987 1590 2037 capite
1609 2016 1620 2035 ‚
1652 1997 1717 2026 aut
1747 1988 1868 2026 leoni-

207 2060 256 2087 na
277 2049 378 2100 pelle
391 2059 461 2100 per
481 2049 662 2089 humeros
680 2046 877 2087 defluente
899 2076 912 2097 ,
942 2057 985 2087 ut
1005 2048 1206 2086 horrorem
1227 2045 1265 2085 &
1283 2056 1431 2087 metum
1448 2044 1621 2086 hostibus
1637 2047 1866 2088 incuterent.

58 2107 153 2149 Hoc
165 2107 339 2161 praesenti
371 2107 561 2158 Symbolo
587 2138 599 2156 ‚
630 2120 709 2159 quo
727 2106 938 2147 ostenditur
953 2135 967 2156 ,
997 2106 1161 2158 Principi
1185 2118 1286 2145 arma
1302 2105 1478 2145 habenda
1496 2104 1571 2145 effe
1586 2107 1624 2145 in
1638 2108 1777 2157 pretio,
1794 2109 1866 2146 cri*

56 2168 124 2208 stae
147 2168 238 2207 loco
254 2167 363 2218 supra
383 2167 556 2207 caffidem
575 2165 802 2207 Erinaceum
820 2168 976 2205 colloco
996 2194 1009 2214 ‚
1040 2166 1146 2216 qu'us
1176 2166 1296 2204 aculei
1320 2176 1400 2204 non
1420 2164 1545 2204 minus
1566 2164 1720 2217 aspectu
1734 2165 1870 2214 jucun-

59 2228 99 2267 di
119 2228 171 2266 ob
191 2227 451 2278 asperitatem,
483 2225 598 2278 quam
615 2227 755 2278 plumae
781 2225 1014 2265 Struthionis
1033 2225 1085 2264 ob
1107 2224 1333 2272 mollitiem,
1357 2233 1511 2264 tuentur
1522 2223 1629 2264 simul
1649 2237 1694 2263 ac
1712 2225 1868 2267 laedunt.

58 2286 204 2328 Nullus
227 2285 436 2338 elegantior
460 2288 585 2325 cultus
609 2314 621 2332 ‚
652 2284 765 2337 quam
795 2284 825 2325 fi
854 2297 956 2325 arma
978 2285 1088 2324 armis
1113 2290 1362 2328 exornentur,
1451 2283 1586 2323 Vanus
1613 2283 1668 2323 est
1688 2296 1869 2336 purpurae

57 2346 238 2399 splendor
259 2357 379 2397 opere
401 2345 568 2399 Phrygio
592 2345 796 2384 elaboratae
817 2344 845 2394 ,⁴
861 2345 1036 2396 quamvis
1060 2354 1153 2383 auro
1171 2374 1181 2391 ,
1213 2343 1417 2383 unionibus
1437 2373 1449 2390 ,
1479 2343 1516 2383 &
1532 2343 1791 2384 adamantibus
1811 2356 1868 2383 ra-

58 2407 140 2445 diet
155 2434 168 2453 ‚
198 2406 338 2445 inutilis
363 2406 591 2457 palatiorum
618 2403 847 2455 familiaeque
871 2402 1077 2444 ostentatio
1100 2432 1114 2451 ‚
1144 2403 1181 2442 &
1203 2403 1371 2443 aularum
1390 2415 1535 2455 pompa
1556 2403 1623 2443 nisi
1645 2405 1868 2444 micantium

61 2466 273 2517 gladiorum
292 2464 331 2504 &
352 2476 543 2504 armorum
559 2462 688 2515 fulgor
712 2462 870 2503 illustres
901 2462 1037 2502 reddat
1067 2463 1277 2514 Principes,
1332 2461 1432 2503 Non
1471 2461 1593 2503 minus
1617 2464 1796 2515 gloriatus
1813 2462 1868 2503 est

62 2524 246 2564 Salomon
261 2552 274 2573 ‚
305 2523 584 2575 sapientiffimus
604 2523 716 2571 Rex,
742 2522 792 2563 de
811 2524 1104 2562 armamentariis
1134 2524 1238 2562 omni
1259 2534 1451 2562 armorum
1472 2534 1611 2574 genere
1633 2521 1794 2574 copiose
1815 2524 1870 2562 in-

60 2582 210 2624 struffls
231 2611 242 2631 ,
273 2583 340 2622 ubi
360 2582 463 2623 scuta
486 2583 524 2623 &
544 2584 692 2623 lanceas
713 2584 840 2635 magni
858 2580 999 2621 valoris
1021 2580 1098 2633 (a)
1127 2582 1358 2621 reconderet
1386 2609 1398 2628 ‚
1429 2580 1543 2633 quam
1563 2581 1612 2620 de
1640 2581 1868 2633 sumptuosis

61 2642 258 2683 vestiariis.
320 2641 498 2694 Hispanis
519 2641 590 2696 (h)
619 2641 785 2683 militares
803 2643 881 2695 equi
888 2637 1054 2693 stmguine
1069 2637 1211 2692 zpffirmn
1228 2644 1378 2681 cariores
1399 2650 1518 2681 erant.
1577 2639 1700 2681 Nunc
1714 2639 1869 2680 aestima-

63 2705 210 2742 tionem
237 2702 338 2741 illam
363 2702 490 2754 perdit
511 2703 781 2741 vehiculorum
801 2700 1077 2748 commoditas,
1106 2699 1230 2754 quibus
1251 2728 1264 2748 ‚
1293 2699 1365 2752 (c)
1388 2700 1490 2752 apud
1505 2701 1704 2740 Romanos
1724 2699 1787 2751 m'fi
1802 2700 1867 2740 Se-

59 2763 259 2803 natoribus
274 2790 286 2809 ‚
316 2759 367 2804 ἐξ)
391 2759 492 2813 castae
514 2758 734 2813 &spe&atae
744 2760 937 2812 probitatis
946 2756 1101 2811 foeminis
1120 2789 1132 2808 ,
1163 2759 1252 2799 alias
1271 2761 1325 2800 uti
1347 2772 1410 2799 non
1430 2758 1536 2800 licuit.
1596 2759 1709 2813 Quos
1733 2761 1870 2800 abusus

61 2833 105 2862 ut
135 2823 287 2861 tolleret
307 2821 467 2859 Carolus
489 2820 659 2873 Quintus
685 2821 898 2873 Imperator
919 2848 932 2869 ‚
961 2830 1190 2871 moremque
1206 2818 1400 2869 equitandi
1420 2821 1559 2860 iterum
1574 2819 1838 2859 introduceret
1853 2849 1867 2869 ,

61 2884 102 2922 in
129 2881 306 2920 Comitiis
323 2879 623 2920 Madriteniibus
646 2891 745 2919 anno
771 2890 893 2934 1534.
924 2878 975 2919 fic
998 2878 1120 2918 fertur
1145 2877 1297 2918 locutus
1317 2888 1330 2922 t
1360 2879 1518 2919 Naturae
1536 2876 1655 2920 horum
1670 2879 1870 2932 Regnorz‘mz

62 2953 129 2983 non
144 2939 229 2982 domi
237 2936 342 2991 fidum
353 2968 366 2989 ,
377 2936 433 2987 βᾶ
442 2938 493 2985 (33⁹
502 2937 602 2992 som
610 2938 705 2991 apud
721 2947 856 2980 exteros
863 2935 908 2979 ah
915 2936 1092 2993 equitandi
1090 2940 1225 2990 peritia
1241 2941 1276 2979 in
1291 2941 1405 2989 pretio
1424 2937 1475 2985 ἐξ)
1487 2940 1607 2980 honore
1612 2937 1649 2990 s
1640 2947 1783 2987 uerunt,
1797 2951 1870 2978 ma·

971 2998 1011 3036 V
1030 3008 1057 3037 v
1073 3009 1100 3037 v
1118 3010 1145 3037 v
1178 3010 1200 3037 2
1749 3011 1869 3050 gnam-

161 3138 218 3181 (a)
237 3142 328 3177 Fecit
351 3139 467 3191 zgitur
499 3144 573 3175 Rex
595 3137 751 3175 Salomon
774 3137 941 3175 ducentas
971 3136 1090 3189 hastas
1112 3149 1240 3174 aureas
1258 3137 1300 3174 de
1319 3136 1462 3183 stamma
1478 3135 1721 3183 sexcentorum
1751 3151 1870 3174 aureo-

65 3200 146 3224 rum
162 3213 170 3227 ‚
198 3192 257 3240 qui
272 3193 312 3228 in
319 3190 472 3243 fingulis
497 3188 607 3242 hastis
631 3187 915 3242 expendebantur
931 3205 943 3228 :
968 3201 1126 3227 trecenta
1146 3203 1274 3242 quoque
1290 3189 1397 3236 stuta
1421 3203 1534 3226 aurea
1555 3199 1786 3225 trecentorum
1806 3201 1869 3226 au-

65 3253 203 3329 ἴξῖνιιηῖ
222 3267 231 3281 ,
255 3243 387 3338 quibu58
393 3241 603 3298 tegebantur
628 3241 887 3295 fingulasc'uta.
915 3257 952 3280 a.
977 3244 1088 3281 Paral.
1108 3255 1146 3288 9.
1169 3255 1226 3289 15.
1281 3243 1355 3292 (b)
1383 3244 1496 3290 Trog.
1549 3245 1606 3289 (c)
1630 3242 1868 3291 Alexandnb

121 3304 174 3330 ex.
207 3319 216 3328 .
239 3301 270 3337 8.
292 3308 324 3332 c.
345 3308 358 3332 1
394 3322 402 3331 .
