2132 3730
19 3219 21 3274 Q

20 3356 22 3399 i

19 3402 22 3447 ι

20 3536 23 3608 Ι

545 263 1518 312 SYMBOLAPOLJTJCA.
1840 281 1902 327 95·

95 353 228 394 utilitas
253 346 415 401 enascitur
428 362 441 388 .·
469 348 533 389 hac
560 351 646 390 em'm
673 349 809 388 ratione
830 346 882 393 &⁹
909 348 1004 401 boni,
1032 357 1073 389 ut
1088 347 1321 403 qudpffmt,
1348 352 1496 393 meliores
1521 352 1700 405 evadant,
1727 353 1780 400 &⁹
1800 355 1899 405 mali,

94 421 138 453 'ut
151 411 202 452 ad
208 410 325 451 bonam
329 405 368 460 se
381 405 525 461 frugem
543 410 733 460 recgviant,
759 408 960 449 incitantun
1021 409 1101 449 Ubi
1125 421 1237 461 poena
1261 409 1300 449 &
1328 413 1530 462 proemium
1561 411 1768 464 deficiunt,
1796 413 1898 456 ordo

95 469 261 523 Reipub.
280 466 430 517 deficit,
462 470 549 521 quia
564 469 713 520 spiritus
730 466 832 517 sunt,
862 470 927 521 qui
945 480 1029 509 eam
1044 469 1270 518 conservat,
1302 471 1367 509 alit
1386 482 1430 510 ac
1452 471 1579 515 fovet.
1639 474 1730 515 Sine
1757 484 1901 516 neutro

95 531 243 572 illorum
259 527 326 568 diu
352 527 453 569 salva
467 540 547 568 non
566 525 695 581 poss'et‘
714 526 937 568 confistere:
966 541 1053 569 nam
1070 528 1154 581 spes
1181 531 1332 580 proemii
1355 529 1403 569 ad
1417 531 1563 571 cultum
1583 533 1754 588 obligat,·
1775 543 1903 576 metus

93 597 218 630 autem
235 599 358 640 poenae
375 587 423 628 ad
450 587 736 636 obedientiam,
765 590 830 627 vel
846 586 966 629 invita
987 590 1101 629 etiam
1122 589 1281 628 naturali
1309 589 1485 630 libertate
1512 590 1684 633 servituti
1706 595 1897 647 oppofita.

90 646 195 690 Hinc
216 649 360 700 antiqui
384 648 592 701 Imperium
608 645 856 698 Symbolic6s
882 661 952 701 per
964 648 1155 700 flagellum
1181 647 1462 701 fignificabant,
1493 660 1537 689 ut
1565 652 1603 690 in
1625 652 1801 694 Monetis
1817 656 1902 707 qui-

90 706 250 748 busdam
278 706 549 750 Consularibus
574 707 709 748 videre
734 705 810 757 est,
840 707 880 748 &
904 708 1174 748 dominationis
1198 707 1357 760 Augusti
1380 709 1656 762 prognosticon
1682 712 1777 763 fist,
1809 714 1900 758 cum

85 766 229 807 Cicero
247 779 320 820 per
337 770 507 822 quietem
532 766 686 809 vidisset
716 766 908 821 flagellum
943 769 978 807 ei
1004 766 1026 806 a
1051 767 1148 807 Iove
1178 769 1344 821 porrigi,
1375 771 1646 821 interpretatus
1668 770 1746 812 hoc
1771 776 1903 815 omine

86 826 310 868 Romanum
342 830 379 869 ei
407 827 589 881 portendi
616 827 845 881 Imperium,
877 825 983 878 quod
1002 839 1126 878 poenae
1157 827 1195 867 &
1221 830 1368 880 proemii
1401 829 1594 869 beneficio
1623 831 1800 873 creviffet
1834 834 1901 874 ha-

87 884 243 935 ὲὶεῃυε,
274 887 313 927 &
333 887 503 933 stetisset.
563 887 664 942 Quis
697 887 720 927 a
743 888 845 927 vitiis
879 884 917 926 se
943 885 1165 935 abstineret,
1195 887 1222 928 si
1251 900 1364 940 poena
1393 901 1473 930 non
1498 888 1622 930 esset?
1655 891 1755 945 Quis
1782 902 1902 945 caput

83 947 191 988 suum
207 948 389 999 periculis
411 948 617 1001 objiceret,
647 947 677 989 fi
695 947 896 1000 proemium
911 947 1060 998 sperare
1071 959 1149 987 non
1170 948 1330 988 liceret?
1358 948 1480 991 Solon
1493 949 1791 1003 Rempublicam
1809 952 1902 992 dua-

85 1006 160 1047 bus
181 1007 297 1047 rebus
322 1010 513 1050 contineri
547 1007 665 1058 dixit,
693 1006 854 1047 Praemio
872 1005 911 1046 &
932 1005 1060 1046 Poena.
1087 1006 1206 1047 Binos
1231 1009 1269 1047 in
1295 1009 1443 1049 mundo
1480 1008 1593 1050 Deos
1620 1009 1717 1060 effe,
1745 1011 1902 1053 dicebat

85 1065 366 1119 Democritus,
393 1068 549 1109 Poenam
575 1068 614 1108 δε
633 1064 895 1117 Beneficium,
933 1065 1128 1120 persuasus
1158 1078 1303 1120 nempe
1325 1069 1470 1121 absque
1489 1070 1547 1109 his
1577 1081 1667 1110 eum
1698 1071 1902 1125 gubernari

83 1138 165 1166 non
194 1125 314 1178 poffe.
376 1127 433 1168 Hi
458 1128 540 1168 duo
563 1128 648 1180 poli
676 1125 761 1166 sunt
781 1127 934 1166 orbium
955 1125 1223 1179 Magistratus;
1253 1126 1333 1167 duo
1354 1129 1470 1181 Reip.
1510 1130 1728 1179 luminaria,
1759 1143 1845 1184 quae
1870 1132 1902 1175 fi

83 1184 317 1236 deficerent,
347 1187 519 1228 obscuris
535 1186 597 1226 illa
614 1188 904 1237 immergeretur
931 1187 1111 1227 tenebris.
1171 1186 1268 1228 Duo
1286 1187 1352 1228 ista
1382 1189 1515 1228 solium
1550 1187 1651 1244 (a)
1682 1192 1904 1244 Principum

82 1244 301 1286 sustentant.
362 1246 459 1286 Ideo
483 1245 690 1287 mandabat
706 1245 889 1286 Ezechiel
906 1246 1031 1298 Regi,
1060 1255 1104 1285 ut
1120 1245 1337 1297 Coronam,
1369 1250 1516 1300 aliaque
1532 1249 1686 1303 insignia
1698 1250 1819 1304 Regia
1836 1251 1905 1297 ἀει,

80 1315 269 1358 poneret,
299 1305 408 1357 quod
424 1306 469 1345 iis
487 1305 665 1357 indignus
685 1305 904 1354 videretur,
934 1308 1000 1358 qui
1014 1308 1172 1359 proemia
1191 1319 1279 1348 cum
1298 1307 1372 1363 (b)
1396 1307 1535 1360 justitia
1549 1321 1628 1350 non
1645 1309 1904 1354 distribueret.·

80 1364 192 1405 Dum
210 1363 394 1417 Princeps
417 1364 587 1418 agnoscit
608 1366 766 1413 merita,
794 1366 998 1416 proemium
1021 1366 1208 1417 agnoscit:
1239 1366 1457 1408 referuntur
1476 1370 1578 1409 enim
1589 1369 1637 1409 ad
1660 1369 1903 1422 seinvicem,

81 1424 121 1465 &
150 1423 219 1464 nisi
249 1421 340 1463 illud
365 1426 566 1478 largiatur,
595 1422 752 1475 injustus
779 1422 848 1464 est.
910 1423 1026 1465 Hanc
1052 1424 1204 1465 Proemii
1231 1425 1434 1479 Poenaeque
1461 1428 1666 1469 utilitatem
1686 1440 1767 1470 non
1797 1431 1902 1472 bene

80 1482 354 1536 expenderunt
381 1483 677 1536 Legumlatores
705 1482 746 1524 &
766 1481 1049 1536 jurisconsulti,
1079 1487 1145 1537 qui
1176 1487 1249 1525 toti
1268 1483 1379 1527 fuere
1398 1489 1438 1527 in
1454 1488 1541 1528 solis
1563 1490 1687 1541 poenis
1705 1489 1901 1544 &suppli-

81 1544 152 1585 ciis
174 1541 406 1594 statuendis,
433 1544 686 1585 Proemiorum
706 1543 806 1584 vero
836 1545 906 1584 vix
932 1544 1077 1596 uspiam
1104 1548 1375 1587 meminerunt.
1435 1546 1633 1600 Majorem
1660 1548 1742 1602 ejus
1765 1551 1821 1591 rei
1845 1562 1904 1591 ra·

7 1592 8 1628 ἶ
78 1605 229 1644 tionem
244 1604 380 1644 habuit
401 1602 698 1656 Sapientiffimus
715 1602 931 1657 Legislator
948 1605 988 1644 in
1009 1604 1110 1644 libro
1128 1604 1278 1646 suarum
1301 1608 1450 1660 legum,
1482 1620 1598 1659 quem
1615 1607 1792 1661 Hispano
1805 1609 1905 1651 idio·

78 1661 194 1766 guazii?
210 1662 392 1731 Par-‘tidas
409 1664 597 1705 inscribit:
624 1672 669 1703 ut
691 1664 795 1704 enim
815 1673 1024 1715 utrumque
1041 1663 1293 1717 conjungeret
1304 1694 1319 1714 ‚
1347 1667 1583 1717 peculiarem
1599 1667 1731 1721 posuit
1747 1671 1904 1714 titulum

7 1750 10 1762 .
108 1733 131 1763 e
180 1734 333 1763 roemuS.

232 1780 272 1834 §.
301 1780 405 1822 Cum
434 1790 528 1833 ergo
554 1788 632 1820 tam
657 1776 861 1820 necessaria
885 1778 959 1819 fint
984 1778 1151 1833 Principi
1175 1780 1291 1822 Poena
1312 1780 1350 1820 δε
1374 1779 1600 1832 Praemium,
1629 1791 1676 1824 ut
1703 1784 1784 1827 fine
1816 1787 1900 1831 hoc

84 1841 298 1894 aequilibrio
317 1852 389 1894 per
403 1840 691 1893 gubernationis
708 1837 843 1879 funem
868 1837 1001 1879 secure
1034 1841 1217 1880 incedere
1244 1850 1431 1891 nequeat,
1459 1854 1596 1895 magna
1619 1844 1754 1895 utique
1779 1846 1904 1888 confi·

77 1901 279 1942 deratione
299 1899 356 1941 est
373 1912 494 1952 opuS,
525 1910 567 1939 ut
575 1901 618 1939 iis
638 1895 744 1937 reete:-
758 1907 898 1936 utatur.
957 1895 1017 1935 Ea
1037 1897 1087 1937 de
1109 1897 1234 1939 cauffa
1249 1899 1414 1951 colligati
1432 1900 1750 1944 erantLiCtorum
1764 1903 1903 1955 fasces;

77 1972 236 2002 coronae
255 1959 377 2007 verb,
407 1969 497 1997 cum
525 1956 549 1996 ὲ
579 1955 766 2004 viridibus
780 1954 884 1995 foliis
905 1952 1064 2006 fierent,
1096 1968 1181 2009 quae
1211 1957 1294 1997 cito
1310 1959 1569 2009 marcescunt,
1586 1958 1675 2012 post
1697 1962 1903 2008 obtentam

76 2019 280 2079 vietoriam
300 2019 468 2072 primum
487 2016 738 2064 texebantur-,-
765 2025 810 2055 ut
824 2016 999 2066 interim,
1031 2015 1123 2056 dum
1141 2016 1436 2059 diffolverentur
1457 2020 1532 2070 illi,
1561 2019 1602 2060 δε
1623 2019 1683 2061 hae
1699 2020 1904 2077 nec‘terem

75 2081 163 2130 tur,
192 2081 292 2121 inter
308 2076 612 2131 delinquendum
647 2076 687 2117 δε
708 2075 970 2130 puniendum,
999 2076 1228 2119 merendum
1258 2075 1297 2119 δε
1319 2079 1595 2131 praemiandum
1623 2084 1811 2134 temporis
1833 2085 1900 2126 ali.

73 2132 170 2192 qiud
192 2139 472 2188 intercederet,
500 2137 539 2178 δι
555 2137 690 2177 merita
715 2145 833 2189 atque
855 2135 995 2176 defleta
1019 2135 1092 2177 rite
1121 2136 1291 2191 expendi
1317 2137 1483 2192 possent.
1542 2138 1706 2181 Proemia
1733 2143 1900 2187 inconfi-

11 2220 14 2246 7
77 2198 209 2240 derare
230 2201 369 2240 collata
395 2199 598 2252 gratiarum
617 2195 810 2237 affionem
831 2198 900 2237 vix
915 2206 1124 2238 merentur.
1188 2196 1280 2238 Citb
1305 2197 1398 2240 faeti
1424 2210 1515 2239 eum
1542 2200 1726 2251 poenitet,
1751 2205 1817 2255 qui
1840 2213 1900 2246 te·

12 2298 13 2312 ζ
77 2256 184 2301 mere
201 2260 356 2314 largitut
372 2259 472 2309 aliis,
501 2270 576 2300 nec
592 2258 715 2298 virtus
732 2259 863 2298 secura
879 2255 934 2298 est
948 2257 997 2299 ab
1013 2269 1089 2307 e0‚
1121 2259 1187 2311 qui
1210 2268 1288 2300 tam
1313 2261 1354 2300 in
1377 2260 1501 2311 Ρῦθῐὶῑ8
1530 2258 1586 2299 est
1605 2272 1793 2315 PsaecePS·
1852 2262 1897 2306 Si

79 2320 120 2359 in
134 2319 192 2360 his
217 2319 453 2373 procedatur
474 2319 570 2358 ultra
588 2318 749 2367 limites,
780 2317 936 2358 excusat
954 2318 1127 2371 Populus
1143 2316 1327 2361 defletum
1347 2320 1386 2359 in
1405 2319 1630 2360 Severitatis
1655 2320 1802 2364 odium.
1850 2322 1896 2365 Si

76 2378 181 2420 idem
196 2381 400 2432 proemium
415 2378 562 2418 Virtuti
578 2378 764 2418 tribuatur
778 2377 817 2418 δι
839 2377 974 2427 Vitio,
1003 2379 1066 2419 illa
1081 2378 1276 2431 injuriam,
1306 2380 1386 2421 hoc
1409 2378 1507 2421 verb
1524 2379 1644 2419 robur
1666 2382 1822 2435 accipit.
1849 2383 1895 2425 Si

77 2439 144 2479 uni
161 2438 189 2492 ζ
201 2440 268 2480 ubi
289 2441 394 2493 paria
412 2438 498 2480 sunt
520 2437 690 2494 merita>
715 2438 836 2490 majus
858 2437 1065 2481 Proemium
1095 2438 1236 2490 detur,
1266 2438 1382 2493 quam
1413 2441 1540 2489 alteri,
1569 2438 1715 2481 invidia
1741 2443 1806 2483 hic
1830 2441 1895 2484 sti-

79 2497 310 2549 mulabitur,
339 2499 378 2541 δι
399 2500 589 2552 ingratum
605 2498 647 2538 se
662 2499 876 2551 praebebitt
906 2499 1052 2540 invidia
1070 2502 1172 2542 enim
1193 2499 1231 2540 δε
1246 2499 1441 2555 gratitudo
1463 2501 1564 2540 circa
1582 2512 1697 2541 unam
1713 2501 1895 2545 eandem-

79 2570 156 2611 que
181 2570 263 2599 rem
286 2560 324 2599 in
347 2571 424 2600 una
448 2559 557 2600 fimul
575 2557 664 2599 sede
683 2560 822 2601 motari
846 2571 928 2600 non
954 2557 1121 2613 poffunt.
1179 2562 1364 2602 Attamen
1384 2560 1478 2602 illud
1502 2561 1618 2600 etiam
1648 2561 1894 2605 consideran·

79 2618 172 2658 dum
191 2647 204 2668 ,
235 2618 437 2671 quomodo
466 2619 692 2670 Proemium‚
724 2620 764 2661 ὅτ,
793 2619 947 2660 Poenam
973 2620 1186 2673 dispensare
1212 2631 1415 2675 oporteatx
1447 2618 1590 2661 differri
1613 2629 1692 2661 tam
1715 2621 1781 2662 diu
1806 2634 1893 2666 non

77 2677 245 2727 debent,
275 2687 319 2718 ut
336 2678 495 2720 Proemia
521 2689 700 2731 tanquam
718 2679 915 2733 desperata
941 2681 1146 2732 vilescant,
1177 2692 1243 2722 aut
1259 2693 1383 2734 poenae
1406 2681 1546 2727 deberi
1571 2679 1763 2731 desinant,
1792 2691 1893 2725 temq

77 2740 185 2792 poris
208 2738 455 2779 diuturnitate
471 2739 549 2790 jam
566 2741 840 2793 compensatae,
871 2750 937 2781 aut
954 2742 1042 2794 quia
1066 2741 1171 2782 nunc
1190 2740 1239 2782 ad
1263 2744 1423 2783 aliorum
1441 2742 1663 2794 exemplum
1681 2743 1794 2783 utiles
1807 2754 1893 2793 non

73 2799 181 2847 sunt,·
211 2796 262 2838 eb
287 2797 395 2850 quod
410 2801 511 2839 nulla
539 2800 698 2852 amplius
725 2800 855 2843 defleti
877 2800 1036 2855 iupersit
1063 2803 1262 2843 memoria.
1319 2802 1410 2844 Rex
1438 2801 1659 2855 Alphonsus
1679 2802 1838 2857 Sapiens
1864 2800 1892 2845 ὲ

76 2857 209 2900 Seren.
230 2856 379 2898 Vestra:
394 2857 705 2912 progenitoribus
719 2874 860 2916 magno
885 2874 973 2903 cum
992 2861 1139 2914 judicio
1163 2861 1341 2904 Posteros
1362 2864 1448 2904 suos
1472 2861 1694 2914 admonuit,
1723 2875 1894 2917 quomo·

80 2917 132 2958 do
151 2920 191 2959 in
209 2917 378 2960 Proemiis
406 2918 445 2959 δε
466 2918 589 2960 Poenis
608 2931 741 2971 gerere
765 2922 803 2964 se
826 2922 1035 2975 deberent,
1065 2935 1156 2964 cum
1183 2923 1298 2964 dixit:
1326 2923 1421 2983 Quae
1444 2936 1508 2964 era
1531 2923 1693 2979 menester
1721 2933 1889 2979 tempera-

77 2986 204 3029 mento,
220 2977 273 3030 (ψ’
288 2991 375 3020 como
393 2976 583 3030 fazerhz'en
602 2979 643 3022 do
656 2985 830 3034 confflem,
860 2998 879 3025 e
900 2995 1013 3032 come,
1041 2996 1060 3024 e
1079 2983 1213 3039 quando
1229 3016 1242 3035 ,
1273 2998 1292 3025 e
1318 2993 1392 3025 otro
1405 2983 1443 3038 fi
1467 2996 1507 3024 eu
1534 2980 1642 3037 saber
1668 2982 1834 3037 refhetmr
1857 2983 1889 3023 el

78 3038 165 3088 mal,
195 3051 212 3078 e
233 3039 378 3088 tvmvlo,
409 3052 428 3079 e
443 3037 697 3086 effiarmentarlo
722 3055 762 3083 en
794 3044 839 3083 los
863 3046 1024 3097 tiempos‚
1054 3057 1073 3084 e
1088 3058 1128 3085 en
1150 3045 1202 3084 las
1218 3041 1380 3096 suzam,
1408 3059 1474 3100 que
1497 3058 1532 3084 es
1556 3043 1736 3100 nzencster,
1764 3050 1885 3083 catan-

77 3094 120 3136 do
135 3097 181 3138 los
191 3095 334 3151 sabos,
363 3101 482 3155 quales
487 3096 574 3152 sim,
601 3115 620 3141 e
636 3104 695 3155 qui
716 3115 758 3143 on
777 3103 824 3144 los
845 3101 960 3157 faze,
990 3117 1009 3144 e
1033 3102 1075 3145 de
1096 3116 1161 3158 que
1184 3117 1348 3156 manera,
1378 3119 1395 3146 e
1430 3118 1471 3146 en
1493 3104 1611 3160 quales
1635 3104 1786 3158 lagares.
1845 3101 1890 3143 E

953 3164 991 3205 A
1015 3177 1035 3205 a
1068 3177 1092 3205 2
1826 3172 1887 3202 con

177 3239 234 3283 (a)
260 3238 418 3292 Justitia
433 3239 754 3293 firmaturscilium.
781 3243 890 3286 Prov.
912 3250 969 3285 16.
990 3258 1047 3285 12.
1099 3247 1162 3296 (b)
1187 3243 1306 3297 Aufir
1315 3245 1486 3288 cidarim,
1508 3245 1584 3283 tolle
1598 3256 1777 3282 coronam:
1791 3248 1885 3282 Non-

20 3316 21 3327 i
79 3302 122 3326 ne
134 3285 198 3325 haec
209 3288 256 3337 est
266 3317 274 3331 ,
286 3305 353 3344 quae
369 3291 534 3331 humilem
543 3292 753 3341 fiablwavit
768 3322 776 3337 2
786 3294 831 3340 d*
843 3294 1029 3345 stablimem
1043 3297 1258 3339 humiliavit
1273 3301 1292 3338 ?
1305 3301 1434 3338 Ezech.
1449 3312 1510 3346 23.
1527 3302 1588 3337 26.
1639 3300 1699 3344 (c)
1723 3297 1775 3344 L,
1788 3307 1823 3344 5·
1838 3305 1884 3335 tt·

88 3355 117 3381 ι.
137 3354 174 3390 p.
206 3354 235 3381 1.
