2132 3730
458 261 1432 308 SYMBOLAPOLJTJCA.
1777 283 1861 322 243

60 352 147 400 bat,
178 346 395 388 remittebat
409 347 559 395 omnia,
589 350 654 399 qui
676 345 752 388 una
777 359 864 388 cum
884 349 994 402 Rege
1019 349 1152 402 postea
1177 351 1322 391 occisus
1345 351 1430 391 suit.
1490 350 1638 404 Regem
1665 350 1860 393 Sanffluin

56 409 275 451 Lufitanum
297 405 438 458 Regno
465 416 626 446 exutum
644 408 824 459 legimus,
856 408 963 460 qubd
982 411 1019 449 in
1041 421 1090 448 eo
1119 409 1266 461 Regina
1282 410 1431 462 potius,
1463 411 1601 462 aliique
1627 410 1757 451 famuli
1788 413 1859 451 ob-

55 469 163 509 scuro
187 467 276 505 loco
291 466 370 505 nati
390 467 634 517 imperarent.
694 466 801 508 Idem
819 468 918 521 Regi
942 468 1116 509 Henrico
1144 468 1213 508 IV.
1241 471 1401 518 accidit,
1431 470 1519 521 quia
1545 472 1583 511 in
1606 473 1769 524 negotiis
1798 485 1864 510 cu·-

53 525 176 568 randis
205 535 283 564 tam
303 534 384 565 erat
399 526 616 578 negligens,
647 537 690 566 ut
711 528 924 568 eorundem
947 527 1217 580 expeditiones
1242 529 1263 569 ὲ
1287 528 1471 570 Ministris
1503 531 1607 571 datas
1623 564 1632 575 .
1664 544 1777 572 manu
1799 530 1864 571 sua

52 585 299 626 subscriberet
322 583 437 635 ante,
467 585 580 637 qu‘am
603 597 667 626 eas
696 587 862 641 legeret,
894 598 958 627 aut
974 589 1083 629 sciret
1099 589 1234 636 etiam,
1265 589 1357 641 quid
1374 591 1411 628 in
1431 590 1474 628 iis
1493 593 1765 632 contineretur.
1804 592 1865 631 In«

53 644 270 685 commodis
293 645 473 684 omnibus
490 645 565 686 sese
586 645 769 700 Princeps
787 648 940 699 objicit,
971 649 1034 699 qui
1063 648 1141 687 fine
1162 650 1357 697 examine,
1389 648 1467 688 fine
1493 650 1799 692 consideratione
1824 651 1863 692 id

49 704 170 745 solum
197 706 422 757 exequitur,
452 706 559 757 quod
584 705 753 748 statuunt
779 710 861 757 alii,
890 709 928 746 in
951 707 1032 759 ipso
1062 710 1163 747 enim
1187 718 1368 760 tanquam
1388 710 1427 748 in
1452 710 1557 748 molli
1583 707 1669 749 cei-a
1701 713 1863 763 quilibet

51 766 260 817 imprimit,
293 764 480 817 quidquid
505 766 704 807 desiderat.
765 767 821 807 Ita
840 766 984 807 factum
1003 766 1167 807 Claudio
1195 769 1444 820 imperatori,
1476 767 1549 822 (a)
1580 772 1633 809 cui
1659 784 1722 809 non
1738 771 1866 825 jndici—

45 837 123 874 um,
141 837 206 865 aaa
230 823 338 864 odium
356 833 460 873 erat,·
489 827 554 878 nist
569 826 701 877 indita,
726 826 777 872 &³
789 829 833 882 ju
857 825 892 866 a.
952 826 1071 878 Ipsius
1098 827 1302 879 Principis,
1330 841 1410 867 non
1440 828 1705 869 Ministrorum
1730 832 1865 871 hume-

46 886 95 926 ris
120 884 231 925 Deus
259 884 517 936 Principatum
549 885 622 941 (b)
652 887 853 939 imposuit3
883 885 923 925 id
954 885 1062 938 quod
1087 887 1189 926 haud
1225 886 1386 928 obscure
1410 887 1512 927 Sauli
1545 889 1712 928 indicare
1739 893 1864 930 voluit

48 944 227 993 Samuel,
259 944 414 996 quando
450 945 567 986 uncto
584 948 622 988 in
652 947 800 1000 Regem
818 944 990 986 instruxit
1022 949 1268 997 convivium,
1299 949 1336 987 &
1369 947 1418 988 de
1434 946 1611 989 industria
1642 962 1787 989 armum
1815 962 1865 991 ex

50 1016 149 1058 agno
165 1004 353 1056 reliquum
372 1001 437 1060 (c)
468 1008 652 1058 porrexit.
714 1008 896 1046 Attamen
931 1018 1010 1046 non
1034 1009 1151 1047 velim
1174 1008 1390 1060 Principem
1417 1007 1577 1048 Cainelo
1605 1008 1680 1049 effe
1705 1008 1866 1052 similem

51 1066 115 1116 qui
134 1064 239 1104 coece
261 1066 368 1105 oneri
394 1065 432 1105 se
454 1067 640 1122 inclinat3
668 1064 732 1106 sed
753 1078 853 1118 opus
877 1063 952 1116 est,
981 1076 1026 1106 ut
1055 1068 1236 1107 humeros
1264 1068 1404 1107 habeat
1437 1070 1635 1118 oculatos,
1667 1069 1762 1110 sicut
1787 1072 1865 1110 ani·

48 1126 160 1164 maiia
191 1126 249 1164 illa
266 1127 304 1165 in
325 1125 475 1165 visione
496 1125 738 1174 Ezechielis;
766 1136 808 1165 ut
828 1126 1006 1176 videant,
1039 1126 1075 1166 &
1105 1127 1242 1176 sciant,
1274 1129 1365 1180 quid
1389 1129 1428 1168 in
1457 1128 1495 1167 se
1521 1127 1613 1183 (d)
1644 1128 1859 1181 suscipiant.

51 1184 215 1224 Currum
238 1185 457 1238 &aurigam
493 1185 634 1226 Israelis
659 1185 781 1226 Eliam
811 1186 980 1226 vocabat
1011 1186 1079 1240 (e)
1110 1186 1275 1236 Eliseus,
1307 1186 1412 1240 quod
1443 1200 1540 1228 onus
1574 1189 1860 1242 gubernationis

46 1244 267 1294 sustineret,
300 1257 343 1285 ac
364 1255 525 1298 regeret.
589 1240 772 1299 Principis
805 1258 949 1286 nomen
975 1245 1078 1286 haud
1106 1257 1298 1295 meretur,
1329 1249 1498 1300 quisquis
1519 1259 1590 1299 pei·
1622 1249 1782 1300 seipsum
1806 1250 1865 1300 ju-

48 1304 141 1343 bere
165 1304 304 1353 nescit,
333 1315 399 1344 aut
415 1306 699 1352 contradicere3
730 1307 828 1345 utin
851 1305 1012 1345 Vitellio
1032 1306 1168 1346 videre
1193 1308 1324 1357 licuit,
1356 1310 1420 1359 qui
1452 1321 1555 1360 neque
1586 1306 1673 1362 (f)
1694 1309 1860 1361 jubendi,

46 1376 151 1417 neque
171 1363 311 1402 vitandi·
324 1371 466 1414 potens,
495 1377 560 1402 non
573 1366 651 1417 jam
676 1365 903 1415 Imperatori,
930 1362 989 1413 fied
1007 1373 1145 1405 tantum
1165 1366 1238 1406 belli
1263 1364 1363 1417 causa
1386 1375 1479 1412 erat,
1541 1368 1670 1420 Quam
1702 1369 1755 1407 ob
1784 1381 1867 1410 rem

0 1427 12 1441 ”
45 1435 127 1464 non
149 1421 261 1462 solius
290 1422 423 1463 indicis
454 1423 621 1464 officium
641 1424 679 1462 in
712 1423 884 1475 regendo
919 1424 1127 1476 horologio
1144 1426 1252 1465 obire
1271 1426 1389 1466 debet
1409 1427 1612 1478 Princeps,
1643 1427 1866 1480 sedinquie-

0 1491 3 1503 ³
50 1484 98 1522 tis
120 1484 256 1532 etiam,
285 1495 369 1534 quae
392 1482 603 1523 mensuram
626 1482 866 1536 modumque
893 1482 957 1523 dat
972 1486 1182 1525 rotularum
1198 1487 1343 1536 motui,
1373 1486 1419 1526 ab
1445 1488 1512 1526 illo
1532 1486 1717 1539 siquidem
1737 1497 1866 1529 totum

49 1544 293 1596 negotiorum
317 1542 513 1595 dependet
530 1542 749 1584 artificium.

198 1601 346 1653 Neque
374 1613 502 1641 tamen
524 1603 615 1642 illud
640 1615 743 1642 nunc
764 1602 989 1652 contendo,
1019 1612 1063 1642 ut
1088 1602 1259 1656 Princeps
1291 1603 1493 1656 Praetoris,
1533 1604 1769 1655 Consiliarii,
1800 1616 1866 1647 aut

46 1663 214 1703 Praefidis
225 1670 348 1714 partes
349 1661 521 1718 sustineat
539 1675 549 1700 :
578 1653 689 1717 nzajus
711 1662 844 1716 aliquid
869 1661 920 1706 ὣς)
940 1662 1093 1715 excelsius
1111 1664 1158 1701 ab
1177 1676 1226 1702 eo
1236 1663 1448 1719 postulatur.
1510 1664 1549 1705 Si
1582 1667 1629 1705 ad
1652 1669 1779 1706 omnia
1810 1669 1865 1706 in·

48 1723 209 1763 tendere
241 1723 360 1762 vellet
383 1724 576 1770 animum,
606 1735 678 1773 pro
703 1723 818 1762 rebus
850 1721 1000 1772 majoris
1028 1725 1214 1763 momenti
1243 1734 1396 1775 teinpus
1427 1725 1478 1764 illi
1517 1737 1597 1764 non
1626 1724 1866 1778 suppeteret,

49 1782 141 1835 Iflfi
161 1782 239 1822 debe
256 1784 368 1823 hever
391 1782 416 1834 ζ
428 1782 546 1822 Verba
560 1783 645 1821 sunt
666 1780 855 1834 Alphonsi
878 1780 1030 1835 Regis>
1064 1781 1168 1822 Omes
1186 1780 1384 1834 sabidores,
1414 1798 1432 1823 e
1464 1784 1675 1834 entendidos,
1706 1788 1720 1825 i
1746 1786 1864 1836 leales,

48 1858 66 1884 e
90 1842 323 1893 verdaderossr,
353 1856 417 1896 que
438 1842 466 1881 le
484 1841 636 1895 ayuden,
666 1855 683 1881 e
705 1843 733 1881 Ie
743 1842 873 1894 firt‘an
895 1840 934 1880 de
948 1838 1045 1890 feche
1069 1855 1109 1880 en
1136 1847 1287 1896 aquellas
1302 1841 1410 1894 casas,
1442 1858 1506 1897 que
1514 1842 1574 1895 san
1593 1845 1752 1900 nzenester
1767 1853 1867 1897 para

38 1901 105 1956 fid)
131 1899 283 1954 ConsejO,
314 1917 331 1943 e
347 1910 446 1954 para
453 1899 570 1952 fazer
579 1899 741 1954 justicia,
770 1915 788 1940 e
807 1901 942 1940 derecho
967 1902 990 1939 a
1012 1900 1046 1939 la
1066 1909 1186 1952 gente,-
1217 1915 1257 1940 ca
1277 1903 1307 1941 el
1325 1901 1391 1953 stilo
1412 1916 1452 1941 no
1466 1903 1594 1954 podria
1619 1918 1707 1953 ver,
1736 1908 1795 1945 nin
1820 1906 1864 1944 le„

48 1964 137 2003 brar
162 1961 260 2002 todas
281 1963 333 2001 Ias
349 1959 456 2011 costis,
478 1970 611 2013 porque
627 1962 675 2000 ha
691 1959 929 2014 menesterpor
941 1956 1078 2009 fuerza
1102 1960 1216 2013 ayuda
1235 1960 1275 2000 de
1300 1968 1412 2011 atros,
1442 1975 1482 2001 en
1497 1961 1641 2015 quienste
1656 1962 1716 2016 fie.
1756 1965 1865 2004 Viros

52 2026 170 2076 itaque
193 2020 340 2067 haheat,
369 2017 484 2073 neceffi’
508 2017 579 2073 cst,
609 2027 680 2059 tam
697 2022 832 2071 peritos
865 2031 983 2058 rerum
1010 2027 1114 2072 atque
1127 2017 1298 2072 sapientes
1311 2051 1324 2070 ,
1354 2034 1457 2074 quam
1481 2019 1574 2074 fidos
1589 2054 1602 2071 ,
1633 2037 1673 2062 ac
1691 2024 1863 2076 finceros,

49 2094 192 2136 quorum
207 2079 257 2125 ἐξ)
273 2080 415 2133 connisa,
444 2092 515 2119 cum
531 2088 611 2131 opm
625 2076 769 2130 fuerit,
799 2078 850 2124 &³
867 2077 967 2130 querci
982 2076 1102 2131 adjus
1125 2078 1316 2128 dicendum,
1346 2079 1717 2136 administrandanique
1730 2082 1866 2136 justiti-

49 2156 105 2182 aaz
124 2149 260 2180 watur.
319 2141 443 2194 Neque
459 2136 640 2189 eninzsblus
656 2136 718 2191 sze
740 2139 859 2180 videre
867 2135 960 2188 satis
976 2151 1016 2176 ac
1032 2138 1243 2191 perpendere
1266 2143 1375 2180 omnia
1384 2137 1522 2192 persese
1539 2142 1694 2191 valeret,
1726 2157 1795 2196 qua
1823 2142 1865 2183 de

46 2199 147 2252 cariffi
167 2201 306 2240 aliorum
326 2231 338 2250 ,
368 2199 490 2254 quillus
499 2196 613 2252 sidere
630 2199 704 2238 tuto*
715 2199 843 2253 pcfft,
872 2198 995 2236 auxilio
1010 2208 1090 2249 opus
1104 2199 1220 2239 habet.
1284 2196 1352 2255 (g)
1383 2199 1501 2251 Ipsius
1520 2198 1575 2240 est
1591 2200 1773 2242 Ministris
1794 2205 1864 2253 uti,

50 2263 159 2302 velut
175 2259 409 2312 gubernandi
427 2257 702 2308 instrumentis,
732 2270 878 2310 eosque
897 2259 1046 2310 operari
1066 2258 1186 2298 sinere
1194 2269 1208 2309 3
1238 2258 1289 2298 sic
1309 2271 1436 2300 tamen
1453 2271 1495 2299 ut
1515 2261 1686 2301 attendat
1718 2261 1766 2301 ad
1798 2274 1864 2312 ea,

51 2334 138 2373 quae
167 2330 302 2374 agunt,
335 2332 421 2361 cum
441 2317 653 2358 direetione
687 2319 811 2370 aliqua
838 2319 1031 2369 superiore
1061 2320 1185 2370 magis
1212 2320 1390 2360 minusve
1421 2321 1667 2371 immediata,
1698 2331 1763 2361 aut
1788 2322 1865 2362 affi-

49 2381 193 2429 stente,
225 2389 343 2432 prout
357 2379 603 2432 negotiorum
615 2379 710 2418 ratio
733 2377 995 2431 postulaverit.
1059 2379 1159 2431 Quae
1173 2377 1438 2419 Ministrorum
1466 2380 1551 2420 sunt
1583 2383 1759 2434 propria,
1792 2382 1861 2433 ipsi

50 2440 218 2481 Ministri
236 2450 431 2493 peragant.
492 2440 590 2492 Quae
618 2438 664 2479 ad
680 2439 862 2491 Principis
894 2439 1088 2489 pertinent
1110 2439 1297 2486 officium,
1329 2438 1378 2479 de
1406 2440 1449 2478 iis
1472 2440 1571 2480 solus
1595 2441 1776 2493 Princeps
1793 2441 1864 2481 sta-

53 2511 149 2544 tuat.
207 2499 263 2541 Ea
285 2499 333 2539 de
351 2499 459 2540 causa
473 2498 651 2538 Tiberius
683 2495 754 2555 (h)
785 2498 949 2538 Senatum
962 2506 1029 2548 per
1052 2498 1172 2539 literas
1203 2497 1413 2551 castigabat,
1443 2499 1534 2552 quod
1555 2502 1677 2541 cunfi‘a
1696 2514 1863 2541 curarum

51 2560 104 2602 aar
112 2557 149 2610 se
163 2560 351 2613 rejicerent.
410 2559 522 2599 Curae
546 2558 728 2610 Principis
745 2560 939 2612 graviores
958 2559 1100 2597 turbari
1119 2571 1200 2598 non
1220 2559 1366 2599 debent
1383 2560 1724 2599 consultationibus
1740 2561 1864 2600 Ievio‘¹

54 2621 180 2668 ribus,
210 2619 238 2658 si
256 2620 399 2671 absque
419 2617 628 2671 Majestatis
658 2619 810 2659 laesione
828 2618 849 2658 ὲ
871 2616 1051 2657 Ministro
1074 2630 1129 2657 eae
1159 2617 1285 2657 decidi
1317 2619 1466 2670 posfint.
1527 2619 1779 2671 Quapropter
1800 2617 1864 2674 (i)

53 2680 267 2733 Sanquinius
289 2680 470 2720 Maximus
492 2680 509 2718 ὲ
530 2675 764 2728 Confitlaribus
779 2680 900 2720 oravit
917 2676 1107 2727 Senatum,
1135 2690 1176 2716 ne
1202 2691 1306 2718 curas
1326 2678 1550 2729 Imperatoris
1567 2679 1758 2732 conqmfitis
1779 2682 1814 2720 in
1824 2694 1866 2719 u-

48 2749 117 2795 per
141 2738 388 2779 acerbitatibus
407 2746 589 2792 augerent:
607 2735 761 2791 sufficere
775 2737 876 2791 ipsum
884 2735 1081 2790 statuendis
1099 2737 1265 2777 remediis.
1327 2736 1449 2790 Qubd
1477 2737 1506 2777 fi
1539 2738 1720 2790 Princeps
1750 2739 1865 2781 semel

56 2798 235 2838 Ministro
257 2799 389 2847 alicui,
415 2799 493 2850 ejus
509 2797 719 2851 prudentiae
740 2799 778 2839 ἃ
801 2799 891 2838 fidei
912 2795 1099 2845 confisus,
1128 2797 1327 2850 negotium
1348 2797 1503 2848 aliquod
1529 2799 1780 2849 commiserit,
1803 2810 1863 2839 to-

0 2902 4 2917 ,
55 2867 140 2900 tum
164 2858 291 2900 eidem
306 2857 440 2911 postea
458 2858 705 2909 derelinquat.
767 2858 971 2911 Postquam
1001 2856 1113 2896 Deus
1131 2858 1326 2898 Adamum
1359 2859 1479 2897 totius
1502 2869 1610 2898 terrae
1645 2859 1862 2901 Dominum

922 2917 990 2970 Pp
1006 2930 1031 2969 p
1062 2929 1084 2955 2
1772 2933 1864 2960 con.

1527 2998 1611 3005 -ι

153 3037 209 3082 (a)
233 3036 349 3074 Tacit.
371 3036 432 3073 lib.
456 3051 491 3073 2.
510 3037 639 3073 Annal.
717 3038 777 3083 (b)
802 3039 927 3074 Fa-Hus
944 3034 991 3099 est
1014 3032 1350 3087 Princlpattesstcper
1372 3031 1554 3072 humerum
1576 3037 1660 3082 ejus.
1687 3035 1747 3070 Isa.
1768 3046 1804 3078 9.
1828 3040 1865 3072 6.

57 3085 114 3130 (0)
139 3091 302 3126 levavit
315 3099 436 3126 autem
457 3102 549 3125 cocus
574 3103 730 3135 armum,
756 3088 802 3132 όν
813 3090 926 3142 positit
942 3099 1028 3125 ante
1045 3088 1132 3124 Saul
1140 3099 1151 3120 -·
1176 3085 1343 3139 dixitque
1355 3087 1508 3128 Samuel,
1532 3101 1603 3124 ecce
1646 3085 1713 3122 uod
1726 3099 1865 3124 reman-

0 3138 9 3143 “
49 3133 121 3184 fit,
138 3149 224 3189 pone
241 3152 327 3179 ante
344 3151 398 3187 te,
426 3140 472 3184 &-
491 3141 622 3179 comede
637 3157 648 3179 .·
667 3136 759 3193 xquia
772 3141 814 3179 de
836 3141 1012 3195 industria
1021 3140 1209 3188 lbrvatum
1223 3137 1345 3191 esttibi
1353 3167 1362 3181 2
1389 3140 1525 3193 quando
1534 3150 1622 3192 popu
1636 3152 1694 3175 um
1717 3142 1862 3176 vocavi·

0 3184 12 3206 ζ’
71 3189 207 3240 1.Reg.
237 3207 275 3238 9,
301 3209 364 3244 24.
453 3196 513 3243 (d)
550 3200 597 3232 Et
621 3193 720 3240 dorfiz
753 3208 867 3232 eorum
898 3195 1006 3248 plena
1049 3203 1154 3230 crant
1186 3192 1299 3229 oculis.
1350 3194 1478 3231 Ezech.
1521 3206 1551 3230 1.
1581 3198 1636 3232 18.
1715 3194 1772 3238 (e)
1798 3191 1868 3229 Eli-

50 3237 131 3285 stus
146 3253 265 3281 autem
290 3244 439 3285 videbat
456 3274 465 3288 ‚
497 3246 542 3290 όν
559 3244 759 3284 clamabat.-
785 3252 893 3286 Pater
906 3250 957 3285 mi
971 3275 980 3289 ‚
1008 3253 1116 3284 Pater
1129 3246 1196 3286 mi,
1221 3258 1342 3282 currus
1359 3244 1471 3292 Israel
1478 3273 1487 3285 ‚
1513 3243 1559 3287 d„
1577 3244 1705 3301 auriga
1719 3244 1800 3291 eius.
1826 3258 1867 3292 4.

0 3291 13 3311 ⁴⁶
63 3292 159 3348 Reg.
177 3308 211 3351 ²:
244 3309 300 3334 12-
355 3299 427 3348 (f)
455 3301 542 3337 Tac.
572 3299 634 3338 lib.
660 3313 692 3348 3.
720 3300 849 3339 Annal.
903 3305 965 3352 (g)
990 3301 1070 3340 Lab.
1094 3313 1126 3348 3.
1150 3309 1194 3338 tt.
1223 3310 1307 3349 1.p.
1327 3313 1363 3340 2.
1418 3301 1478 3345 (h)
1500 3296 1659 3336 Tac.1ib.
1680 3309 1712 3345 3.
1734 3298 1866 3338 Annal.

0 3342 12 3366 ἵ·
62 3346 119 3392 (1)
144 3346 233 3386 Ibid.
251 3348 312 3389 lib.
329 3356 362 3389 6.
379 3353 508 3393 Annal-
