2132 3730
541 185 1511 234 SYMBOLAPOLITICA.
1839 202 1918 247 125

130 274 387 327 temporibus,
417 282 506 312 curn
530 272 569 311 in
587 272 752 311 maxima
771 282 898 310 rerum
926 274 1138 312 calamitate
1165 273 1203 312 ὅτ,
1221 277 1381 325 penuria
1406 275 1562 316 Senatui
1587 275 1768 317 Romano
1787 286 1929 329 paterae

129 333 300 387 quaedam
321 342 442 370 aureae
460 332 585 384 magni
602 331 714 384 pretii
744 330 973 370 offerrentur
989 363 1000 380 ‚
1031 331 1106 385 (a)
1127 343 1202 371 una
1219 334 1307 372 vice
1329 335 1449 386 legatis
1465 337 1596 389 gratiae
1617 337 1706 378 ‹1153ae
1714 345 1784 389 pro
1800 341 1928 389 magni-

125 392 260 446 ficentia
275 421 286 439 ‚
315 403 465 444 curaque
491 405 503 438 ;
523 399 654 443 patera
667 419 680 439 ‚
709 390 958 443 qaaeponderis
973 393 1099 432 minimi
1109 388 1212 442 fuit,
1224 401 1391 444 acctPta,·
1421 394 1460 435 &
1475 397 1546 436 alia
1563 397 1673 447 vice,
1691 396 1835 438 rursum
1842 409 1928 449 gra·

126 456 180 494 tia
194 451 301 499 αὲῗα,
328 463 455 490 aarum
470 463 534 491 non
553 457 734 501 acceptum.

290 527 327 578 ς.
358 526 577 568 Auctoritas
593 527 632 567 &
649 525 875 567 existimatio
897 526 1080 578 Principis
1097 526 1210 565 variis
1227 535 1278 566 ex
1289 527 1411 569 causis
1427 529 1600 570 nascitur.
1631 534 1725 573 Aliae
1739 530 1787 573 ad
1799 530 1930 585 perso·

125 584 210 628 nam
223 587 338 638 ipsius
355 590 548 639 pertinent
567 615 581 638 ,
597 588 675 627 aliae
685 587 732 627 ad
742 587 821 638 ejus
830 586 979 630 statum.
1015 586 1114 638 Quae
1139 585 1187 624 ad
1206 587 1406 637 personam
1435 592 1628 642 pertinent
1645 623 1657 641 ‚
1671 603 1734 632 aut
1753 593 1931 645 corporis

124 646 208 686 sunt
224 656 287 685 aut
297 648 425 693 animi.
487 646 734 700 Corporisssi
744 645 832 698 apte
843 643 1128 686 conformatum
1146 645 1238 685 illud
1247 645 1314 697 fit,
1328 647 1366 688 &
1378 649 1619 702 dispositum..
1633 661 1676 691 ut
1687 650 1736 691 M
1740 651 1934 703 ajestatem

120 705 298 746 sustinere
308 707 433 747 valeat
443 719 455 754 ς
466 708 536 748 etii
551 706 595 747 N
597 717 713 747 aturae
729 705 904 746 defectus
916 707 1028 745 animi
1046 706 1208 744 virtutes
1224 707 1414 748 interdum
1430 709 1605 761 supplere
1621 710 1776 751 soleant.
1808 711 1930 751 Erant

120 765 171 805 illi
191 765 278 806 sane
295 777 375 807 non
402 769 529 820 exigui
547 769 586 807 in
605 767 747 807 Carolo
773 766 982 806 Emanuale
1011 764 1209 804 Sabaudiae
1230 765 1346 807 Duce
1363 780 1376 815 3
1405 767 1603 809 excelsitas
1621 778 1748 809 tamen
1768 771 1932 811 animi&

121 826 344 878 magnitudo
360 857 372 876 ,
402 829 541 880 ingenii
569 827 776 876 vivacitas,
805 825 974 878 aptissimi
994 835 1067 876 pro
1086 824 1169 864 aula
1190 834 1319 866 mores
1335 858 1347 876 ,
1378 827 1416 868 δι
1432 829 1624 869 urbanitas
1642 860 1654 879 ‚
1684 828 1815 881 suspici
1840 841 1932 871 eum

119 884 327 931 faciebant.
388 886 528 927 Motus
539 888 670 939 aliquis
683 885 884 927 severus&
899 886 1023 937 gravis
1041 884 1080 923 in
1099 883 1206 925 causa
1227 884 1304 935 est,
1334 897 1376 927 ut
1394 900 1466 940 pro
1486 888 1662 941 Principe
1678 889 1866 929 habeatur
1885 892 1931 939 is,

116 947 183 997 qui
201 947 345 998 absque
362 958 412 986 eo
428 947 575 1000 spretus
593 945 719 987 fuiss'et
734 946 782 986 ab
805 946 981 986 omnibus
1001 956 1015 993 ‚·
1044 945 1106 983 cui
1130 955 1257 985 tamen
1279 945 1332 987 fic
1363 947 1521 989 miscere
1543 958 1701 1001 oportet
1719 950 1934 989 humanita-

117 1014 198 1045 tem
218 1035 230 1054 ‚
261 1016 303 1046 ut
324 1007 495 1047 servetur
520 1005 723 1047 auctoritas
739 1036 752 1056 ‚
782 1017 862 1045 non
879 1015 923 1045 ut
938 1006 1152 1045 incurratur
1168 1005 1207 1043 in
1231 1006 1379 1056 odium,
1393 1019 1459 1048 aut
1477 1011 1699 1060 arrogantiae
1720 1019 1815 1050 nota
1834 1019 1930 1049 con·

118 1066 288 1105 trahatur
304 1096 317 1115 ,
347 1078 426 1119 quo
453 1069 610 1107 nomine
626 1065 647 1106 ὲ
660 1064 798 1106 Tacito
815 1063 1052 1106 collaudatur
1076 1062 1151 1118 (b)
1169 1065 1397 1107 Germanicus
1409 1099 1420 1116 ,
1445 1070 1506 1122 qui
1523 1071 1564 1109 vi
1575 1083 1599 1108 u
1615 1066 1667 1113 &³
1686 1068 1810 1109 auditu
1818 1071 1935 1125 juxta

119 1124 345 1176 venerabilis,
366 1138 440 1166 cum
456 1125 712 1179 magnitudinem
730 1125 782 1171 ἐξ)
800 1128 1018 1178 gravitatem
1026 1122 1166 1175 summae
1173 1123 1336 1176 fortuma
1353 1130 1541 1177 retineret,
1559 1132 1801 1181 arrogantiam
1817 1128 1935 1174 &in-

118 1183 250 1225 vidium
264 1183 444 1238 effligerat.
502 1187 565 1226 Ad
584 1187 667 1226 haec
697 1187 863 1238 pretium
892 1195 1049 1237 quoque
1070 1183 1108 1223 δι
1130 1185 1309 1236 splendor
1335 1186 1498 1228 vestium
1522 1188 1814 1229 admirationem
1834 1190 1936 1240 pari-

117 1255 187 1283 unt
207 1245 309 1296 apud
327 1248 420 1285 alios
436 1275 449 1293 ‚
479 1246 516 1284 δε
529 1245 796 1285 auctoritatem
818 1246 1024 1285 conciliant
1042 1256 1052 1284 :
1085 1242 1196 1295 plebs
1221 1246 1323 1287 enirn
1342 1247 1399 1287 his
1415 1247 1671 1288 exterioribus
1699 1250 1867 1301 capitur,
1891 1248 1934 1289 δε

118 1316 187 1343 cor
203 1305 411 1344 humanum
432 1306 567 1344 oculos
587 1316 668 1344 non
693 1303 817 1343 minus
835 1331 848 1352 ,
876 1316 992 1356 quam
1025 1302 1315 1357 intelligentiam
1341 1305 1380 1346 in
1416 1308 1616 1348 confilium
1646 1308 1833 1356 adhibet;
1863 1308 1891 1360 C
1891 1304 1937 1364 c)

116 1375 235 1416 quare
252 1365 401 1415 optime
431 1363 526 1402 dixit
545 1364 634 1403 Rex
652 1363 873 1415 Alphonsus
898 1362 1057 1415 Sapiens
1077 1393 1089 1410 ‚
1127 1377 1193 1417 que
1211 1364 1265 1403 las
1286 1364 1491 1417 vastidio-as
1514 1365 1631 1418 fazen
1653 1369 1768 1409 macho
1793 1379 1938 1408 conozer

115 1426 141 1464 ἁ
155 1424 202 1463 los
228 1424 432 1475 Homespor
446 1422 557 1462 nobles
575 1454 588 1473 ‚
615 1436 634 1463 o
647 1431 717 1475 por
742 1422 839 1463 viles.
898 1423 939 1463 E
956 1424 1003 1463 los
1029 1422 1153 1462 Sabios
1165 1428 1327 1477 antiquos
1343 1426 1548 1476 ablecieron,
1579 1440 1644 1479 qne
1674 1428 1723 1467 los
1749 1428 1865 1481 Rejyes
1878 1429 1938 1467 vi·

107 1480 242 1537 flieſjen
249 1486 362 1535 panos
382 1482 423 1522 de
432 1478 517 1534 seda
541 1496 602 1523 con
615 1495 674 1523 oro
689 1512 701 1531 ‚
729 1496 813 1523 econ
819 1479 965 1534 piedras
974 1480 1146 1534 preciosas
1161 1513 1173 1532 ,
1196 1492 1331 1537 parque
1357 1486 1406 1525 los
1425 1487 1557 1526 Homcs
1571 1487 1619 1527 Ios
1626 1487 1770 1540 puedan
1790 1484 1938 1539 conoscer

117 1543 207 1594 luego
224 1573 236 1592 ‚
266 1555 331 1596 que
361 1542 408 1582 los
441 1539 551 1593 vicfi'n
568 1543 591 1581 ὰ
613 1555 721 1583 menos
742 1542 781 1582 de
801 1551 1002 1595 preguntar
1012 1552 1084 1595 por
1100 1542 1187 1582 ellos.
1255 1543 1388 1599 Vestitu
1420 1544 1627 1587 nobilitatem
1653 1548 1831 1602 cujusvis,
1871 1554 1938 1587 ant

119 1600 352 1653 ignobilitatem
371 1605 514 1642 maxime
528 1601 673 1642 indicari
687 1615 700 1651 ,·
730 1601 911 1654 Sapienter
934 1604 1051 1655 itaque
1072 1602 1147 1642 olim
1169 1601 1348 1655 statutum
1358 1602 1441 1654 fuit
1462 1636 1475 1655 ,
1505 1614 1546 1645 ut
1565 1620 1663 1659 reges
1682 1603 1793 1658 serico
1807 1620 1938 1661 auro,

114 1664 316 1714 gernmisque
335 1664 467 1702 intexto
483 1660 719 1715 vestirentur,
747 1669 789 1701 ut
806 1660 963 1700 videlicet
987 1662 1033 1700 ab
1057 1661 1307 1711 occursantibus
1330 1663 1460 1716 absque
1478 1665 1548 1704 ulla
1561 1663 1785 1716 sciscitatione
1803 1663 1936 1719 agnosci

118 1722 200 1761 illico
206 1719 344 1774 poffint.
405 1721 493 1760 Rex
515 1719 694 1760 Affuerus
713 1718 935 1772 petentibus
957 1732 1066 1760 aures
1088 1720 1203 1759 dabat
1220 1751 1231 1769 ,
1262 1721 1402 1760 indutas
1423 1723 1576 1777 vestibus
1610 1727 1717 1778 regiis
1731 1754 1744 1774 ,
1782 1736 1937 1781 auroque

105 1779 270 1832 fulgens,
292 1779 344 1825 δι’)
360 1780 513 1833 pretiofis
537 1777 716 1831 lapidibus.
775 1778 868 1819 ideo
891 1779 1001 1819 Deus
1027 1781 1212 1831 praecepit
1236 1778 1400 1830 Moyfit
1432 1783 1617 1837 Faciesqne
1630 1783 1755 1839 vestem
1769 1785 1939 1826 Samma

117 1845 246 1882 Aaron
258 1838 384 1891 fratri
404 1847 461 1879 tao
477 1841 513 1878 in
536 1840 678 1890 gloriam
697 1869 710 1887 ,
737 1837 789 1882 &³
805 1838 962 1878 decorem.
1038 1837 1091 1877 Et
1114 1838 1209 1878 fecit
1224 1850 1308 1878 eam
1342 1851 1392 1880 ex
1416 1853 1586 1894 purpura
1602 1853 1696 1882 auro
1713 1845 1938 1895 intertexta,

116 1901 275 1950 aliisque
294 1900 449 1938 maximi
464 1898 577 1948 pretii
594 1897 709 1934 rebus
731 1893 804 1949 (d)
830 1906 1014 1935 exornata
1029 1926 1042 1946 ,
1073 1908 1148 1947 qua
1169 1896 1224 1937 usi
1255 1898 1340 1937 sunt
1361 1899 1496 1950 postea
1527 1900 1757 1943 sueceffores
1774 1931 1787 1951 ‚
1818 1904 1933 1944 uti&

115 1961 328 1997 etiamnum
358 1954 504 1995 faciunt
526 1953 660 1994 summi
684 1953 892 1994 Pontifices
913 1984 926 2003 ,
957 1954 1026 1994 etsi
1051 1955 1185 2006 mnjori
1221 1967 1309 1996 cum
1328 1958 1515 1999 modestia
1531 1962 1749 2014 minorique
1766 1963 1937 2016 sumptu.

114 2017 240 2070 Quod
253 2017 282 2057 fi
310 2014 492 2056 Pontifex
510 2014 589 2054 Dei
610 2014 808 2054 brachium
827 2013 921 2068 (e)
949 2013 1056 2055 estin
1076 2017 1183 2055 terris
1202 2046 1215 2064 ,
1247 2012 1273 2057 fi
1300 2021 1458 2059 tonitrui
1480 2018 1592 2059 instar
1610 2022 1784 2063 censuras
1805 2018 1936 2064 fulmi-

114 2087 210 2126 nat,
234 2088 387 2128 aequum
430 2076 590 2115 omnino
625 2073 679 2113 est
715 2070 740 2128 <
763 2073 950 2127 quidquid
971 2076 1171 2115 cavilletur
1194 2072 1375 2128 Impietas
1402 2076 1423 2134 )
1453 2088 1497 2119 ut
1517 2076 1614 2120 ficut
1640 2081 1751 2122 Deus
1775 2093 1934 2124 ornatur

113 2136 320 2189 splendore
347 2133 435 2189 (f)
463 2132 559 2174 lucis
582 2132 850 2187 (vestimento
866 2136 948 2175 coeli
964 2136 992 2188 J
1024 2137 1075 2175 ita
1096 2137 1174 2187 ipse
1201 2147 1359 2188 quoque
1377 2147 1526 2179 terrena
1548 2138 1730 2181 vestiatur
1752 2155 1899 2196 pompa
1913 2173 1930 2192 ,

114 2197 155 2237 δι
173 2195 338 2237 sublimis
361 2198 398 2236 in
420 2195 507 2234 sede
526 2193 547 2234 a
578 2195 869 2234 succollantibus
889 2192 965 2249 (g)
987 2195 1227 2248 deportetur.
1288 2195 1436 2238 Eadem
1452 2201 1549 2239 ratio
1565 2200 1604 2239 in
1617 2200 1856 2254 Principibus
1870 2205 1930 2244 10-

117 2268 208 2297 cum
235 2258 375 2305 habet,
407 2254 470 2307 qui
489 2254 567 2294 Dei
593 2255 719 2294 vicem
740 2265 778 2294 in
799 2256 1073 2308 temporalibus
1091 2254 1183 2309 (h)
1207 2256 1368 2301 obeunt.

269 2334 408 2387 Ampla
424 2336 516 2375 item
534 2333 572 2373 &
593 2332 808 2386 sumptuosa
823 2331 985 2382 Palatia,
1014 2331 1220 2388 magnifico
1240 2344 1378 2376 ornatu
1401 2337 1480 2393 (i)
1510 2334 1716 2381 instructa:
1747 2343 1931 2382 nobilitas

121 2394 160 2435 δε
178 2397 322 2449 claritas
338 2393 408 2451 (k)
441 2393 623 2441 familiae;
660 2390 841 2433 custodiae
863 2389 1081 2437 Nationum
1107 2406 1266 2445 quarum
1291 2395 1454 2438 fidelitas
1485 2402 1721 2453 exploratior
1748 2396 1820 2456 (l)
1849 2401 1929 2451 est,

121 2456 297 2507 splendor
318 2455 355 2494 &
374 2454 586 2506 amplitudo
605 2455 697 2493 aulae
712 2483 724 2503 ‚
757 2455 913 2505 aliaeque
928 2452 1203 2494 ostentationes
1218 2456 1405 2507 publicae,
1435 2459 1754 2502 existimationem
1774 2464 1931 2514 pariunt:

119 2516 304 2568 potentiae
323 2513 527 2566 Principis,
546 2513 583 2552 &
598 2513 838 2566 Majestatem
871 2513 1029 2557 addunt.
1058 2511 1242 2565 Ejusdem
1269 2519 1536 2559 excellentiam
1558 2520 1726 2562 indicant
1755 2521 1932 2562 illustrio-

120 2586 181 2614 res
218 2574 316 2614 tituli
346 2571 508 2614 statuum
536 2583 600 2613 aut
618 2572 814 2622 industria,
833 2583 897 2613 aut
919 2572 1141 2614 haereditate
1163 2576 1458 2628 acquisitorum,
1489 2582 1554 2630 qui
1571 2580 1697 2619 eidem
1724 2575 1847 2621 solent
1863 2583 1930 2621 tri—

121 2636 200 2675 bui.
264 2633 327 2673 Sic
341 2633 445 2676 Isaias
466 2635 627 2688 supremi
649 2646 774 2675 rerum
794 2635 967 2675 omnium
984 2633 1179 2674 effectoris
1194 2647 1239 2674 ac
1262 2637 1446 2690 Principis
1462 2637 1707 2691 Majestatem
1725 2643 1837 2683 variis
1858 2653 1931 2682 no-

1122 2693 1140 2732 Ῑ
1157 2694 1170 2734 ἰ
1817 2702 1942 2742 minia-

265 2882 327 2928 (ἢ)
349 2878 430 2920 Liv.
453 2883 475 2919 l.
495 2896 556 2920 221.
609 2926 611 2928 q
634 2883 694 2930 (b)
719 2883 834 2920 Tacit.
847 2882 907 2920 lib.
924 2896 959 2922 2.
985 2883 1116 2921 Annal.
1194 2885 1258 2930 (sc)
1288 2887 1328 2923 L.
1347 2897 1378 2931 5.
1398 2897 1442 2923 tt.
1459 2899 1538 2936 p·2.
1619 2888 1688 2935 (d)
1714 2885 1789 2941 Ipstz
1800 2900 1927 2940 quoque

120 2941 271 2971 textura
300 2933 346 2978 ἄν
368 2936 496 2987 σκηίῖιι
523 2934 630 2987 operis
662 2937 828 2972 varietas
847 2938 919 2973 erit
949 2951 995 2974 ex
1015 2944 1101 2974 auro
1116 2964 1125 2978 ‚
1149 2935 1196 2979 (y
1217 2942 1255 2974 H
1267 2936 1410 2979 mintho
1424 2938 1469 2982 όν
1485 2947 1654 2992 purpura.
1683 2941 1797 2977 Exod.
1816 2953 1876 2986 27.
1891 2948 1928 2982 8.

121 2987 213 3023 Esth.
232 3000 263 3022 c<-
294 3001 349 3032 15.
366 3001 401 3033 9.
430 2989 542 3025 Exod.
569 2996 630 3031 28·
648 2997 684 3026 2.
763 2993 781 3032 (
784 2990 821 3033 e)
837 2991 874 3025 Si
885 2983 990 3026 habes
1011 2987 1191 3027 brachium
1223 3004 1297 3031 tcut
1319 2997 1413 3028 Deus
1436 3019 1444 3032 ,
1470 2990 1560 3043 &fi
1574 3006 1657 3029 voce
1675 2990 1791 3041 simili
1810 3001 1925 3029 tonas.

122 3037 188 3087 Job
213 3051 244 3075 c.
268 3053 330 3087 40.
356 3055 392 3087 4.
444 3039 502 3085 (f)
527 3045 690 3077 Dee-orem
717 3039 861 3091 induisti
882 3058 894 3079 .·
920 3043 1074 3079 umidus
1095 3041 1225 3080 lumine
1231 3045 1327 3097 ficut
1349 3040 1565 3097 vestimento.
1585 3046 1672 3082 Psal.
1698 3056 1778 3090 103.
1800 3055 1835 3081 2.
1861 3045 1927 3091 (g)

126 3091 307 3129 circumda
333 3091 403 3130 tibi
423 3092 597 3134 decorem,
623 3092 669 3136 ό·
692 3095 731 3130 in
746 3091 893 3138 sitblime
913 3097 1063 3147 engere,
1091 3094 1136 3138 ἄν
1149 3093 1213 3147 esto
1221 3096 1411 3151 gloriosius
1436 3096 1638 3150 &speciosis
1663 3095 1806 3133 induere
1818 3094 1926 3145 vestis

126 3141 197 3179 bus·
222 3146 288 3192 J0b
309 3156 372 3193 40·
399 3158 430 3191 5·
487 3148 566 3194 (h)
589 3151 657 3198 Egv
681 3145 763 3182 dlxi
782 3159 797 3188 >¹
822 3149 885 3184 Dii
897 3146 976 3199 estis
992 3175 1000 3189 ,
1026 3147 1159 3199 &filii
1181 3150 1306 3202 exceffi
1317 3151 1579 3188 omnes-Psalm.
1600 3158 1632 3191 8.
1648 3161 1681 3185 1.
1699 3153 1735 3185 6.
1763 3147 1925 3196 (i)Ma-

117 3194 295 3247 gnificavi
321 3209 422 3250 opera
438 3212 517 3235 mea
532 3227 540 3240 ‚
568 3199 741 3249 ‘edificavi
757 3195 844 3235 mihi
858 3198 980 3236 domos.
1021 3201 1150 3239 Eccles.
1175 3217 1209 3243 2.
1227 3219 1263 3253 4.
1341 3206 1404 3252 (k)
1428 3208 1499 3241 Nec
1537 3203 1609 3238 erit
1627 3210 1712 3239 ante
1747 3198 1924 3255 ignobiles,

125 3250 234 3285 Prov.
253 3262 312 3290 22.
337 3263 396 3297 29.
459 3246 514 3302 (l)
537 3250 688 3304 Potestas
704 3251 749 3295 όν
763 3261 877 3288 terror
904 3254 1000 3307 apud
1011 3267 1099 3293 eum.
1140 3249 1209 3305 Job
1236 3269 1295 3303 25,
1314 3271 1347 3295 2e
