2132 3730
253 214 337 254 130
688 192 1036 237 DIDACI
1086 192 1622 239 SAAVEDRAE.

250 283 369 341 1101)
400 279 762 335 deprehenderetur.
823 275 920 315 Non
942 274 1067 314 fuiss'ec
1087 274 1230 316 fanum
1252 279 1419 328 prudens
1445 308 1455 326 ,
1486 279 1716 320 electionem
1742 282 1840 320 suam
1860 284 1894 319 in
1928 282 2052 322 discri-

247 358 339 385 men
359 346 525 394 objicere
537 369 548 386 ,
578 349 656 388 prae
679 335 716 374 se
731 333 761 374 F
762 334 908 374 erendo
917 336 1093 374 notitiam
1111 334 1240 374 sinistri
1257 338 1354 375 illius
1369 339 1564 389 popularis
1577 337 1720 388 judicii.
1782 341 1915 380 Nimia
1929 343 2052 380 viato-

247 407 296 444 ris
318 403 408 443 esset
427 401 561 440 levitas
577 426 588 444 ‚
619 394 648 435 si
675 395 722 434 ab
743 395 967 447 importuno
994 392 1222 435 locustarum
1240 394 1398 436 stridore
1415 409 1541 436 moras
1565 397 1633 437 sibi
1664 399 1702 438 in
1720 401 1853 440 itinere
1871 400 1970 451 injici
1988 412 2054 451 pa—

245 473 401 504 teretur.
461 456 523 497 Ex
543 466 697 495 rumore
719 455 824 508 vulgi
841 454 1005 494 statuere
1030 454 1216 493 vecordia
1232 454 1302 509 (h)
1319 455 1386 496 est.
1468 456 1623 497 Timere
1649 458 1752 498 illum
1773 489 1785 507 ,
1824 460 1862 499 ἃ
1880 472 1963 511 quae
1987 458 2056 498 sta-

245 534 328 563 tuta
348 522 429 560 sunt
447 517 585 564 semel,
609 527 816 564 revocare,
830 515 982 566 prorsus
1000 514 1209 567 indignum.
1273 515 1351 556 Vix
1372 527 1540 568 unquam
1552 516 1703 557 firmum
1719 517 1809 558 esset
1828 520 1947 559 ullum
1959 531 2050 557 con·

244 583 388 627 filiurn,
420 577 447 617 sl
463 577 484 617 a
504 577 623 628 vulgo
645 574 883 627 dependeret
904 604 917 624 ,
948 576 1012 626 qui
1028 575 1154 613 causas
1170 603 1182 623 ,
1213 585 1297 625 quae
1318 576 1537 628 impulerint
1557 577 1771 629 Principem
1789 609 1801 627 ,
1831 590 1964 618 omnes
1986 589 2054 630 pe-

243 650 392 682 netrare
411 650 492 678 non
512 635 664 689 potest,
695 646 824 686 neque
840 646 903 674 eas
921 635 1118 686 publicare
1138 634 1322 685 expedit:
1350 636 1427 675 hoc
1444 637 1546 676 enim
1573 636 1665 675 effet
1684 637 1819 689 sceptri
1851 639 2054 677 auctorita-

243 711 323 740 tem
341 698 393 738 illi
421 698 600 738 tribuere.
661 694 703 734 In
724 694 900 746 Principe
915 704 996 734 tota
1016 693 1154 746 Populi
1171 692 1340 745 potestas
1355 695 1422 734 fita
1440 695 1505 736 est.
1568 696 1753 749 Principis
1767 697 1821 736 est
1843 709 1965 750 agere,
1980 699 2051 738 Po-

240 761 323 813 puli
344 757 436 811 juffa
451 757 590 808 exequi
612 767 624 801 3
653 755 756 794 bona
784 756 936 794 interim
961 753 1038 793 fide
1061 754 1131 794 fibi
1152 752 1416 806 persuadendo
1434 784 1447 804 ,
1477 754 1583 796 recte
1609 768 1652 795 ac
1678 755 1775 807 juste
1802 758 1852 796 ita
1882 757 2051 808 praecipi.

242 819 312 874 (c)
341 819 399 868 Si,
421 818 479 858 ubi
488 816 677 873 jubeantur
700 846 711 863 ,
743 813 1041 868 quaererefingulis
1064 814 1163 855 liceat
1179 845 1190 862 ,
1212 821 1378 865 pereunte
1397 810 1540 868 obsequio
1558 847 1570 865 ,
1592 818 1696 856 etiam
1715 816 1897 868 Imperium
1915 817 2053 856 interciv

242 879 306 921 dit.
365 879 461 917 Tam
484 878 565 916 haec
582 877 755 928 ignorare
780 884 938 926 oportet
954 885 1042 913 eum
1059 904 1072 923 ,
1103 874 1168 926 qui
1190 883 1298 926 paret
1315 903 1328 922 ,
1358 884 1473 925 quam
1490 874 1580 913 scire
1600 874 1683 929 (d)
1713 877 1792 916 alia.
1861 875 2046 927 Principi-

243 941 316 979 bus
328 936 494 990 fimzmum
516 947 633 976 rerum
645 933 812 988 judicium
838 933 942 973 Deus
968 932 1059 973 dedit
1077 964 1090 983 ,
1119 934 1277 973 subditis
1306 930 1447 988 ohfiaequii
1459 933 1569 985 gloria
1595 935 1714 974 reliffa
1740 935 1766 989 ζ
1767 933 1807 991 e)
1841 934 1898 990 cst.
1959 933 2056 974 Illud

243 999 364 1039 solum
382 996 594 1050 postulatur
617 992 636 1032 a
663 993 838 1044 Principe
853 1023 866 1042 ‚
895 1001 938 1032 ut
962 993 1187 1046 obligationi
1212 993 1285 1033 suae
1318 994 1356 1033 in
1375 992 1578 1033 statuendo
1603 993 1912 1043 &decernendo
1941 994 2058 1035 faciat

240 1060 325 1100 satis
343 1068 357 1110 3
388 1056 494 1108 quod
517 1055 544 1094 fi
559 1052 690 1106 postea
715 1065 795 1092 non
816 1055 944 1092 omnia
966 1052 987 1092 ὲ
1006 1063 1104 1093 voto
1130 1053 1356 1102 succedant,
1385 1054 1513 1092 animo
1534 1064 1585 1092 ne
1607 1052 1744 1098 cadatt
1775 1054 1968 1095 satisenim
1986 1052 2056 1103 est,

241 1119 334 1159 nihil
359 1114 620 1169 imprudenter
648 1111 771 1166 egisse.
833 1111 955 1167 Quod
975 1114 1165 1164 optimum
1189 1114 1304 1152 etiam
1326 1112 1481 1152 videtur
1505 1112 1702 1153 confilium
1723 1143 1736 1161 ,
1767 1113 1958 1153 infirmum
1976 1111 2056 1162 est,

242 1178 281 1218 ἃ
301 1177 447 1217 casibus
478 1175 590 1214 variis
614 1174 842 1213 obnoxium.
931 1171 1025 1225 Quo
1051 1171 1285 1212 Monarchia
1318 1171 1373 1212 est
1397 1174 1557 1226 amplior
1578 1173 1627 1213 eo
1653 1175 1769 1226 magis
1799 1173 1973 1225 exposita
2001 1170 2057 1212 est

241 1238 448 1278 eventibus
463 1233 587 1275 minus
610 1233 800 1285 prosperis
817 1262 829 1281 ‚
862 1243 960 1284 quos
983 1241 1048 1272 aut
1068 1232 1172 1272 casus
1204 1234 1332 1273 secum
1357 1234 1471 1272 trahit
1491 1264 1502 1282 ,
1534 1243 1599 1272 aut
1624 1233 1811 1284 judicium
1845 1234 2056 1273 humanum

240 1308 460 1352 praecavere
480 1296 564 1335 satis
588 1293 691 1333 haud
704 1291 843 1345 potest.
906 1291 1076 1332 Grandia
1100 1304 1266 1344 corpora
1281 1293 1443 1344 grandes
1458 1292 1694 1332 infirmitates
1713 1294 1791 1345 pati
1811 1293 1942 1331 solent.
1977 1291 2053 1331 Ni·-

241 1358 271 1398 fi
286 1358 464 1408 Princeps
482 1355 635 1395 fortiter
653 1351 947 1402 constanterque
967 1354 1131 1405 negotiis
1155 1351 1339 1392 insisteret
1351 1381 1363 1401 ,
1395 1351 1576 1403 quicquid
1594 1352 1815 1391 obtrectent
1833 1354 1892 1391 alii
1909 1381 1922 1400 ,
1955 1350 2054 1391 infe-

239 1418 444 1458 liciffimam
468 1416 588 1454 vitam
611 1414 778 1455 viveret.
839 1410 879 1450 Si
905 1422 1030 1451 errare
1047 1424 1135 1451 eum
1155 1414 1379 1464 contingat,
1409 1416 1536 1450 animo
1554 1423 1654 1463 opus
1679 1411 1753 1461 est,
1784 1423 1834 1451 ne
1850 1420 1955 1450 metu
1966 1422 2053 1462 per-

240 1478 401 1517 cellatur
430 1506 442 1525 ,
473 1485 536 1514 aut
554 1475 593 1512 in
617 1470 818 1511 statuendo
844 1470 1028 1523 deinceps
1057 1471 1122 1511 fiat
1155 1483 1297 1523 anceps
1320 1471 1359 1511 δε
1388 1470 1543 1510 tardior.
1620 1471 1802 1523 Princeps
1830 1473 1894 1521 qui
1917 1472 2054 1510 leviter

242 1537 449 1590 suspicatur
465 1565 476 1584 ‚
508 1534 635 1573 omnia
655 1562 666 1581 ,
699 1543 783 1583 quae
803 1532 943 1582 egerit,
974 1532 1234 1582 improbatum
1253 1532 1296 1570 iri
1322 1531 1370 1569 ab
1390 1532 1468 1570 aliis
1488 1561 1498 1580 ,
1517 1531 1627 1570 nimis
1639 1532 1752 1570 etiam
1776 1532 1960 1582 potentiae
1980 1530 2054 1569 suae

240 1596 413 1636 coarctat
430 1595 567 1635 limites
594 1591 1008 1641 multisque'inanibus
1030 1590 1237 1630 Phantasiae
1260 1590 1449 1630 terroibus
1466 1591 1540 1630 sese
1556 1590 1690 1641 objicit
1706 1619 1718 1637 ,
1751 1590 1789 1630 id
1811 1588 1917 1643 quod
1933 1588 1953 1628 ὲ
1969 1601 2054 1641 ρεϊα

239 1656 412 1696 suasione
432 1653 595 1705 quadam
621 1650 778 1701 propria
805 1648 1057 1700 superstitiosa
1072 1679 1085 1698 ,
1116 1659 1180 1688 aut
1199 1651 1467 1689 melancholici
1483 1651 1654 1689 humoris
1670 1649 1875 1690 abundatia
1885 1649 2052 1702 plerum-

242 1727 319 1768 que
335 1714 509 1756 nascitur.
568 1709 699 1749 Isthaec
727 1708 975 1746 incommoda
993 1707 1127 1748 David
1162 1707 1355 1761 agnoviffe
1383 1709 1563 1758 videtur,
1593 1721 1681 1749 cum
1709 1709 1840 1750 Deum
1879 1720 2054 1760 precare-

240 1785 325 1825 tur,
354 1784 397 1815 ut
417 1775 572 1813 tolleret
597 1769 669 1808 ase
689 1768 923 1819 opprobria,
955 1779 1039 1819 quae
1073 1769 1151 1820 ipse
1177 1768 1246 1808 sibi
1279 1765 1365 1822 (f)
1393 1770 1680 1821 imaginabatur,
1742 1769 1963 1809 Constantia
1985 1770 2054 1807 ita.

241 1848 318 1888 que
338 1835 413 1874 sese
432 1841 550 1872 atmet
576 1829 757 1878 Princeps
770 1827 947 1866 adversus
965 1840 1219 1879 quoscunque
1235 1838 1423 1876 eventus,
1453 1829 1490 1868 δι
1508 1830 1613 1882 vulgi
1644 1830 1847 1881 opiniones
1869 1868 1872 1871 .
1905 1829 1942 1869 &
1974 1827 2056 1867 for-

241 1906 322 1937 tem
340 1895 376 1933 se
398 1891 570 1945 praestet,
602 1891 639 1927 in
669 1886 811 1925 tuenda
830 1886 976 1924 vera&
1001 1886 1120 1925 solida
1135 1886 1414 1925 existimatione
1439 1889 1610 1938 personae
1643 1889 1741 1937 suae,
1772 1889 1809 1928 ὃς
1836 1899 2053 1935 armorum,

250 1954 405 2007 quando
428 1953 486 1991 illa
507 1946 652 1993 amiffa3
684 1955 749 1983 aut
764 1945 930 1993 violata,
959 1944 1034 1983 una
1059 1944 1186 1984 secum
1207 1946 1408 1996 imperium
1431 1947 1470 1983 in
1488 1945 1686 1985 discrimen
1708 1948 1876 1989 adducit.
1939 1947 2054 1998 Opti-

240 2027 304 2055 me
325 2015 422 2053 hanc
443 2023 522 2050 rem
547 2006 733 2047 intellexit
757 2004 845 2042 Rex
875 2003 1136 2043 Ferdinandus
1164 2003 1237 2057 (g)
1264 2004 1506 2052 Catholicus‚
1539 2005 1694 2055 quando
1724 2008 1892 2045 monitus
1929 2005 1949 2044 a
1982 2007 2054 2044 suo

242 2077 358 2116 Patre
380 2073 487 2122 Rege
512 2069 658 2121 joanne
679 2064 860 2102 Secundo
876 2065 1093 2116 AragoniO,
1122 2073 1164 2103 ut
1181 2065 1367 2115 tempori,
1397 2064 1681 2113 necessitatique
1708 2064 1884 2113 cederet,
1914 2064 1951 2104 &
1975 2064 2054 2104 Co-

240 2146 375 2174 ronam
392 2142 497 2170 suam
519 2129 727 2168 collocaret
744 2125 782 2162 in
804 2131 890 2162 tuto
910 2152 922 2171 ,
951 2124 1191 2163 conciliando
1209 2124 1277 2163 sibi
1299 2125 1445 2162 animos
1465 2122 1704 2161 Marchionis
1722 2125 1894 2174 villeme,
1923 2124 1961 2164 &
1979 2125 2054 2164 Ar·

246 2191 494 2233 chi-Praefirlis
511 2185 710 2233 Toletani,
738 2182 931 2235 Alphonsi
955 2183 1099 2223 Carrilii
1116 2213 1129 2233 ,
1152 2182 1412 2224 honestissimis
1429 2183 1585 2234 quidem
1603 2182 1738 2222 mediis
1751 2183 1845 2223 illud
1865 2183 2052 2224 effectum

243 2253 333 2293 dare
352 2250 517 2296 studuit3
546 2246 675 2288 induci
696 2253 824 2283 tamen
838 2255 1033 2295 nunquam
1054 2246 1209 2296 potuit,
1237 2253 1280 2283 ut
1301 2242 1567 2283 auctoritatem
1584 2242 1686 2282 suam
1705 2245 1845 2296 regiam
1862 2243 2050 2283 Subdito-

243 2326 329 2353 rum
355 2310 476 2351 furori
502 2320 546 2348 ac
571 2304 766 2347 violentiae
792 2304 917 2342 minus
951 2303 1154 2353 decenter,
1186 2313 1251 2344 aut
1276 2303 1460 2351 indecore
1476 2332 1489 2350 ,
1523 2303 1739 2351 inclinaret,
1769 2305 1808 2342 in
1837 2304 1916 2343 hoc
1945 2304 2050 2343 enim

244 2375 330 2425 plus
361 2368 476 2411 inesse
506 2366 666 2421 periculi
693 2363 965 2415 augurabatur,
995 2363 1110 2416 quam
1133 2362 1313 2404 beneficii
1349 2365 1388 2403 in
1416 2374 1493 2412 eo,
1523 2362 1629 2414 quod
1652 2364 1899 2403 voluntatum
1925 2361 2048 2402 studia

245 2433 316 2473 sibi
332 2439 508 2484 pararet,
538 2426 641 2480 apud
674 2425 778 2463 alios.
836 2421 1032 2476 Tempus,
1063 2426 1233 2476 optimus
1251 2425 1384 2463 artium
1402 2421 1575 2477 magister
1599 2420 1679 2472 est,
1709 2422 1748 2462 δι
1770 2425 1844 2463 tale
1875 2421 1950 2462 effe
1974 2435 2049 2475 po-

246 2495 354 2543 terit,
384 2500 427 2530 ut
449 2488 619 2528 actiones
635 2484 796 2526 humiles
813 2482 987 2524 heroicas
1006 2484 1162 2535 efficiat,
1193 2485 1230 2525 &
1247 2481 1340 2536 ipsas
1356 2485 1470 2524 etiam
1490 2482 1743 2523 submilliones
1764 2494 1808 2522 ae
1830 2481 2050 2522 deditiones

246 2554 285 2592 in
304 2553 453 2591 alterius
478 2547 708 2601 potestatem
730 2542 946 2584 fortitudini
964 2544 1117 2584 tribuat.
1175 2544 1276 2585 Finis
1300 2543 1480 2584 honestus
1502 2557 1547 2583 ac
1567 2544 1688 2583 licitus
1713 2541 1786 2590 est,
1816 2544 1880 2594 qui
1899 2554 1962 2582 eas
1977 2554 2053 2581 no-

249 2613 383 2651 bilitat.
446 2609 604 2649 Vitellio
631 2604 702 2660 (h)
731 2603 887 2643 Tacitus
916 2604 1150 2656 exprobrat,
1179 2604 1286 2657 quod
1305 2599 1434 2654 semri
1454 2610 1646 2644 cantantem
1681 2602 1885 2642 Neronem
1915 2602 2052 2651 fuerit,

237 2670 375 2725 fiilitus,
392 2683 456 2710 non
470 2669 676 2724 neceffitate,
692 2677 762 2718 qua
772 2661 1006 2718 honestffmus
1020 2667 1182 2717 quisque,
1201 2662 1267 2716 fied
1279 2665 1360 2704 luxu
1380 2662 1561 2717 &sbgitza
1585 2665 1817 2714 mancipatus,
1843 2670 2048 2714 erimusque.

246 2731 345 2773 Non
367 2732 490 2771 minus
512 2727 697 2768 constanti
711 2726 840 2765 animo
856 2735 956 2776 opus
984 2723 1062 2773 est,
1094 2725 1141 2764 ad
1173 2724 1384 2778 parendum
1409 2724 1632 2770 necestitati,
1665 2722 1778 2775 quam
1805 2721 1852 2760 ad
1871 2723 1970 2760 illam
1993 2719 2050 2758 su·

246 2790 474 2844 perandam,
506 2789 544 2828 &
575 2787 681 2839 quod
709 2783 872 2837 abjectio
905 2784 1095 2824 interdum
1123 2794 1299 2837 putatur,
1334 2783 1372 2823 &
1401 2786 1545 2832 vilitas,
1575 2784 1733 2823 honoris
1771 2781 1824 2821 est
1860 2779 2046 2828 studium,

249 2849 403 2902 quando
419 2850 595 2889 nimirum
622 2848 669 2887 ad
689 2848 793 2887 hunc
816 2857 895 2884 non
914 2844 1166 2887 amittendum
1191 2853 1255 2885 aut
1274 2843 1378 2885 certe
1399 2845 1446 2886 ad
1472 2842 1796 2890 conservandum,
1811 2839 2048 2879 -disfimulan-

1989 2907 2051 2939 tur

355 3013 371 3054 (
375 3012 412 3052 a)
438 3010 535 3059 Qis
552 3006 597 3060 est
615 3007 675 3059 zste
692 3037 697 3049 ,
728 3011 788 3061 qui
806 3008 924 3046 dixit:
949 3007 1037 3044 Saul
1050 3020 1140 3043 nunc
1155 3003 1320 3057 regnabit
1326 3004 1428 3058 staper
1440 3020 1517 3043 nos:
1542 3011 1639 3042 Date
1660 3005 1764 3041 viros
1791 3001 1836 3045 ἄψ
1862 3002 2049 3052 ἱηῑεηῖσιέ-

249 3073 401 3101 muscos.
435 3073 466 3099 1.
483 3064 575 3109 Reg.
600 3073 612 3097 1
626 3073 655 3096 1.
683 3074 737 3097 12.
792 3064 833 3106 (b
844 3078 857 3105 )
884 3067 961 3097 Non
975 3072 1021 3097 ex
1039 3058 1418 3111 rumorestatuendum.
1445 3060 1532 3095 Tac.
1553 3058 1613 3094 lib.
1631 3071 1665 3104 3.
1681 3057 1810 3097 Annal,
1861 3059 1918 3101 (c)
1945 3057 2045 3091 Idem

251 3117 313 3152 lib.
342 3128 371 3151 1.
397 3113 486 3150 Hist.
552 3114 613 3157 (d)
646 3117 726 3149 Ἱῖιηι
747 3112 872 3158 nestire
890 3113 1061 3152 militem,
1086 3125 1192 3164 quam
1199 3109 1292 3157 stire
1307 3122 1447 3164 oportet.
1476 3113 1561 3147 Tac.
1583 3110 1643 3146 lib.
1665 3122 1695 3145 1.
1720 3108 1810 3145 Hist.
1889 3110 1947 3158 (e)
1980 3107 2052 3146 Tibi

241 3166 420 3215 stammam
440 3179 559 3202 rerum
567 3164 745 3212 judicium
762 3167 830 3202 Dei
845 3165 987 3210 dedere,
1012 3162 1106 3201 nobis
1118 3162 1265 3216 obfiquii
1272 3164 1392 3215 gloria
1408 3163 1535 3201 relida
1554 3161 1612 3214 est.
1639 3163 1739 3199 Idem
1763 3162 1825 3200 lib.
1851 3167 1885 3199 6.
1915 3163 2046 3199 Annal.

250 3220 317 3265 (f)
346 3224 503 3270 Amputa
527 3215 735 3270 qvprobrimn
757 3232 883 3257 meum,
909 3216 998 3270 quod
1007 3214 1200 3268 ficspicatus
1209 3216 1303 3264 stam.
1330 3218 1456 3256 Psalm.
1490 3223 1572 3257 118.
1603 3229 1659 3263 39.
1741 3218 1803 3265 (g)
1840 3217 1931 3252 Mar.
1957 3215 2048 3252 Hist:

252 3272 350 3321 Hisp.
374 3271 432 3306 lib.
458 3284 516 3315 29.
535 3284 563 3306 c.
585 3284 616 3314 9.
671 3274 729 3316 (h)
759 3272 840 3307 Tac.
871 3271 929 3307 lib.
954 3285 985 3307 2.
1004 3270 1090 3307 Hist-
