2132 3730
494 182 938 223 SYMBOLA
997 183 1472 223 ΡΟᾸΙΤῘΟΑ.
1783 188 1867 240 269

0 255 21 332 {fl
73 271 246 321 Regnum
275 265 348 317 (a)
368 266 590 315 colligantur
610 270 706 304 inter
724 266 782 311 se3
812 266 900 303 dum
924 266 1001 304 hoc
1017 277 1143 317 paret,
1174 268 1233 303 illc
1252 267 1434 316 imperat,
1465 263 1655 304 beneficio
1674 266 1775 315 quasi
1791 280 1872 305 mu-

72 340 141 367 tuo
159 353 171 375 -,
201 325 303 376 quod
335 325 382 362 ab
401 325 567 363 invicem
586 327 778 376 accipiunt
801 353 813 371 ‚
844 325 930 364 Rex
956 326 1110 376 quidem
1137 324 1376 375 splendorem
1397 326 1500 364 illum
1522 324 1558 364 &
1579 325 1789 376 imperandi
1805 337 1868 364 au-

74 382 284 426 ctoritatem
311 395 324 427 ς
355 384 531 435 Regnum
557 396 652 423 vero
681 383 901 424 fecilitatem
926 386 1026 425 bene
1053 384 1226 424 instituta¹
1250 386 1534 434 gubernationis
1607 385 1766 435 Absque
1791 385 1869 424 ime

71 444 224 483 vinculo
241 451 378 481 mutuo
396 443 619 482 haereditarii
635 442 750 483 status
775 455 1012 496 autpereunt
1028 473 1040 493 ‚
1071 447 1187 483 autin
1210 446 1315 483 aliam
1341 444 1532 483 transeunt
1559 441 1721 483 formam
1743 461 1752 483 ε
1781 456 1868 483 nam
1930 494 1931 498 Ἰ

67 504 246 552 Princeps
268 531 281 549 ‚
313 504 377 552 qui
396 502 535 554 despici
552 503 589 542 se
605 502 714 543 videt
733 534 744 552 ,
773 505 809 542 ἃ
827 505 1004 544 omnibus
1023 502 1097 543 effe
1119 502 1212 542 odio
1229 536 1240 552 ‚
1271 503 1337 542 fibi
1366 506 1502 542 metuit
1519 534 1531 552 ,
1563 502 1585 542 e
1610 515 1714 543 metu
1741 515 1868 544 autem

65 561 266 601 crudelitas
282 591 294 608 ‚
325 573 374 600 ex
391 564 467 602 hac
496 562 662 614 denique
678 565 846 613 tyrannis
863 565 1023 604 nascitur
1043 572 1058 618 3
1089 575 1200 614 quarn
1222 565 1307 614 quia
1326 565 1566 614 potentiores
1590 562 1690 604 ferre
1711 576 1792 603 non
1812 564 1868 603 su-

64 621 202 662 stinent
224 651 236 670 ‚
268 621 467 671 conjurant
491 620 669 662 adversus
695 623 880 674 ejusmodi
910 625 1146 675 Principem,
1180 622 1215 661 &
1234 622 1349 672 plebe
1369 624 1581 674 opitulante
1609 636 1696 664 eum
1717 625 1868 676 sceptro

65 689 233 723 exuunt:
265 680 368 720 unde
382 680 501 733 pori-b
519 681 562 721 fit
576 711 588 731 ‚
617 691 661 720 ut
677 685 846 734 populus
863 685 931 723 illis
949 683 1036 735 ipsis
1056 713 1068 731 ‚
1100 684 1238 733 utpote
1266 683 1404 732 quibus
1430 683 1643 722 libertatem
1665 685 1766 724 suam
1787 692 1869 724 tum

65 750 262 792 acceptam
295 739 371 780 fert
391 771 402 790 ‚
432 742 690 794 gubernacula
715 745 931 782 committat
959 771 971 792 ‚
1017 742 1360 792 introducaturque
1397 739 1672 790 Aristocraria,
1706 745 1743 782 in
1795 756 1871 795 qua

66 800 284 851 Optimates
307 802 508 853 imperant.
576 803 758 842 Attamen
781 815 830 842 ne
846 814 925 842 tum
948 801 1102 853 quidem
1123 802 1364 841 Monarchiae
1391 802 1640 841 incommoda
1670 805 1780 841 vitari
1799 815 1869 854 po-

23 888 26 893 ,
66 870 193 900 terunt
220 875 228 899 ε
257 873 344 900 cum
365 863 465 901 enim
482 862 694 901 eorundem
711 861 776 901 filii
799 861 1002 901 succedant
1023 861 1154 913 postea
1173 892 1184 910 ‚
1215 861 1384 912 ideoque
1413 859 1658 913 Magistratus
1683 861 1720 901 &
1743 862 1865 902 domi-

62 921 167 960 natio
190 919 281 959 fiant
302 921 535 961 haereditaria
561 951 573 969 ‚
605 920 718 961 facile
741 923 784 961 iis
820 923 1028 961 abutuntur
1044 951 1055 969 ,
1085 921 1130 961 ad
1157 923 1356 961 utilitatem
1381 920 1419 960 &
1446 921 1696 960 commodum
1720 924 1868 973 propri-

63 992 126 1018 um
149 982 187 1019 in
212 980 499 1020 administranda
527 982 682 1033 Repub.
707 982 834 1020 omnia
861 981 1067 1021 referendo
1093 994 1106 1028 ς
1139 980 1160 1019 e
1187 993 1266 1032 quo
1291 980 1383 1020 illud
1405 979 1544 1020 deinde
1573 980 1616 1021 fit
1637 1009 1649 1030 ,
1681 990 1723 1020 ut
1744 994 1867 1034 popuu

61 1041 118 1078 lus
137 1041 266 1092 inique
284 1041 321 1080 δε
340 1052 412 1093 per
440 1042 680 1090 tyrannidem
706 1042 873 1092 opprimi
896 1041 934 1080 se
952 1042 998 1081 ab
1022 1042 1065 1080 iis
1093 1041 1230 1081 videns
1246 1071 1258 1089 ‚
1289 1041 1478 1092 sceptrum
1505 1040 1639 1081 iisdem
1661 1051 1868 1092 extorque-

62 1110 99 1138 at
118 1099 140 1139 e
157 1101 330 1140 manibus
345 1129 359 1150 ,
391 1099 600 1153 malintque
618 1103 804 1152 imperare
829 1112 986 1150 omnes,
1015 1100 1175 1152 perinde
1200 1100 1303 1152 quas1
1329 1100 1449 1151 major
1467 1100 1512 1140 fit
1540 1102 1693 1140 libertas
1714 1101 1863 1140 Demo-

61 1162 186 1198 cratiae
214 1172 228 1205 ς
257 1161 295 1199 in
315 1172 389 1212 qua
410 1161 498 1200 ciam
514 1162 704 1213 aequalitas
728 1162 864 1200 servari
889 1170 1056 1213 nequeat
1076 1188 1088 1209 ‚
1118 1160 1354 1200 invalescunt
1381 1160 1577 1199 insolentia
1593 1171 1709 1212 atque
1729 1160 1866 1212 injusti-

58 1222 109 1256 tia
129 1248 142 1267 ‚
175 1218 213 1259 &
240 1222 465 1260 exoriuntur
481 1221 685 1261 seditiones
706 1233 750 1260 ac
770 1223 952 1261 tumultus
984 1251 995 1270 ‚
1027 1232 1190 1271 quorum
1220 1219 1398 1259 confusio
1424 1232 1468 1258 ac
1489 1220 1625 1259 damna
1651 1231 1753 1260 tanta
1772 1221 1867 1272 saepe

57 1278 141 1316 iiint
156 1309 167 1326 ,
198 1290 248 1331 ut,
261 1281 496 1320 tolerabilius
524 1293 658 1320 omnes
674 1280 889 1320 existiment
906 1312 918 1330 ‚
949 1281 976 1320 si
1004 1291 1124 1332 penes
1148 1292 1268 1320 unum
1291 1279 1412 1319 solum
1429 1279 1474 1318 sit
1489 1279 1692 1335 Imperium
1708 1310 1719 1328 ‚
1752 1290 1868 1331 atque

57 1339 107 1376 ita
124 1337 171 1376 ad
191 1337 461 1377 Monarchiam
483 1340 636 1378 tandem
661 1368 672 1387 ‚
703 1340 724 1376 a
743 1351 815 1388 qua
851 1342 1017 1390 primum
1042 1339 1267 1379 recesserant
1289 1364 1302 1387 ‚
1331 1338 1376 1379 fit
1406 1340 1591 1391 regreffio.
1632 1339 1868 1379 'Istiusmodi

57 1398 240 1437 circulum
266 1400 510 1438 committere
530 1399 652 1437 solent
676 1398 943 1448 Respublicae‚
975 1400 1011 1438 in
1040 1409 1119 1449 quo
1145 1410 1225 1437 non
1256 1398 1340 1437 rare>
1367 1398 1534 1446 accidit,
1575 1406 1618 1437 ut
1645 1410 1801 1438 omnem
1824 1411 1859 1437 0-

55 1459 187 1497 mnino
204 1458 418 1497 libertatem
443 1460 646 1507 amittant,
676 1456 765 1496 dum
788 1460 964 1498 nimirum
982 1457 1097 1497 status
1122 1459 1253 1508 aliquis
1273 1458 1422 1496 vicinus
1453 1457 1491 1497 δε
1512 1466 1654 1509 potens
1674 1459 1864 1510 inquietu-

58 1517 153 1557 dinis
167 1515 265 1557 illius
286 1518 489 1557 occasione
513 1519 632 1557 utitur
647 1546 659 1564 ‚
693 1517 740 1556 ad
761 1517 1004 1557 debellandas
1024 1529 1086 1557 eas
1113 1517 1149 1556 &
1168 1515 1429 1567 subjugandas.

211 1577 244 1629 §·
277 1577 439 1629 Imperia
463 1576 626 1618 electiva
643 1605 656 1625 ,
686 1586 751 1616 aut
771 1576 877 1617 certe
904 1577 1140 1617 subditorum
1161 1585 1249 1629 erga
1272 1571 1488 1627 Principem
1511 1575 1672 1615 affectus
1698 1582 1780 1616 tum
1798 1586 1866 1628 pe-

56 1646 167 1676 reunt
187 1667 198 1685 ‚
230 1637 318 1677 cum
338 1637 518 1689 Principis
545 1635 659 1677 eleffi
685 1635 855 1677 facinora
885 1644 966 1677 non
993 1635 1227 1688 respondent
1255 1645 1458 1687 conceptae
1492 1635 1695 1687 opinioni3
1727 1637 1864 1687 depre-

55 1697 173 1736 henso
198 1699 373 1736 nimirum
400 1696 600 1738 *electionis
624 1704 755 1736 errore
773 1709 820 1736 ex
853 1699 953 1737 inani
974 1697 1197 1736 meritorum
1229 1695 1539 1747 praesumptione.
1613 1694 1734 1735 Multi
1761 1697 1864 1736 enim

54 1757 151 1805 sunt,
171 1759 235 1808 qui
255 1757 301 1796 ad
324 1758 611 1809 gubernandum
632 1756 810 1796 videntur
849 1756 1004 1804 idonei,
1036 1765 1238 1806 antequam
1269 1755 1315 1794 ad
1349 1756 1604 1806 gubernacula
1630 1755 1865 1795 admovean-

23 1840 27 1848 ⁴.
55 1826 115 1855 tur
134 1846 146 1865 ‚
179 1819 234 1857 uti
260 1819 298 1857 in
319 1817 443 1857 Galba
473 1817 611 1856 accidit
631 1847 643 1865 ,
674 1816 745 1870 (b)
770 1817 835 1867 qui
855 1812 1162 1866 onmiamrorfinlit
1186 1824 1297 1866 capax
1320 1815 1459 1866 Imperii
1474 1815 1686 1854 habebatur
1700 1814 1780 1868 ‚nist
1798 1818 1856 1855 im-

46 1874 205 1930 perqssbt.
264 1877 345 1930 Qui
361 1876 540 1917 electioni
566 1888 645 1916 non
671 1873 919 1927 subscripsere
937 1906 949 1924 ‚
979 1886 1172 1925 nunquam
1197 1876 1243 1912 ab
1266 1873 1392 1913 electo
1408 1873 1491 1912 satis
1509 1874 1628 1913 securi
1645 1874 1749 1922 sunt,
1769 1876 1860 1925 quin

55 1936 184 1986 potius
212 1948 336 1976 metus
355 1937 416 1976 ille
432 1966 443 1984 ‚
475 1939 512 1975 in
539 1930 646 1973 causa
665 1934 720 1974 est
736 1958 749 1980 5
784 1945 826 1973 ut
843 1935 1094 1974 mutationem
1123 1944 1313 1983 exoptent
1340 1933 1376 1970 &
1395 1934 1609 1972 moliantur.
1671 1933 1706 1971 Si
1725 1935 1774 1972 illi
1794 1946 1859 1972 ven

55 1996 98 2034 ro
114 2026 124 2042 ‚
157 1998 220 2046 qui
250 1997 308 2035 sua
328 1993 468 2034 dedere
496 1994 665 2046 stiffi-agia
687 2021 699 2042 ,
730 2004 874 2034 tantum
899 1994 965 2033 sibi
981 1993 1030 2032 de
1046 1992 1126 2043 ejus
1148 1991 1285 2032 favore
1307 1990 1463 2031 suerunt
1481 1993 1668 2043 polliciti,
1697 2001 1740 2031 ut
1757 1992 1858 2045 post„

54 2067 167 2106 quam
190 2057 254 2108 spe
279 2056 340 2095 sua
356 2054 520 2095 frustrari
540 2055 577 2094 se
605 2054 757 2102 vident,
775 2056 909 2093 vivant
929 2054 1086 2105 inquieti
1112 2052 1148 2092 &
1167 2061 1468 2103 conquerantur:
1500 2063 1626 2102 neque
1652 2054 1752 2091 enim
1777 2052 1856 2092 fieri

20 2164 23 2166 ‚
53 2117 212 2166 poterit,
229 2125 271 2154 ut
291 2115 470 2170 Princeps
486 2114 684 2154 satisfaciat
709 2116 886 2153 omnibus
904 2143 917 2161 ,
948 2124 1059 2152 taceo
1076 2115 1194 2163 ipsam
1218 2114 1332 2151 etiam
1354 2111 1554 2150 humanam
1589 2112 1857 2162 gratitudinem

51 2177 235 2227 paulatim
269 2174 441 2228 fatigari,
473 2174 564 2214 dum
587 2174 845 2225 amplitudinis
868 2173 905 2212 &
926 2172 1090 2212 fortunae
1121 2172 1193 2211 suae
1220 2169 1463 2210 instrumenta
1494 2169 1630 2209 allidue
1657 2182 1744 2210 ante
1763 2184 1855 2211 ocu-2

53 2237 112 2275 los
132 2236 249 2275 habet
272 2264 283 2282 ,
315 2245 461 2287 eosque
487 2244 666 2285 tanquam
692 2233 790 2274 illius
813 2233 1021 2272 creditores
1043 2231 1244 2271 aversatur.
1305 2229 1456 2269 Subditi
1480 2231 1755 2270 mutationibus
1779 2233 1852 2271 ele—

56 2295 193 2335 &ionis
213 2294 344 2336 assueti
366 2325 378 2344 ‚
406 2294 559 2335 easdem
578 2305 704 2334 amant
725 2322 738 2342 ‚
770 2294 995 2345 semperque
1032 2291 1099 2331 fibi
1124 2288 1350 2342 persuadent
1365 2320 1376 2335 ,
1409 2289 1621 2342 Principem
1652 2291 1761 2329 alium
1784 2304 1849 2330 nor

53 2365 148 2396 vum
170 2355 256 2396 fore
274 2357 485 2396 meliorem.
547 2353 627 2406 Qui
649 2355 685 2393 in
709 2352 900 2394 electione
916 2351 1074 2404 suffragii
1097 2351 1157 2402 jus
1177 2351 1345 2397 habent,
1376 2359 1483 2389 tanto
1507 2361 1684 2401 tempore
1706 2351 1850 2402 suspen-

55 2415 126 2463 di,
156 2415 194 2455 δι
219 2416 322 2467 quafi
342 2417 463 2456 emori
491 2414 622 2454 dolent
650 2414 751 2454 suam
782 2413 944 2466 eligendi
974 2410 1227 2464 potestatem,
1255 2409 1358 2449 unde
1379 2421 1513 2450 eorum
1544 2408 1771 2450 existimatio
1789 2410 1851 2451 de-

54 2474 211 2527 pendet.
270 2474 425 2515 Elet‘kus
455 2475 617 2515 efferens
637 2473 710 2513 sese
742 2471 963 2514 dominandi
991 2471 1147 2511 libidine
1165 2502 1176 2520 ,
1207 2469 1357 2523 Imperii
1378 2470 1429 2509 sui
1456 2469 1552 2510 fines
1578 2469 1687 2509 latius
1713 2484 1849 2523 propa-

54 2547 142 2587 gare
158 2535 377 2586 contendit,
406 2535 528 2575 violat
564 2534 774 2586 juramenta
789 2565 801 2584 ‚
831 2531 1073 2573 conditiones
1101 2531 1137 2571 &
1157 2530 1292 2583 pacta,
1324 2536 1412 2569 cum
1431 2530 1568 2586 quib-us
1589 2529 1636 2568 ad
1661 2530 1852 2581 sceptrum

55 2597 188 2634 ascitus
205 2594 351 2645 fuerat,
383 2595 420 2635 δε
446 2596 578 2647 spi-etis
611 2595 735 2647 Regni
757 2595 890 2634 incolis
913 2589 973 2648 (si
990 2591 1198 2645 alienigena
1213 2589 1289 2644 fit>
1318 2591 1410 2629 alios
1427 2590 1498 2628 suae
1516 2588 1696 2628 Nationis
1720 2601 1853 2629 mune⁴

54 2656 157 2695 ribus
173 2653 330 2707 praeficit
356 2685 368 2704 ,
399 2655 625 2702 Γυωέῗαῐῃίἰεε
647 2655 822 2695 homines
855 2653 1023 2693 evehere
1039 2651 1168 2704 satagit
1190 2663 1203 2697 ς
1233 2662 1306 2701 qua
1328 2650 1365 2687 in
1397 2660 1438 2687 re
1469 2647 1705 2687 subditorum
1725 2650 1848 2688 incur-

53 2717 101 2755 rit
124 2715 253 2755 odium
272 2745 283 2763 ‚
315 2715 351 2754 &
373 2717 488 2755 ruinae
510 2716 582 2754 suae
604 2714 725 2755 ansam
742 2716 886 2768 praebet
905 2727 914 2749 :
946 2723 1080 2751 omnes
1105 2711 1205 2750 enim
1224 2710 1271 2749 ab
1289 2708 1428 2748 exteris
1442 2709 1520 2761 regi
1543 2717 1660 2762 grave
1687 2708 1846 2749 ducuntt

53 2776 232 2828 Jeremias
252 2785 356 2815 certe
381 2787 453 2826 pro
486 2774 576 2814 tristi
592 2777 726 2815 nuntio
742 2773 835 2815 illud
851 2776 888 2814 in
898 2771 962 2828 (c)
988 2769 1190 2824 Jerusalem
1208 2770 1353 2810 habuit.
1564 2824 1567 2825 γ
1680 2821 1684 2825 .

229 2835 264 2885 §.
297 2835 457 2886 Imperia
483 2846 639 2886 quoque
655 2837 763 2876 armis
779 2844 885 2887 parta
909 2833 973 2872 diu
998 2831 1138 2871 florere
1166 2829 1268 2870 haud
1289 2828 1428 2869 solent:
1460 2823 1604 2868 deliciis
1628 2828 1728 2868 enim
1756 2827 1848 2867 illud

56 2894 267 2934 animorum
288 2896 406 2934 robur
424 2894 613 2935 flaccescit
636 2893 787 2945 sensim,
816 2894 853 2935 &
874 2892 1023 2934 eliditur
1038 2890 1232 2939 Felicitas,
1265 2887 1420 2930 consilia
1452 2887 1635 2940 impedit,
1667 2887 1847 2940 ipsosque

52 2954 244 3007 Principes
266 2957 317 2995 ita
333 2956 490 3007 abripit,
521 2964 564 2994 ut
585 2966 630 2994 ea
647 2966 750 2996 nunc
773 2954 901 2996 media
932 2952 1143 3051 ῑιεέεἷέᾘςειιπ,
1174 2951 1313 3002 quibus
1340 2947 1387 2987 ad
1416 2947 1516 2987 illam
1543 2948 1736 2990 fortunam
1765 2960 1846 2999 per-

1023 3022 1050 3061 y
1066 3022 1093 3061 y
1731 3018 1846 3047 vene-²

129 3132 152 3179 ζ
163 3131 212 3179 a)
224 3137 319 3169 Nam
326 3129 367 3180 si
376 3144 444 3168 non
456 3129 652 3169 volentibus
667 3132 812 3184 imperet
825 3160 833 3173 ‚
854 3136 1014 3186 protinus
1031 3129 1154 3181 definit
1170 3129 1399 3182 effiRegnum,
1420 3128 1524 3165 Arist.
1554 3126 1629 3163 Lib.
1650 3137 1684 3173 5.
1700 3124 1841 3161 Politic.

59 3191 134 3231 cap·
161 3195 216 3222 10.
269 3192 285 3230 (
288 3182 335 3232 b)
370 3191 449 3223 Ecce
469 3184 634 3222 auditum
649 3186 688 3221 in
703 3183 900 3234 Jerufizlem
918 3214 925 3227 ‚
950 3185 1093 3239 custodes
1110 3186 1234 3220 venire
1248 3184 1289 3220 „fle
1305 3193 1406 3218 terra
1422 3181 1607 3232 longinqua
1625 3175 1670 3218 ά
1685 3175 1771 3213 das?
1784 3176 1842 3223 fib*

6 3255 7 3258 =
51 3246 116 3290 [W
129 3237 297 3274 civitates
310 3239 414 3289 Juda
430 3252 547 3277 vocem
554 3237 670 3285 fitam.
694 3238 821 3286 Jerem·
830 3250 865 3287 4.
898 3244 941 3275 16
946 3260 954 3272 a
