2132 3730
272 248 332 288 40
713 233 1055 275 DJDACJ
1122 233 1666 279 SAAVEDRAE

273 319 515 371 Reipublicae
534 320 572 357 in
595 318 716 369 patria
737 317 987 369 procurandae
1004 330 1031 365 3¹
1046 329 1087 357 re
1101 327 1229 358 tamen
1251 331 1341 360 vera
1357 350 1370 368 ‚
1404 321 1491 371 quia
1504 322 1718 371 potentiam
1735 321 1815 373 ejus
1830 352 1843 372 ,
1873 321 2076 364 auctorita·

272 387 431 431 temque
458 379 619 429 amplius
635 375 737 435 ferre
758 389 838 417 non
865 376 1106 418 sustinebant.
1169 377 1251 419 Pari
1273 379 1394 420 modo
1419 379 1456 419 &
1476 378 1699 420 Hanomem
1716 411 1729 430 ,
1756 381 1836 433 ejus
1856 383 1894 423 in
1916 381 2076 425 Provin-

271 440 331 479 cia
354 437 602 478 successorem
624 467 638 488 ,
667 446 728 477 tot
746 439 938 490 tantisque
961 438 1267 490 navigationibus
1285 441 1478 480 celebrem
1502 439 1733 481 mulctarunt
1750 442 1887 492 exilio,
1911 440 2076 495 nullaju-

271 497 386 538 stiore
405 498 454 537 de
470 496 593 538 cauffa
612 526 626 547 ,
658 510 772 550 quarn
807 498 915 552 quod
938 500 1094 553 ingenio
1118 497 1156 538 &
1174 498 1350 540 industria
1369 501 1454 552 plus
1471 502 1619 540 valeret
1631 531 1642 550 ,
1657 513 1702 540 ac
1722 501 1849 541 liberae
1863 503 2009 543 civitati
2017 513 2077 542 tu-

273 566 354 600 tum
367 568 562 611 putarent.
619 559 811 601 Viderant
835 571 926 602 eum
946 561 1045 601 inter
1064 559 1240 601 homines
1254 562 1420 614 primum
1435 573 1552 603 manu
1568 562 1724 610 leonem
1747 561 1930 615 tractare,
1960 562 1998 604 &
2026 563 2077 604 ci·

263 2006 396 2051 curare
412 2025 424 2044 ,
455 1994 495 2035 ὅς
511 2002 686 2035 metuere
710 1999 911 2044 coeperunt
935 2001 989 2033 ne.
1004 1990 1043 2031 &
1061 1990 1162 2043 ipsos
1187 1989 1343 2031 tandem
1365 1991 1601 2044 subiugaret,
1632 1994 1696 2044 qui
1714 1991 1880 2036 ferarum
1900 1998 2072 2037 immani-

261 2067 380 2099 tatem
398 2052 616 2099 domuiffet.
675 2052 731 2092 Ita
749 2050 933 2091 videlicet
951 2051 1133 2103 obsequia
1161 2050 1369 2103 &egregia
1390 2049 1562 2089 facinora
1581 2055 1813 2093 remunerari
1837 2054 1957 2094 solent
1975 2049 2074 2096 Res-

261 2118 439 2171 publicae.
516 2113 653 2155 Nemo
688 2113 833 2152 civium
858 2111 963 2151 suum
981 2119 1135 2163 reputat
1151 2110 1342 2150 honorem
1362 2119 1426 2150 aut
1445 2108 1679 2152 beneficium
1693 2142 1707 2161 ,
1740 2112 1846 2164 quod
1861 2115 1900 2154 in
1917 2116 2072 2155 univer-

259 2180 336 2219 sam
363 2172 562 2217 confertur
581 2173 919 2221 communitatem,
951 2170 1135 2212 offensam
1152 2179 1280 2211 tamen
1296 2169 1467 2220 eJusdem
1489 2170 1527 2211 δι
1549 2170 1800 2223 suspicionem
1819 2185 1953 2218 omnes
1970 2174 2017 2214 ad
2033 2176 2072 2215 se

263 2239 490 2278 arbitrantur
507 2235 715 2289 pertinere.
777 2231 817 2272 Si
840 2232 1004 2285 proemio
1023 2229 1242 2272 afficiendus
1266 2231 1419 2281 aliquis,
1435 2231 1502 2270 vix
1513 2232 1666 2283 pauculi
1684 2232 1956 2285 suffragantum
1978 2225 2070 2275 con·
2131 2231 2132 2234 ’

261 2309 319 2339 tra
335 2306 379 2336 ut
396 2307 505 2336 reum
523 2294 666 2334 faciant
681 2324 692 2342 ,
722 2303 840 2333 nemo
855 2304 937 2333 non
958 2291 1102 2344 satagit.
1159 2290 1239 2345 Qui
1261 2291 1359 2338 inter
1385 2291 1478 2330 alios
1496 2292 1638 2330 eminet
1653 2321 1666 2340 ,
1696 2293 1727 2331 is
1741 2293 1818 2343 jam
1835 2294 1873 2332 in
1891 2294 2071 2346 periculo

260 2357 337 2399 est:
365 2368 455 2396 nam
472 2356 604 2403 zelus3
633 2365 750 2405 quem
767 2353 907 2402 habet,
921 2353 1015 2392 boni
1030 2352 1195 2404 publici,
1209 2352 1369 2391 aliorum
1387 2351 1536 2391 accusat
1553 2351 1747 2396 inertiam;
1767 2351 1970 2406 prudentia
1979 2355 2072 2394 alio-

259 2429 345 2459 rum
362 2416 544 2456 inscitiam
568 2413 726 2466 detegit,
784 2411 890 2453 Hinc
904 2411 970 2453 ista
991 2413 1030 2453 in
1039 2412 1224 2464 obsequio
1247 2410 1465 2463 Principum
1490 2410 1512 2451 a
1531 2410 1689 2464 parendi
1712 2410 1837 2456 studio
1867 2414 2067 2465 pericula;
2129 2428 2130 2446 1

258 2480 350 2519 hinc
372 2478 496 2516 virtus
523 2474 562 2515 δι
579 2471 788 2523 industria,
817 2473 977 2526 perinde
1006 2484 1051 2513 ac
1069 2474 1163 2513 vitia
1181 2502 1194 2521 ,
1225 2470 1318 2511 odio
1344 2471 1442 2516 sunt.
1517 2470 1695 2512 Salustius
1720 2471 1873 2525 Crispus
1909 2472 1997 2527 (a)
2015 2474 2070 2513 cui

259 2542 360 2591 vigor
379 2538 484 2578 animi
502 2533 694 2587 ingentibus
706 2535 847 2585 negotiis
859 2542 935 2585 par
946 2529 1091 2585 spherat
1109 2565 1122 2583 ,
1151 2545 1187 2573 eo
1201 2534 1310 2584 magis
1329 2540 1371 2572 ut
1388 2530 1557 2573 invidiam
1579 2531 1777 2572 amoliretur
1796 2564 1808 2583 ,
1836 2529 1987 2584 stannum
2016 2532 2069 2578 &⁹

255 2601 416 2640 inertiam
438 2594 639 2650 efflentabat.
701 2592 893 2633 Sedillud
923 2593 1120 2646 peffimum
1138 2623 1151 2643 ,
1182 2590 1328 2632 offendi
1350 2591 1584 2644 quandoque
1607 2591 1848 2645 Principem,
1878 2593 1907 2633 fi
1932 2592 1953 2633 a
1972 2593 2068 2646 vigi-

257 2659 361 2699 lante
385 2653 564 2697 Ministro
582 2655 773 2695 excitetur
794 2684 807 2703 ‚
838 2665 956 2706 quem
973 2654 1110 2694 somno
1132 2653 1261 2694 secum
1284 2651 1482 2705 indulgere
1501 2652 1580 2706 ipse
1597 2652 1728 2704 potius
1755 2662 1927 2705 cuperet.
1986 2651 2064 2692 Ea-

257 2727 420 2772 propter
451 2717 508 2756 uti
525 2713 740 2767 hypocrisis
766 2713 940 2766 quaedam
956 2712 1034 2762 est,
1067 2726 1153 2766 quae
1166 2713 1329 2754 virtutes
1348 2711 1456 2766 fingit
1471 2743 1484 2762 ‚
1515 2713 1554 2753 δι
1573 2711 1769 2752 diffimulat
1797 2714 1909 2753 vitia:
1931 2713 1981 2752 ita
1997 2713 2069 2768 alia

258 2791 361 2818 nunc
377 2788 477 2830 opus
493 2806 506 2825 ‚
535 2787 620 2827 quae
640 2776 758 2815 robur
777 2786 821 2814 ac
841 2773 1105 2815 celfitudinem
1116 2774 1229 2815 animi
1247 2773 1445 2814 diffimulet
1461 2803 1474 2822 ‚
1504 2773 1543 2813 &
1560 2772 1700 2814 famam
1720 2772 1952 2824 compescat.
2015 2772 2069 2811 A·

258 2840 400 2890 gricola
423 2834 528 2876 certe
547 2834 701 2876 invidiae
722 2845 830 2875 metu
854 2834 956 2874 suam
981 2844 1186 2887 tantopere
1207 2835 1401 2874 occultare
1425 2833 1568 2874 studuit
1593 2863 1606 2882 ,
1639 2842 1682 2873 ut
1698 2834 1763 2884 qui
1779 2841 1921 2871 tantam
1939 2833 1978 2871 in
2000 2831 2069 2870 illo

257 2899 370 2938 animi
392 2896 650 2936 demissionem
665 2895 703 2936 &
719 2893 958 2944 modestiam,
974 2894 1272 2942 cernerent,nisi
1288 2894 1439 2934 aliunde
1450 2894 1499 2934 de
1515 2893 1618 2934 fama
1635 2892 1715 2944 ejus
1732 2889 1968 2932 inaudiissent
1982 2902 2069 2948 eam

257 2969 309 2999 ex
318 2959 444 3009 primo
459 2957 530 2995 viri
548 2954 702 3007 aspectu
730 2967 972 3006 nequaquam
1001 2954 1210 3007 potuiss'ent
1231 2952 1303 3008 (b)
1325 2956 1507 3007 augurari.
1567 2952 1691 2993 Sensit
1707 2963 1795 2991 cum
1814 2961 1993 3004 tempore
2010 2952 2067 2990 in·

258 3016 469 3058 comodum
482 3016 558 3055 hoc
570 3015 844 3062 Germanicus3
862 3011 927 3054 sed
937 3014 1036 3055 ferre
1046 3016 1190 3064 maluit,
1209 3027 1323 3066 quam
1337 3017 1541 3068 corrigere,
1551 3011 1704 3065 quando
1716 3012 1956 3061 ‚nationibus
1971 3011 2069 3050 mul-

258 3081 305 3119 tis
317 3076 761 3128 debellati3,trophaeum
774 3076 897 3116 erexit
907 3076 1065 3127 quidem
1074 3106 1086 3124 ,
1097 3087 1242 3116 nornen
1254 3084 1384 3119 tamen
1399 3076 1507 3116 suum
1518 3075 1569 3114 ob
1581 3072 1915 3124 famaepericulum
1938 3072 2068 3112 eidem

1989 3128 2066 3185 (a)

256 3216 2054 3232 ——————·———-·-—————————--—————-—-——-———————-—-

362 3267 419 3309 (a)
443 3262 550 3300 Tacit
565 3262 625 3299 lib.
653 3274 683 3307 ς.
707 3264 835 3300 Annal.
863 3264 923 3311 (b)
945 3261 1040 3309 Visb,
1056 3260 1251 3317 aspel’t‘oque
1271 3234 1790 3316 Agricolassquaererentfamam
1807 3283 1817 3298 ,
1841 3256 1944 3309 pam-i
1956 3255 2065 3293 inter-

255 3326 500 3371 pretarentur.
526 3315 632 3353 Tacit
648 3315 685 3352 in
709 3314 786 3352 vita
801 3318 924 3364 Agric.
