2132 3730
244 216 330 259 286
689 209 1038 252 DIDACI
1090 210 1627 257 SAAVEDRAE.

243 309 354 350 agere
372 297 562 336 discimus:
592 292 667 346 (a)
693 290 761 342 Usta
778 292 963 342 probatum
986 291 1033 346 cst
1046 321 1059 340 ,
1089 293 1174 345 leges
1190 299 1367 349 egregias,
1396 298 1543 349 exenffila
1565 298 1698 353 honesta
1720 331 1731 349 ‚
1759 298 1854 352 apud
1880 298 1979 337 bonos
2002 310 2044 337 ex
2096 297 2098 325 ἶ

241 356 370 398 delitiis
388 356 525 394 alim-um
540 353 643 403 gzgni.
705 350 987 391 Prudentiffima
1005 353 1118 392 etiam
1145 353 1373 406 Respublica
1397 359 1515 396 multa
1532 359 1571 399 in
1591 358 1841 410 gubernando
1863 357 1958 397 fecit
1975 358 2044 396 im·
2071 387 2075 393 r
2096 358 2100 387 ¹2

241 413 463 468 prudentius
480 441 492 460 ,
525 421 728 463 antequam
755 411 802 450 ad
819 410 1097 463 perfeetionem
1124 416 1355 463 perveniret.
1416 416 1529 457 Solus
1553 418 1665 458 Deus
1690 419 1737 458 ab
1765 428 2044 462 aeterno-mun-

242 475 280 516 di
305 475 412 524 hujus
437 470 618 510 fabricam
654 470 798 522 absque
829 482 957 511 errore
995 472 1289 523 comprehendit
1310 503 1323 522 ,
1353 474 1390 514 δε
1415 475 1550 527 postea
1588 488 1716 517 tamen
1746 487 1854 517 certo
1874 475 2044 528 quodam

241 535 359 576 modo
381 530 622 585 (b>poenituit
643 543 717 570 eum
730 561 743 580 ,
773 530 866 584 quod
880 528 1012 585 fecgffl’t
1034 532 1202 572 hominem.
1278 532 1366 572 Plus
1401 535 1590 576 interdum
1611 539 1742 577 erratis
1770 536 1905 577 nostris
1929 535 2046 574 debe-

239 606 342 641 mus,
373 591 486 642 quam
506 589 610 630 τεξὶὲ
630 589 741 630 factis
764 604 775 630 ε
808 591 869 629 illa
894 591 1077 642 siquidem
1105 603 1176 630 nos
1205 589 1412 641 erudiunt,
1443 593 1526 633 haec
1541 595 1729 645 jactantiae
1755 596 1792 636 δε
1819 597 1938 635 inanis
1962 596 2043 646 glo-

237 655 300 692 riae
319 652 400 691 sunt
431 650 581 691 semina.
641 649 712 703 (c)
727 647 908 695 Instruunt
925 663 996 691 nos
1021 651 1246 690 patriarchae
1263 682 1277 700 ,
1307 664 1371 691 non
1383 648 1490 703 solum
1511 652 1661 694 docentes
1678 687 1690 704 ,
1719 654 1775 703 fed
1801 658 1903 695 etiam
1919 667 2046 693 erran-

236 719 299 751 tes.
363 710 510 752 Umbra
537 709 695 763 picturae
712 711 839 750 lucem
857 710 994 761 dedit,
1033 711 1079 751 ab
1099 712 1160 751 illa
1178 722 1345 762 namque
1371 723 1428 752 ars
1443 711 1510 752 ista
1523 714 1654 763 habet,
1680 713 1787 767 quod
1800 723 1878 755 tam
1905 714 2045 754 eximia
2070 740 2073 754 i

236 771 295 812 fit.
1418 785 1423 789 ·

387 829 485 871 Non
505 830 652 882 semper
668 829 923 882 imprudentia
949 841 1119 870 errorum
1136 829 1244 870 causa
1269 828 1344 869 est:
1373 831 1470 884 saepe
1487 832 1508 872 a
1524 841 1702 885 tempore
1724 832 1749 871 ii
1773 832 2044 879 oriuntur-,ali-

235 893 345 944 isque
359 892 512 931 eventis
522 890 689 930 fortuitis
748 889 870 942 Quod
885 890 989 941 prius
1012 889 1222 929 commodo
1243 899 1323 929 erat
1335 920 1347 939 ,
1365 891 1452 944 post
1475 894 1514 932 in
1529 894 1688 933 exitium
1705 892 1882 932 vertitur.
1944 890 2046 929 Nul-

234 953 270 992 la
305 961 407 991 tanta
423 949 477 990 est
490 949 827 1002 prudentia,cujus
852 950 1005 989 consilia
1023 962 1095 1001 pro
1123 951 1422 1002 omnitempore
1440 951 1608 992 salutaria
1637 953 1721 993 sint.
1780 949 1857 1004 (d)
1890 949 1967 989 Nec
1989 949 2047 990 dee

234 1011 290 1052 bet
312 1009 560 1063 reprehensibile
563 1008 720 1064 judicari
745 1040 759 1059 ‚
780 1009 817 1062 fi
825 1005 999 1057 secundum
1022 1011 1231 1050 varietatem
1261 1018 1447 1062 temporum
1464 1012 1610 1067 statuta
1635 1009 1835 1065 quandoque
1855 1011 2045 1049 varientur

233 1072 404 1119 lamnam,
424 1066 619 1121 praesertim
638 1082 711 1108 cmn
727 1081 854 1121 urgens
884 1069 1075 1123 nectffitas,
1106 1070 1163 1108 vel
1178 1069 1317 1109 evidens
1339 1072 1474 1111 utilitas
1495 1071 1535 1112 id
1548 1070 1709 1123 exposcit;
1723 1071 1789 1109 vel
1803 1081 1852 1108 ex
1875 1069 1944 1107 illis
1964 1080 2045 1120 gra-

233 1131 297 1170 via
318 1132 519 1169 nascuntur
535 1128 782 1168 incommoda
797 1158 810 1177 ‚
841 1130 903 1168 vel
933 1130 1113 1179 Princeps
1147 1130 1331 1168 relatione
1350 1132 1508 1171 aliorum
1531 1133 1568 1170 in
1593 1129 1768 1170 fraudem
1782 1126 1981 1168 induetum
2009 1126 2048 1166 se

232 1188 355 1234 videt.
415 1188 487 1229 His
501 1189 693 1242 principiis
703 1189 791 1228 Rex
801 1187 977 1228 Assuerus
994 1190 1199 1236 nitebatur,
1213 1187 1300 1228 cim]
1311 1200 1504 1230 revocatae
1528 1189 1548 1230 a
1568 1190 1605 1230 se
1622 1189 1829 1237 sententiae,
1847 1198 1960 1238 quam
1975 1187 2046 1225 ini·

232 1246 308 1302 qua
326 1250 464 1288 Amani
486 1247 726 1298 accusatione
749 1247 936 1300 deceptus
956 1278 968 1295 ,
999 1247 1182 1287 adversus
1204 1247 1282 1287 Dei
1300 1250 1491 1301 populum
1513 1251 1652 1290 tulerat
1671 1247 1950 1301 imprudentius
1964 1257 2046 1293 ,ra-

231 1311 379 1350 tionem
398 1308 588 1349 redderet.
650 1304 713 1363 (e)
735 1309 813 1349 Nec
841 1314 970 1359 putare
991 1306 1138 1356 debetis,
1169 1308 1344 1357 inquiens
1363 1339 1375 1357 ,
1392 1310 1430 1360 st
1443 1307 1580 1360 diveifh
1593 1310 1799 1362 jubeamus,
1819 1320 1861 1346 ex
1880 1306 1983 1345 animi
1990 1318 2050 1344 710-

219 1368 296 1425 stri
322 1371 442 1408 venire
459 1369 620 1416 levitate3
635 1367 776 1423 sedpro
797 1368 965 1421 qualitate
985 1366 1035 1410 &⁶²
1052 1366 1236 1419 neccffisate
1253 1373 1434 1417 temporum
1451 1398 1465 1416 ,
1495 1376 1537 1407 ut
1556 1368 1765 1419 Rezpitblicae
1773 1363 1878 1418 poscit
1897 1365 2049 1413 utilitas,

230 1427 329 1478 ferre
333 1426 545 1478 sententiam.
607 1427 649 1465 ln
670 1429 725 1465 his
750 1426 786 1465 δε
818 1426 998 1464 similibus
1026 1425 1171 1464 casibus
1202 1425 1303 1463 nulla
1324 1424 1378 1465 est
1399 1427 1513 1466 animi
1533 1428 1669 1466 levitas
1699 1455 1712 1475 ,
1749 1425 1819 1464 sed.-
1845 1424 2052 1476 prudentia

230 1498 380 1528 mutare
403 1487 598 1526 consilium
617 1513 628 1532 ‚
659 1486 696 1525 &
713 1497 784 1533 ea,
816 1497 900 1535 quae
917 1484 1032 1523 semel
1049 1483 1183 1523 statuta
1213 1480 1351 1531 fuere,
1381 1497 1454 1524 nec
1478 1485 1729 1524 inconstantia
1748 1483 1822 1523 dici
1840 1484 1971 1530 debet,
1982 1481 2049 1521 sed

231 1546 407 1587 constans
424 1547 554 1597 potius
580 1545 697 1585 robur
714 1544 896 1594 sequendi
913 1545 1099 1582 rationem
1122 1543 1282 1589 ducem,
1298 1544 1409 1592 quale
1424 1542 1478 1581 est
1494 1545 1532 1582 in
1555 1543 1753 1582 bracteola
1779 1541 2047 1590 ventiindice,

229 1608 269 1647 in
289 1618 446 1646 ornnem
466 1605 501 1643 se
521 1613 668 1655 partem
683 1602 757 1641 una
774 1615 860 1641 cum
879 1610 1001 1640 vento
1019 1611 1197 1640 vertente
1212 1630 1224 1649 ,
1250 1610 1314 1639 aut
1335 1603 1372 1640 in
1389 1613 1460 1641 acu
1485 1603 1639 1642 nautica
1657 1601 1746 1642 ante
1765 1613 1844 1641 non
1865 1602 2050 1653 conquie-

231 1666 363 1708 scente
383 1664 509 1703 donec
529 1663 575 1701 ad
593 1661 737 1701 stellam
752 1663 925 1713 polarem
951 1659 1130 1712 opposita
1151 1660 1226 1699 sese
1236 1658 1389 1704 stiterit.
1449 1658 1633 1702 Medicus
1654 1660 1865 1702 secundum
1886 1672 2050 1712 ea,quae

230 1725 387 1777 corpori
415 1722 520 1761 varie
547 1720 748 1769 accidunt,
779 1720 1059 1760 medicamenta
1073 1721 1213 1768 variat,
1231 1722 1318 1771 quia
1344 1720 1540 1761 sanitatem
1559 1734 1637 1774 prae
1652 1722 1773 1761 oculis
1800 1721 1931 1764 habet.
1990 1720 2051 1759 In·

230 1785 430 1826 firmitates
454 1811 466 1830 ,
497 1781 634 1832 quibus
649 1780 918 1820 conflictantur
942 1780 1184 1831 Respublicae
1204 1810 1216 1827 ‚
1247 1781 1361 1819 variae
1383 1782 1511 1820 varios
1537 1792 1697 1834 quoque
1724 1779 1882 1820 curandi
1908 1779 2050 1820 modos

232 1844 460 1886 desiderant.
521 1838 675 1880 Honori
701 1842 830 1891 itaque
848 1840 917 1880 fibi
942 1838 1057 1879 ducat
1081 1839 1284 1891 Princeps,
1308 1839 1370 1880 sua
1383 1840 1542 1881 subinde
1558 1843 1696 1882 iterum
1714 1840 1899 1892 inspicere
1916 1839 2049 1879 decre-

232 1915 272 1946 ta
290 1904 327 1944 &
349 1902 539 1953 corrigere
555 1929 568 1948 ,
597 1900 715 1939 immo
733 1900 933 1939 &errores
959 1928 972 1948 ,
1000 1910 1074 1937 nec
1099 1899 1210 1949 hujus
1230 1910 1318 1938 eum
1350 1900 1509 1951 pudeat.
1571 1899 1662 1941 Illos
1690 1901 1932 1941 committere
1950 1929 1963 1949 ,
1990 1900 2047 1939 in-

235 1963 440 2015 cogitantia
463 1958 537 1997 effe
548 1960 704 2009 potuit3
735 1957 940 1998 emendare
958 1988 969 2006 ,
999 1956 1190 1997 fortitudo
1208 1957 1376 2009 prudens
1387 1971 1404 2014 ν;
1436 1959 1642 2000 obstinatio
1664 1960 1761 2000 vero
1777 1956 1886 1999 stulta
1899 1960 2049 2010 semper
2091 1972 2095 1976 ·

234 2023 291 2064 est
306 2023 340 2062 &
360 2017 689 2073 reprehendenda.
750 2018 964 2058 Prudentiae
981 2026 1107 2056 tamen
1136 2019 1206 2056 erit
1226 2029 1238 2065 ·,
1271 2017 1363 2056 illud
1385 2019 1505 2069 ipsum
1532 2020 1585 2058 ita
1605 2019 1695 2058 scite
1717 2018 1754 2058 &
1782 2019 2048 2058 dissimulanter

234 2083 364 2125 facere
384 2111 397 2130 ,
427 2088 471 2118 ut
492 2077 629 2130 vulgus
648 2089 727 2117 non
751 2077 1056 2118 animadvertat:
1090 2075 1187 2115 istud
1216 2077 1315 2116 enim
1340 2088 1479 2127 utpote
1496 2080 1671 2129 ignorans
1698 2077 1971 2130 &imperitum
1989 2089 2048 2117 er·

237 2154 363 2183 rorem
381 2139 521 2193 pariter
545 2136 839 2188 imprudentiam
857 2137 1126 2187 interpretatur
1143 2165 1155 2180 ,
1186 2136 1222 2174 &
1247 2135 1559 2176 emendationem
1585 2138 1799 2180 levitatem.

388 2199 423 2251 §.
454 2196 622 2235 Tametsi
645 2196 741 2236 vero
765 2207 936 2235 errorum
967 2193 1292 2234 retraetandorum
1311 2192 1444 2234 auctor
1465 2195 1534 2235 sim
1556 2197 1741 2248 Principi,
1770 2195 1810 2235 id
1838 2205 1966 2235 tamen
1996 2194 2047 2235 de

237 2261 417 2303 omnibus
432 2256 636 2296 universim
658 2257 813 2309 intelligi
834 2268 913 2294 non
934 2254 1075 2299 debet:
1107 2255 1219 2305 aliqui
1239 2257 1340 2294 enim
1368 2264 1444 2294 tam
1470 2256 1732 2308 exiguissunt‚
1762 2264 1806 2295 ut
1824 2257 1863 2295 in
1885 2255 1929 2294 iis
1959 2267 2045 2294 cor-

237 2319 402 2376 rigendis
421 2317 634 2370 graviorem
657 2317 822 2356 levitatis
841 2316 1114 2366 suspicionem,
1145 2323 1209 2352 aut
1232 2314 1517 2354 existimationis
1543 2313 1725 2366 jacturam
1748 2317 1873 2354 vereri
1905 2314 2047 2354 merito

239 2385 323 2435 quis
344 2379 472 2431 poffit:
502 2375 679 2427 adeoque
699 2377 765 2428 ubi
782 2376 962 2427 paulatim
988 2374 1025 2414 se
1046 2374 1133 2425 ipsis
1159 2372 1359 2422 desinunt,
1390 2386 1464 2414 nec
1491 2375 1648 2414 aliorum
1682 2374 1928 2427 grandiorum
1947 2374 2049 2425 peri-

239 2441 368 2483 culum
386 2436 461 2484 est,
490 2435 599 2475 satius
623 2437 694 2475 erit
714 2448 782 2476 eos
799 2433 1064 2475 inemendatos
1090 2434 1314 2484 relinquere.
1374 2435 1450 2474 Alii
1477 2433 1579 2474 istius
1606 2435 1689 2474 sunt
1715 2433 1971 2482 conditionis,
2000 2442 2046 2472 ut

238 2502 343 2553 sequi
365 2510 433 2538 eos
453 2494 622 2549 praestet,
651 2495 770 2535 immo
790 2495 940 2535 fortiter
968 2494 1082 2533 etiam
1116 2492 1152 2533 &
1180 2491 1396 2533 constanter
1420 2493 1467 2533 ad
1499 2493 1657 2535 eosdem
1681 2492 1962 2534 continuandos
1990 2493 2047 2531 in-

239 2562 434 2603 flammare
460 2556 646 2605 animum,
674 2567 724 2596 eo
744 2554 849 2608 quod
869 2555 1020 2606 gravius
1054 2551 1158 2593 forte
1174 2554 1369 2593 immineat
1392 2555 1603 2606 periculum
1620 2584 1633 2604 ,
1663 2553 1691 2594 fi
1718 2554 1765 2593 ab
1795 2555 1839 2593 iis
1863 2551 2048 2604 expedire

240 2632 282 2663 te
302 2620 469 2672 cogites,
499 2615 538 2656 id
563 2614 669 2668 quod
694 2617 733 2655 in
760 2615 1072 2667 expeditionibus
1094 2613 1238 2653 bellicis
1268 2612 1490 2665 frequenter
1525 2614 1676 2658 accidit.
1735 2613 1910 2666 Negotia
1944 2624 2046 2663 quae-

242 2683 330 2722 dam
355 2680 463 2727 sunt,
492 2677 530 2716 in
565 2676 720 2728 quibus,
752 2685 795 2715 ut:
817 2672 923 2714 redte
948 2686 1033 2726 agas
1049 2703 1062 2723 ‚
1092 2671 1241 2713 neceffe
1267 2672 1340 2722 est,
1370 2682 1412 2713 ut
1439 2683 1545 2713 extra
1564 2675 1701 2714 limites
1725 2675 1890 2726 primum
1909 2672 2047 2719 abeas,

243 2741 315 2782 etsi
339 2741 377 2779 in
403 2748 550 2778 errores
574 2737 719 2786 aliquos
748 2736 823 2775 labi
843 2735 1067 2786 contigerit,
1097 2733 1192 2773 sicut
1221 2733 1285 2785 qui
1322 2733 1500 2774 baculum
1529 2735 1731 2775 incurvum
1755 2734 1794 2774 in
1819 2732 2047 2773 contrariam

179 2842 182 2843 γ
225 2797 405 2842 'inflectit
429 2806 600 2848 partem,
630 2805 673 2834 ut
695 2795 821 2835 re6tus
843 2793 993 2834 evadat.
1054 2793 1155 2833 Tum
1177 2792 1272 2832 vero
1306 2792 1354 2833 de
1382 2795 1425 2833 iis
1451 2793 1685 2847 magnopere
1701 2793 1949 2834 laborandum
1965 2802 2047 2829 non

244 2859 324 2908 est,
354 2858 496 2897 utinec
514 2855 561 2894 de
580 2855 697 2894 causis
727 2856 962 2903 eorundem,
991 2863 1055 2893 aut
1081 2853 1236 2901 mediis,
1264 2851 1356 2893 cum
1379 2865 1452 2894 nec
1471 2853 1641 2906 justitiae,
1672 2866 1745 2895 nec
1775 2850 1961 2894 honestati
1993 2851 2047 2890 illi

244 2917 490 2962 adversentur
503 2945 516 2963 ,
546 2914 583 2954 &
598 2916 734 2967 optimi
754 2915 844 2956 inde
862 2917 1059 2968 sperentur
1073 2913 1252 2954 effectus:
1281 2913 1353 2953 bac
1367 2916 1468 2954 enim
1489 2916 1636 2955 ratione
1651 2912 1827 2967 prodess'e
1843 2910 2043 2962 incipiunt,

197 2985 203 2990 '
245 2982 284 3023 &
305 2976 567 3031 dispositiones
591 2975 720 3026 potius
737 2976 783 3016 ad
800 2977 900 3016 bene
918 2973 1101 3025 rec'teque
1123 2971 1309 3026 agendum
1329 2973 1403 3014 dici
1428 2974 1591 3024 debent,
1623 2973 1736 3027 quam
1758 2981 1916 3013 errores.
1968 2970 2046 3010 Alii

245 3038 407 3083 nonnisi
422 3036 565 3088 magnis
582 3035 838 3077 immiscentur
857 3035 1058 3077 conatibus
1075 3032 1334 3085 sapientiffime
1359 3036 1446 3075 alias
1479 3034 1680 3087 susceptis,
1711 3031 1814 3075 haud
1837 3029 1942 3071 secus
1958 3061 1969 3078 ,
1999 3042 2045 3068 ac

1947 3091 2042 3130 rosae

353 3210 416 3257 (a)
443 3204 797 3252 Tacit.l.r5.Annal.
853 3207 915 3253 (b)
947 3207 1033 3241 Gen.
1052 3202 1126 3240 6.6.
1177 3203 1239 3247 (c)
1267 3205 1394 3242 Ambr.
1415 3204 1481 3243 l.1.
1496 3204 1542 3242 de
1557 3201 1735 3254 Abram-c·
1755 3202 1790 3238 6.
1842 3200 1908 3251 (d)
1944 3197 2036 3249 Cap.

249 3260 336 3297 Non
352 3261 476 3303 debet,
492 3262 536 3299 de
555 3259 663 3299 Cons.
680 3259 717 3297 &
733 3256 842 3298 Affin.
897 3258 975 3307 (ej)
1002 3256 1094 3294 Esth.
1119 3253 1179 3294 16.
1194 3266 1232 3302 9.
1577 3257 1603 3263 ³
1819 3289 1823 3293 .
