2132 3730
288 258 372 300 240
722 238 1074 286 DJDACJ
1125 237 1669 282 sAAVEDRAE.

285 333 454 372 chartam
472 328 612 369 referre
624 326 740 365 debet
751 356 762 374 ,
774 324 838 365 sed
855 325 1069 364 mensurare
1082 324 1265 373 etiam,&
1282 323 1490 376 perficere,
1503 336 1586 376 quae
1607 324 1746 364 statuta
1761 323 1940 372 fuerunt,
1970 306 2098 365 metiri
2121 347 2124 356 ·

287 392 509 432 occasiones
528 387 564 426 &
583 395 781 437 tempora,
811 397 862 424 ne
880 394 944 424 aut
966 384 1076 424 citius
1092 414 1104 432 ,
1136 392 1201 423 aut
1218 384 1358 424 tardius
1377 414 1388 433 ,
1420 397 1464 424 ac
1482 394 1664 436 oportet,
1695 383 1762 424 fiat
1777 385 1984 430 executio;
2014 383 2098 422 offi-
2122 392 2124 437 ξ

284 454 385 491 cium
410 453 460 488 ita
474 445 722 497 conjunftuin
741 458 829 485 cum
851 457 1010 485 munere
1023 444 1206 496 Principis
1218 473 1229 492 ,
1246 454 1289 484 ut
1303 444 1330 484 si
1343 445 1499 498 negotia
1517 444 1684 492 ferrent,
1698 446 1804 484 alteri
1824 443 2014 485 committi
2029 454 2099 482 ne·
2121 443 2124 493 l

283 520 472 562 quaquam
489 506 668 547 deberet:
698 519 785 546 nam
804 505 831 545 si
849 517 934 557 pars
959 503 1170 556 Majestatis
1190 515 1270 544 non
1287 504 1353 553 sit,
1385 503 1559 556 quaedam
1581 504 1713 545 saltem
1736 506 1832 544 illius
1851 503 1905 544 est
1921 503 2096 543 reflexio.
2120 498 2132 557 ζ.

281 570 376 610 Illud
395 598 407 617 ‚
439 569 579 619 opinor
602 597 615 616 ,
647 566 786 606 Cicero
814 566 1026 614 innuebat,
1060 564 1148 604 ciim
1179 563 1451 604 Proconsuleni
1480 593 1492 611 ,
1523 566 1589 615 qui
1621 574 1704 605 tum
1725 565 1824 605 Afiae
1852 564 2099 604 Provinciam
2119 561 2132 603 li

279 628 511 682 procurabat
530 628 588 667 his
614 628 743 666 verbis
767 625 1018 665 admoneret:
1052 623 1124 678 (a)
1150 622 1206 663 Sit
1236 623 1383 664 annulus
1400 631 1484 664 tuus
1511 622 1539 676 C
1555 636 1634 675 quo
1658 627 1816 664 nomine
1836 624 2091 664 secretarium
2120 617 2132 675 j

277 687 491 742 intellige)
521 701 586 728 non
619 694 658 727 ut
694 699 765 726 vas
791 685 930 738 aliquod
934 717 947 735 ,
966 681 1032 736 sed
1053 692 1217 736 tanquam
1246 679 1309 736 ipse}
1339 690 1380 723 tu
1408 697 1422 733 ,-
1452 697 1517 724 non
1545 683 1713 739 ildinister
1728 684 1845 725 alienae
1871 684 2063 724 voluntatis
2082 711 2096 731 ‚

267 745 331 800 sed
348 747 443 803 testis
460 756 542 789 tuce.
602 746 769 787 Ministri
786 747 844 785 alii
869 747 907 784 in
927 756 1006 784 uno
1026 744 1107 784 solo
1129 755 1289 783 munere
1317 742 1533 795 Principem
1565 743 1769 784 referunt:
1798 743 2031 784 Secretarius
2051 743 2092 781 in
2118 752 2132 789 ii

277 810 472 853 omnibus,
528 808 571 848 ln
587 809 664 847 aliis
684 807 817 847 sufficit
834 807 986 845 scieni'a
996 816 1122 844 rerum
1137 805 1180 844 iis
1198 800 1500 851 coinmiffarum3
1528 804 1568 843 in
1586 805 1663 844 hoc
1682 806 1853 856 cognitio
1863 804 2086 854 requiritur,
2118 815 2132 855 is

277 869 562 921 &experientia
581 869 704 919 aliqua
723 865 1186 917 communi8,&specialis
1204 865 1340 903 artium
1350 864 1522 902 omnium
1535 872 1612 905 tam
1631 862 1741 913 belli,
1754 863 1868 915 quam
1877 865 1994 915 pacis,
2023 861 2093 901 Er·
2118 864 2122 896 1

274 938 355 970 rata
371 931 520 969 illorum
543 930 580 968 in
595 940 669 967 una
690 928 773 966 sunt
795 928 951 966 materia
973 940 986 972 ς
1018 926 1157 965 horum
1188 925 1284 964 vero
1307 925 1345 963 in
1368 923 1547 963 omnibus
1564 953 1577 972 ,
1607 926 1738 964 oculta
1762 933 1915 972 tamen,
1947 923 1984 963 &
2008 934 2092 974 quae
2118 918 2120 973 f

274 988 410 1042 postea
429 988 602 1027 Consiliis
620 988 858 1038 imputantur
880 999 892 1033 3
926 983 1254 1037 quemadmodum
1270 984 1448 1037 gravitati
1465 983 1592 1023 morbi
1614 996 1762 1024 errores
1782 984 2033 1024 Medicorum
2051 984 2089 1021 in

275 1047 508 1101 applicandis
525 1047 716 1092 remediis.
776 1047 875 1086 Cum
896 1047 1003 1085 malis
1027 1044 1211 1084 Ministris
1232 1045 1378 1096 poterit
1399 1043 1579 1095 Princeps
1602 1046 1640 1084 in
1675 1047 1841 1097 negotiis
1866 1045 1938 1084 suis
1966 1044 2090 1082 effice·
2118 1079 2125 1090 λ,

273 1120 315 1149 re
330 1107 471 1159 aliquid
491 1138 503 1157 ,
532 1117 570 1147 at
593 1120 672 1147 non
691 1119 777 1147 cum
801 1107 982 1159 imperito
1009 1104 1237 1144 Secretario.
1297 1104 1530 1144 Stomachus
1551 1101 1626 1154 est,
1644 1104 1710 1143 ubi
1732 1104 1952 1157 digeruntur
1971 1114 2090 1153 nego·
2117 1108 2123 1123 ⁵

272 1170 326 1207 tia
353 1198 365 1217 ,
398 1168 436 1208 δι
459 1167 487 1208 fi
515 1166 706 1208 concocta
724 1166 823 1208 male
842 1166 932 1206 inde
962 1165 1174 1218 prodeant,
1206 1164 1350 1204 caduca
1369 1166 1441 1204 erit
1464 1163 1501 1203 &
1520 1164 1650 1204 brevis
1675 1165 1754 1204 vita
1789 1163 2090 1217 gubernationis.
2118 1169 2119 1187 ³

270 1227 515 1280 Repetantur
532 1229 718 1268 memoria
741 1237 919 1279 tempora
948 1225 1053 1265 retro
1075 1226 1288 1276 praeterita,
1312 1223 1350 1264 &
1369 1222 1492 1264 statim
1510 1224 1894 1276 apparebit,nullum
1922 1234 2091 1275 unquam

269 1287 408 1329 statum
431 1287 502 1328 rite
528 1288 566 1328 &
581 1287 745 1328 feliciter
763 1288 1016 1340 gubernatum
1037 1284 1168 1334 fuisse,
1191 1284 1260 1325 nifi
1278 1297 1389 1333 eum,
1422 1286 1487 1336 qui
1506 1285 1669 1337 insignes
1690 1285 1823 1324 habuit
1844 1284 2088 1324 Secretarios.
2116 1279 2117 1302 ³

270 1348 379 1401 Quid
403 1347 548 1396 refert,
579 1347 728 1400 optime
758 1347 922 1387 statuere
953 1346 1168 1396 Principem
1187 1375 1198 1392 ‚
1229 1344 1258 1384 fi
1284 1344 1518 1384 Secretarius
1545 1343 1644 1384 male
1664 1344 1757 1384 illud
1785 1345 1960 1396 disponat
1979 1374 1991 1392 ,
2022 1355 2089 1382 ne·
2115 1347 2116 1352 ’

271 1420 348 1460 que
367 1421 454 1448 cum
477 1408 624 1459 judicio
655 1408 848 1459 ponderet
872 1437 884 1456 ‚
917 1415 982 1445 aut
1014 1417 1103 1444 cum
1124 1404 1330 1456 prudentia
1377 1403 1558 1443 observet
1582 1406 1723 1455 aliquas
1746 1403 2040 1444 circumstantias
2065 1402 2087 1442 a
2116 1418 2117 1421 ¹

270 1469 409 1519 quibus
427 1467 649 1520 dependere
665 1468 787 1507 solent
802 1463 992 1519 negotia.9
1023 1465 1062 1504 Si
1082 1464 1285 1516 prudentia
1306 1465 1358 1503 illi
1379 1463 1476 1503 defit
1499 1493 1511 1512 ,
1542 1476 1622 1503 non
1640 1464 1797 1513 sufficit,
1832 1464 1939 1516 quod
1966 1476 2088 1503 certas

268 1528 452 1578 quasdam
472 1527 659 1567 scribendi
686 1526 871 1566 formulas
893 1535 1048 1565 teneat:
1081 1526 1148 1563 vix
1167 1525 1286 1564 ullum
1306 1524 1408 1563 enim
1432 1522 1487 1561 est
1512 1526 1712 1574 negotium
1738 1553 1750 1572 ,
1783 1525 1844 1562 cui
1866 1523 2019 1562 alterius
2046 1535 2084 1562 e-
2114 1527 2115 1533 ’

266 1589 440 1639 xemplar
463 1589 583 1639 aptari
600 1596 727 1638 queat,
790 1586 932 1625 Omnia
955 1597 1042 1623 curn
1061 1593 1240 1634 tempore
1254 1613 1266 1631 ‚
1297 1584 1454 1633 aliisque
1471 1582 1733 1622 accidentibus
1752 1581 1915 1622 formam
1935 1594 2084 1623 mutant
2113 1576 2115 1612 5

266 1646 305 1686 &
326 1657 511 1686 naturam.
601 1645 762 1685 Habent
787 1645 1078 1695 Pharmacopoei
1098 1641 1267 1682 remedia
1290 1642 1438 1681 diversa
1470 1640 1490 1680 ὲ
1511 1644 1624 1682 variis
1653 1643 1868 1695 proescripta
1886 1643 2054 1683 Medicis
2072 1673 2085 1694 ‚

264 1718 339 1758 pro
361 1705 520 1746 diversis
536 1706 760 1745 morborum
780 1706 879 1744 curis
902 1714 913 1747 ε
945 1703 1082 1743 verbm
1109 1703 1309 1755 graviffimi
1342 1701 1479 1741 fierent
1513 1714 1660 1742 errores
1681 1733 1692 1751 ‚
1724 1703 1752 1742 fi
1776 1703 1845 1755 ipsi
1874 1703 2084 1743 Medicinae
2113 1694 2114 1708 ¹

263 1767 432 1819 imperiti
461 1778 524 1805 eas
551 1767 787 1818 applicarent
805 1764 1090 1818 aegritudinibus
1111 1763 1256 1815 absque
1276 1763 1413 1802 notitia
1436 1763 1628 1803 causarum
1646 1793 1658 1812 ,
1690 1762 1970 1804 constitutionis
1984 1764 2086 1804 infir·
2112 1799 2113 1804 ,

262 1828 346 1875 mi,
377 1828 565 1878 temporis
583 1856 595 1875 ‚
628 1828 863 1876 aliarumque
891 1822 1275 1871 circumstantiarum,
1308 1835 1401 1874 quas
1415 1822 1500 1861 usus
1512 1821 1754 1873 observavit,
1786 1822 1823 1864 &
1845 1825 2012 1877 prudens
2027 1838 2083 1864 ra-
2111 1819 2113 1861 J

263 1888 321 1926 tio
338 1885 555 1937 expendit,
587 1897 631 1924 ac
652 1885 874 1937 speculatio.
936 1883 1043 1923 Idem
1075 1885 1274 1934 negotium
1296 1884 1403 1922 aliter
1428 1883 1616 1933 praescribi
1645 1883 1763 1923 debet
1784 1885 1831 1923 ad
1862 1884 2080 1926 Ministrum
2110 1885 2112 1897 ¹

262 1946 564 1999 phlegmaticum
586 1974 598 1993 ,
631 1946 738 1983 aliter
756 1944 802 1982 ad
826 1945 1062 1983 cholericum
1087 1955 1095 1985 .·
1129 1944 1236 1982 aliter
1253 1941 1300 1980 ad
1322 1941 1554 1982 timidiorem
1574 1972 1586 1990 ,
1618 1945 1725 1983 aliter
1743 1944 1791 1983 ad
1818 1944 2072 1985 audaciorem.
2108 1947 2110 1954 ⁸

260 2004 465 2056 Utrosque
487 2006 538 2043 illi
559 2003 742 2044 instruere
760 2003 925 2051 debent,
939 2002 1140 2055 quomodo
1166 2001 1331 2041 curanda
1348 2003 1513 2053 negotia,
1534 2002 1570 2040 &
1589 2003 1830 2054 expedienda
1855 2004 1938 2048 sint.
1970 2004 2079 2058 Quid

262 2064 476 2105 Secretaria
493 2063 594 2103 aliud
612 2064 720 2113 sunt,
743 2063 857 2114 quam
881 2064 1019 2103 scliolae
1041 2062 1213 2111 quaedam
1232 2091 1243 2110 ‚
1274 2060 1296 2100 e
1317 2061 1454 2112 quibus
1476 2061 1637 2114 insignes
1655 2061 1821 2102 Ministri
1844 2064 2039 2115 prodeunt
2059 2065 2078 2104 *ἓ
2109 2086 2110 2090 =

260 2123 324 2166 Ex
350 2126 415 2174 iis,
448 2137 530 2175 quae
553 2124 621 2175 ipsi
640 2123 705 2163 usu
725 2123 762 2162 &
790 2120 1025 2174 experientia
1043 2122 1249 2161 observant
1267 2151 1280 2169 ‚
1313 2132 1447 2159 omnes
1470 2121 1611 2160 retiam
1635 2122 1872 2173 gubernandi
1887 2126 2075 2167 rationem
2108 2148 2109 2174 ;

261 2184 433 2225 edocere
458 2193 655 2236 poterunt.
719 2183 774 2222 Ibi
790 2194 925 2223 notare
950 2192 1138 2234 oportet,
1168 2194 1253 2231 quae
1273 2180 1377 2219 rthe
1396 2179 1511 2227 fiant,
1542 2193 1626 2232 quae
1640 2181 1759 2221 secus.
1821 2182 1856 2223 E
1883 2185 2019 2235 quibus
2035 2197 2079 2225 0-
2108 2175 2109 2190 ³

259 2245 414 2286 mnibus
435 2241 549 2283 facile
565 2242 770 2283 conficitur
800 2272 813 2289 ‚
843 2246 974 2294 quanti
1000 2241 1143 2281 intersit
1174 2241 1220 2280 ad
1247 2242 1447 2280 utilitatem
1466 2241 1659 2291 publicam
1679 2272 1692 2290 ,
1723 2243 1816 2281 tales
1834 2244 1918 2297 eligi
1943 2244 2077 2285 Secre-
2107 2280 2108 2289 ,

259 2307 378 2345 tarios
402 2334 415 2353 ,
445 2305 510 2355 qui
532 2305 688 2355 optimis
708 2303 868 2342 Naturae
891 2304 1000 2342 donis
1018 2300 1183 2341 instruffi
1202 2301 1271 2339 sint
1292 2331 1305 2348 ‚
1336 2300 1471 2352 Magni
1497 2302 1547 2340 illi
1568 2300 1646 2341 Dei
1663 2301 1827 2343 Ministri
1849 2313 1913 2343 aut
1942 2304 2076 2346 Secre-

259 2367 367 2412 terii,
412 2376 510 2414 quos
527 2362 785 2415 Evangelistas
814 2364 975 2403 dicimus
1000 2364 1037 2401 in
1062 2361 1295 2413 Apocalypsi
1330 2361 1602 2400 adumbrantur
1626 2373 1697 2413 per
1715 2373 1879 2413 quatuor
1902 2366 2075 2405 animalia
2106 2350 2108 2377 ξ

260 2426 372 2472 alata,
383 2423 483 2462 intus
503 2435 546 2461 ac
562 2422 656 2462 foris
675 2424 796 2462 oculis
834 2421 905 2477 (h)
938 2425 1065 2474 plena,
1089 2421 1124 2460 δε
1139 2433 1274 2474 pennae
1292 2422 1446 2471 quidem
1467 2422 1714 2461 velocitatem
1736 2422 1773 2462 &
1798 2425 2072 2466 executionem

258 2485 399 2536 ingenii
412 2483 618 2522 denotant:
649 2484 750 2522 oculi
769 2485 1001 2530 exteriores,
1017 2492 1232 2520 accuratam
1252 2482 1422 2520 oninium
1448 2483 1646 2524 notitiamt
1677 2483 1902 2533 interiores,
1933 2497 2074 2525 eorun-

259 2543 349 2583 dem
367 2544 736 2594 contemplationem
757 2553 772 2586 t
803 2552 879 2581 tain
900 2543 1035 2581 intenti
1056 2543 1183 2592 operi,
1198 2551 1241 2580 ut
1261 2553 1335 2580 nec
1350 2539 1493 2592 noetu,
1522 2554 1596 2582 nec
1623 2542 1788 2582 interdiu
1812 2545 1981 2595 quietem
1999 2544 2070 2600 (c)
2104 2539 2106 2556 ³

259 2614 462 2656 caperent:
494 2613 569 2643 tam
595 2603 819 2654 obligationi
850 2603 921 2641 suae
951 2603 1219 2655 invigilantes,
1250 2610 1292 2639 ut
1321 2599 1529 2641 Ezechiele
1564 2599 1688 2651 teste,
1721 2603 1868 2657 semper
1901 2606 2068 2655 calamo,
2103 2632 2104 2639 i

257 2664 296 2704 &
319 2664 457 2703 cliartae
468 2661 815 2717 <d)intenderent;
846 2661 1069 2702 conformes
1088 2663 1126 2702 in
1146 2661 1337 2710 omnibus,
1359 2660 1397 2701 &
1413 2663 1509 2702 uniti
1523 2661 1593 2715 ipsi
1614 2661 1754 2704 divinae
1771 2665 1891 2706 menti
1908 2664 1945 2705 ὃς
1962 2665 2064 2718 spiri·
2101 2683 2102 2691 ¹

256 2724 334 2773 tui,
351 2721 373 2762 a
388 2735 467 2775 quo
485 2720 586 2762 nulla
605 2724 640 2762 in
660 2735 701 2762 re
714 2721 785 2776 (e)
805 2722 1063 2762 discedebant.
2099 2727 2102 2734 ’

435 2783 566 2835 Atque
587 2793 628 2822 ut
650 2783 731 2822 haec
752 2783 1051 2822 Secretarioruin
1066 2780 1204 2821 eieeiio
1229 2778 1334 2820 reete
1350 2781 1461 2835 pollit
1478 2779 1639 2830 institui,
1669 2794 1798 2834 operae
1821 2787 1985 2838 pretium
2005 2783 2065 2824 fo-
2100 2822 2101 2827 ,
2128 2820 2132 2837 Α,

255 2849 338 2888 ret,
369 2850 496 2881 certos
514 2842 724 2894 quosdam,
755 2844 819 2894 qui
838 2843 884 2883 ad
904 2843 941 2882 id
962 2842 1185 2883 viderentur
1208 2841 1364 2890 idonei,
1393 2840 1560 2894 primum
1587 2853 1769 2884 exercere
1797 2846 1835 2885 in
1859 2846 1972 2884 variis
1995 2846 2064 2885 mi·
2098 2845 2132 2891 ss‘

254 2900 414 2943 nisteriis
435 2911 550 2952 atque
567 2903 724 2950 officiis3
754 2904 860 2954 quod
879 2902 959 2943 fieri
993 2905 1164 2955 poterit,
1195 2901 1222 2940 fi
1243 2900 1426 2954 Princeps
1450 2902 1604 2955 Legatis
1635 2902 1729 2952 suis,
1759 2913 1823 2943 aut
1857 2905 2064 2955 majoribus
2098 2903 2100 2942 ἒ

253 2959 440 3003 Ministris
457 2973 525 3001 eos
545 2961 720 3016 adjungat
739 2962 993 3013 secretarios,
1023 2964 1088 3016 qui
1103 2961 1256 3015 ingenio
1275 2963 1404 3002 valent
1419 2974 1544 3003 rerum
1564 2966 1695 3015 capaci
1714 2975 1800 3003 curn
1810 2962 1955 3004 Latinae
1970 2964 2062 3004 Lin-
2098 2971 2099 2975 ’

1977 3037 2062 3079 guae
2096 3032 2098 3077 ,1
2129 3014 2132 3083 ῗ

2096 3081 2101 3105 *i
2129 3085 2132 3099 i

303 3198 310 3205 ι
350 3148 409 3192 (a)
436 3144 515 3205 Cic.
532 3144 637 3195 Epist.
662 3158 692 3183 1.
704 3148 746 3183 ad
764 3148 913 3199 Quin&
929 3150 1021 3187 Frat.
1074 3150 1139 3195 (b)
1149 3150 1297 3203 Singula
1309 3165 1425 3189 eorum
1443 3150 1620 3189 habebant
1633 3151 1712 3190 alas
1720 3149 1825 3197 ftnas
1839 3168 1851 3190 .·
1873 3153 1919 3197 ό·
1939 3158 1980 3193 in
1993 3159 2061 3194 cir·
2095 3143 2100 3192 i}

253 3207 353 3235 cultu
367 3224 377 3238 ,
403 3196 449 3240 ό·
465 3207 562 3234 mtus
570 3196 677 3251 plena
690 3199 804 3236 oculis.
829 3204 946 3251 Apoc.
963 3216 1000 3251 4.
1023 3209 1055 3245 8.
1108 3203 1171 3251 (c)
1198 3208 1243 3240 Et
1259 3206 1412 3255 requiem
1426 3217 1492 3241 non
1501 3203 1678 3241 habebant
1692 3203 1748 3243 die
1762 3218 1804 3241 ac
1816 3207 1924 3243 meh.
1941 3211 2058 3259 Apoc.

254 3261 294 3296 4.
314 3256 347 3289 8.
399 3251 460 3309 (d)
478 3251 591 3287 Facies
618 3263 734 3287 eorum
751 3250 796 3294 ὠ
805 3263 921 3305 pennae
941 3267 1057 3291 eorum
1072 3264 1221 3292 extentae
1238 3255 1388 3312 destaeper.
1415 3257 1542 3296 Ezech.
1562 3270 1594 3296 1.
1617 3270 1673 3300 11.
1727 3258 1787 3308 (e)
1818 3257 1884 3298 Ubi
1900 3270 1982 3300 emt
1989 3252 2058 3301 im
2094 3262 2096 3289 t

245 3309 351 3355 petus
367 3305 518 3355 Sptrmcs
531 3331 543 3352 ,
567 3302 902 3359 illicgradiebantur
915 3334 926 3353 ,
952 3307 1082 3348 Ezech.
1106 3319 1138 3345 1.
1161 3321 1219 3347 12.
1666 3307 1672 3310 “
2093 3300 2095 3329 ³
