2132 3730
246 263 333 304 218
708 249 1059 294 DIDACI
1112 247 1650 297 SAAVEDRAE.

247 311 2049 331 *ww

245 353 331 390 ant,
357 340 447 393 jussa
465 341 622 378 aliorum
650 342 923 381 contemnunt,
954 342 1171 386 putantque
1190 334 1238 374 ad
1261 336 1367 377 suum
1388 337 1583 378 arbitrium
1605 341 1733 379 omnia
1751 340 1897 380 debere
1912 343 2058 392 peragi.
2120 354 2121 359 ¹

243 400 336 442 Nec
360 402 481 440 minus
513 395 698 435 obstaculi
722 393 818 435 solet
851 393 928 434 effe
954 394 1001 434 ab
1024 394 1173 434 eximiis
1196 395 1309 437 animi
1339 397 1517 447 dotibus,
1547 398 1687 451 quibus
1719 401 1874 440 excellit
1906 400 2062 451 aliquis,

243 462 358 512 quam
393 458 420 497 fi
449 457 609 496 omnino
640 453 843 495 destitutus
874 455 917 493 iis
945 454 1017 494 fit:
1047 455 1172 494 nullus
1208 456 1309 495 enim
1336 469 1426 497 eum
1456 458 1559 509 capit
1587 459 1721 507 locus,
1751 461 1815 511 qui
1839 459 1888 499 de
1917 460 2063 498 meritis
2120 469 2122 478 ⁸

241 520 314 560 suis
337 519 493 559 nimium
516 516 718 568 praesumit.
780 514 958 554 Tiberius
992 512 1065 568 (a)
1095 527 1200 568 neque
1225 518 1406 557 eminentes
1429 519 1586 558 virtutes
1598 516 1822 571 sperabatur,
1849 518 1904 564 ἐξ)
1938 515 2061 570 rurfits

240 582 332 620 vitia
352 576 471 618 oderat
477 589 491 625 ,·
518 588 560 615 ex
579 578 711 628 effitimis
724 574 914 628 periculam
928 573 997 625 sthi·
1009 607 1021 623 ,
1052 577 1074 614 ἁ
1081 574 1229 628 peffimis
1245 573 1383 616 dedecus
1386 576 1562 629 publicum
1584 578 1765 619 metuebat.

413 636 450 688 §.
481 635 573 676 Nec
592 638 683 676 item
702 637 795 675 boni
821 634 985 675 Ministri
1005 633 1079 674 effe
1097 636 1245 683 solent,
1280 637 1344 687 qui
1364 637 1494 677 amicis
1514 637 1731 687 abundant,
1745 637 1967 691 florentque
1980 636 2062 678 for-

236 697 338 736 tunis
355 708 399 736 ac
417 697 578 750 opibus;
605 696 644 736 hi
660 696 761 736 enim
780 707 869 736 cum
890 708 970 736 non
994 704 1130 747 egeant
1161 694 1358 747 Principe,
1388 692 1462 751 (b)
1494 696 1533 737 &
1562 694 1741 749 tffluentia
1755 695 1937 748 fortunae,
1967 699 2060 738 viri-

235 770 312 805 um,
341 765 437 809 qvam
456 755 508 801 &⁹
528 759 732 805 amicorum,
761 757 967 809 aliorumque
990 755 1110 795 talium
1124 805 1128 810 .
1141 753 1313 809 corstituti
1331 755 1425 807 sint,
1457 758 1628 809 pericula
1660 756 1699 797 &
1734 757 1886 797 labores
1911 756 2062 810 defugi-

235 826 329 865 unt,
360 816 413 862 &⁹
431 819 503 869 regi
533 824 638 870 atque
660 816 791 856 obedire
807 829 913 869 neque
929 815 1048 855 volunt
1062 847 1072 864 ‚
1102 829 1206 868 ireque
1223 823 1363 856 norunt.
1427 813 1498 870 (c)
1529 816 1650 857 Unde
1672 815 1840 858 Solibius
1872 816 2060 858 Britanni·
2116 821 2117 837 ³

236 889 304 917 cus
324 876 453 917 dicere
472 877 617 916 solebat
629 906 641 925 ,
671 877 773 917 Auri
788 879 881 924 vim,
912 883 1017 930 atque
1033 884 1107 927 (pes
1124 874 1346 926 Principibus
1363 872 1510 926 infenstzs
1530 875 1598 930 effe.

410 936 444 988 §.
475 936 555 975 Ubi
573 938 684 988 igitur
702 934 889 988 praemiffo
917 938 1092 975 examine
1125 936 1259 975 debito
1274 967 1285 983 ‚
1316 936 1450 987 aliquis
1464 937 1505 975 in
1525 934 1744 976 Ministrum
1766 935 1904 976 ascitus
1925 934 2056 986 fuerit,
2116 924 2117 968 ἶ

235 997 341 1037 omni
360 997 540 1036 exteriori
566 1007 677 1036 motu
702 996 884 1036 sinceram
905 1006 992 1049 erga
1011 1007 1100 1035 eum
1125 994 1398 1036 confidentiam
1415 1008 1495 1048 prae
1534 995 1572 1036 se
1599 995 1698 1036 ferat
1722 996 1927 1048 Princeps-3
1958 997 2056 1036 sem·
2115 995 2117 1042 3

232 1068 304 1109 per
336 1066 463 1096 tamen
484 1058 521 1095 in
539 1054 710 1096 actiones
729 1056 925 1108 ejusdem,
957 1055 994 1094 δε
1018 1056 1172 1095 consilia
1191 1057 1362 1096 intentos
1389 1056 1531 1095 habeat
1561 1056 1719 1095 oculos:
1748 1055 1857 1107 quod
1887 1056 1916 1096 fi
1949 1055 2058 1096 forte

233 1116 342 1155 exiis
374 1118 588 1168 periculum
606 1116 761 1168 aliquod
781 1116 849 1157 fibi
878 1117 994 1155 creari
1014 1115 1122 1167 posse
1154 1115 1309 1164 videat,
1340 1116 1448 1156 alteri
1472 1127 1560 1155 eum
1585 1116 1734 1155 muneri
1765 1117 1956 1167 applicet,
1986 1116 2058 1156 ubi
2114 1107 2124 1115 ⁷

230 1177 451 1216 voluntates
467 1178 626 1217 aliorum
648 1189 726 1217 non
747 1175 950 1228 tantopere
973 1175 1041 1215 fibi
1064 1173 1261 1214 obstrictas
1285 1176 1446 1224 habeat,
1475 1187 1605 1227 neque
1625 1184 1768 1215 tantam
1791 1173 1891 1214 male
1916 1174 2056 1229 agendi
2090 1187 2116 1224 y

230 1238 579 1288 opportunitatem:
609 1236 729 1289 major
752 1239 851 1276 enim
875 1236 1099 1288 prudentia,
1130 1235 1167 1274 δε
1186 1236 1398 1288 benignitas
1420 1233 1495 1284 est,
1526 1246 1771 1288 praecavere,
1795 1246 1845 1275 ne
1868 1236 1952 1286 quis
1975 1235 2056 1274 sce-
2112 1246 2115 1270 i

230 1297 309 1335 lere
332 1296 368 1335 se
395 1296 589 1351 astringat,
621 1298 735 1350 quam
756 1296 845 1349 post
873 1294 1068 1335 admiffum
1089 1295 1210 1335 scelus
1238 1294 1367 1335 deliffl
1388 1297 1541 1335 veniam
1569 1295 1801 1336 concedere.
1865 1294 2055 1334 vietoriae
2112 1346 2113 1349 Ἴ

229 1355 449 1396 Germanici
469 1359 506 1397 in
522 1358 692 1409 partibus
723 1357 962 1404 Germaniae,
996 1356 1032 1395 δε
1050 1357 1211 1394 militum
1228 1354 1453 1406 applausus,
1485 1354 1552 1394 etii
1591 1367 1639 1395 ex
1659 1367 1735 1395 una
1760 1364 1875 1407 ‚parte
1900 1353 2054 1394 Tiberi-
2112 1376 2118 1402 3

229 1428 296 1456 um
314 1417 440 1456 laetitia
469 1417 692 1465 affecerint,
728 1429 776 1456 ex
794 1418 910 1455 altera
928 1426 1054 1454 tamen
1071 1427 1178 1454 curas
1196 1416 1274 1463 illi,
1307 1414 1342 1454 ἅ
1371 1412 1653 1454 aemulationem
1687 1414 1763 1467 (d)
1792 1423 2052 1466 pepererunt:
2110 1427 2113 1465 ξ

228 1488 396 1527 cumque
417 1476 550 1529 postca
571 1489 631 1516 res
658 1478 695 1516 in
715 1476 877 1515 Oriente
906 1475 1073 1514 turbatas
1103 1485 1296 1522 cerneret,
1326 1485 1406 1514 non
1423 1474 1670 1514 mediocriter
1688 1475 1855 1527 gravisus
1876 1473 1951 1522 est,
1979 1473 2052 1527 (e)
2110 1467 2115 1517 Ξ

225 1542 267 1577 ut
288 1533 447 1587 edspecie
466 1537 706 1576 Germanicum
719 1533 829 1586 fizetis
848 1534 1025 1586 legionibus
1042 1533 1278 1587 abstraheret,
1301 1535 1468 1586 novisque
1490 1534 1692 1573 Provinciis
1719 1532 1899 1584 impositum
1916 1533 1986 1573 dolo
1999 1532 2051 1583 fl·

224 1595 294 1635 mul
309 1593 360 1639 ἐξ
377 1594 504 1646 casibus
520 1595 715 1649 obsecraret.
777 1595 924 1634 Verum
945 1594 972 1632 si
992 1591 1209 1632 Ministrum
1237 1594 1401 1643 aliquem
1420 1592 1468 1631 ab
1489 1593 1617 1632 officio
1641 1595 1837 1632 removeri
1863 1602 2052 1644 oportue-

224 1657 296 1701 rit,
326 1653 366 1692 id
396 1653 462 1693 fiat
482 1654 608 1705 specie
632 1656 796 1695 honoris
820 1684 832 1702 ‚
865 1653 901 1692 &
924 1652 1130 1702 antequam
1154 1652 1402 1691 incommoda
1424 1651 1548 1703 palam
1579 1653 1820 1692 innotescant
1842 1680 1854 1700 ‚
1885 1663 1930 1691 ea
1955 1665 2047 1693 cum

223 1712 447 1766 prudentia,
479 1722 521 1752 ut
537 1725 587 1752 ne
611 1713 890 1752 animadvertat
915 1711 983 1751 sibi
1005 1711 1176 1750 diffidere
1198 1710 1435 1763 Principem,
1465 1724 1552 1751 nam
1573 1712 1670 1753 sicut
1694 1709 1780 1765 (f)
1810 1712 1906 1751 ‚ruelii
1917 1709 2050 1762 fallere

223 1773 434 1823 docuerunt,
463 1771 542 1812 dum
557 1775 675 1813 timent
679 1770 766 1825 falli
773 1787 786 1822 ,·
815 1774 867 1812 ita
900 1771 1074 1811 dubitare
1092 1770 1231 1810 infidos
1251 1771 1391 1815 reddit.
1453 1770 1550 1811 Eam
1567 1773 1619 1812 ob
1638 1783 1718 1812 rem
1740 1770 1939 1820 Tiberius,
1959 1771 2050 1813 cum

224 1833 500 1875 Germanicum
521 1833 688 1873 Romam
707 1831 841 1885 postea
863 1843 1049 1871 revocare
1066 1828 1184 1870 vellet
1200 1861 1212 1878 ,
1243 1832 1283 1871 id
1309 1830 1405 1871 fecit
1438 1833 1622 1884 triumphi
1647 1832 1797 1883 specie,
1827 1827 1901 1886 (g)
1930 1833 2048 1871 acrius

221 1891 412 1945 modestiam
431 1894 504 1945 ejus
521 1889 714 1945 aggreffits,
744 1892 891 1932 alteram
910 1893 940 1930 ei
956 1888 1155 1941 confidatmn
1180 1888 1375 1943 ffreud0‚·
1405 1904 1479 1942 qua
1502 1893 1539 1931 in
1573 1904 1614 1932 re
1637 1891 1848 1933 admodum
1871 1892 2049 1932 liberales

224 1953 349 1993 solent
368 1950 442 1991 esse
461 1951 676 2002 Principes,
708 1951 798 1990 dum
821 1951 1093 2001 suspicionibus
1112 1950 1182 1988 suis
1205 1949 1241 1988 se
1263 1950 1423 1989 liberare
1444 1952 1617 2001 cupiunt.

400 2010 435 2062 §.
468 2010 505 2050 Si
524 2011 695 2050 subditus
714 2012 827 2050 semel
846 2011 1101 2049 reverentiam
1121 2020 1207 2060 erga
1232 2009 1448 2060 Principem
1475 2011 1650 2057 exuerit,
1681 2010 1735 2049 nil
1764 2008 1898 2060 postea
1920 2007 2043 2048 eonfi-

223 2071 365 2112 dentiae
388 2070 584 2122 proderit,
614 2080 657 2109 ut
676 2069 805 2110 secure
825 2071 961 2109 vivere
989 2071 1113 2111 liceat.
1174 2068 1346 2108 Sanciius
1373 2068 1518 2108 Primus
1542 2068 1724 2121 Legionis
1753 2068 1827 2122 (h)
1854 2069 1943 2108 Rex
1975 2081 2046 2108 ve-

223 2133 327 2173 niam
346 2130 504 2170 dederat
534 2129 679 2169 Comiti
704 2129 930 2178 Gonsalvo,
963 2129 1070 2180 quod
1091 2129 1233 2167 bellum
1261 2138 1396 2166 contra
1435 2127 1555 2178 ipsum
1582 2126 1808 2179 suscepisset,
1869 2128 2045 2168 Conatus

222 2190 281 2231 est
298 2203 387 2230 eum
403 2191 553 2241 insuper
567 2189 764 2229 beneficiis
786 2189 823 2229 δε
844 2190 953 2241 gatils
980 2188 1191 2231 dsmereri..
1223 2187 1285 2229 sed
1313 2199 1397 2238 quae
1428 2186 1663 2241 obstringere
1685 2199 1775 2228 eum
1801 2187 2014 2227 debuerant
2031 2217 2045 2237 ‚

224 2251 348 2292 ansam
364 2247 506 2289 dedere
528 2251 674 2302 potius,
706 2259 748 2289 ut
766 2250 864 2302 Regi
885 2261 1078 2288 venenum
1098 2258 1259 2299 pararet.
1989 2273 1993 2277 r
2041 2273 2043 2278 .

380 2309 551 2364 Quando
579 2310 628 2350 de
651 2311 816 2350 utilitate
845 2309 881 2348 &
911 2308 1128 2348 commodis
1155 2307 1372 2358 Principum
1395 2307 1542 2357 agitur,
1570 2308 1717 2347 nullum
1738 2306 1913 2346 amicitiae
1936 2336 1947 2354 ‚
1977 2313 2046 2345 aut

225 2371 467 2424 cognationis
483 2372 680 2410 vinculum
713 2370 760 2409 ad
782 2371 1019 2409 securitatem
1042 2368 1196 2416 sufficit,
1227 2377 1269 2406 ut
1291 2379 1388 2406 unus
1411 2365 1504 2406 fidat
1527 2368 1644 2406 alteri.
1706 2365 1768 2419 (i)
1799 2365 2042 2405 Diffidebant

224 2434 323 2472 inter
345 2431 381 2470 se
399 2429 658 2470 Ferdinandus
676 2429 844 2482 Magnus
864 2430 952 2467 Rex
975 2427 1145 2467 Castellae
1163 2459 1173 2473 ,
1206 2427 1242 2466 ἃ
1263 2427 1412 2467 Garsias
1438 2425 1624 2466 Navarrae
1642 2426 1758 2470 Rex-5
1789 2436 1957 2476 cumque
1979 2425 2044 2464 hic

223 2493 389 2544 Anagari
404 2492 544 2530 morbo
568 2489 1024 2536 teneretur‚deliberavit
1050 2487 1099 2526 de
1123 2486 1319 2526 Germano
1340 2488 1404 2525 suo
1420 2486 1537 2526 fratre
1551 2487 1709 2539 captivo
1721 2483 1946 2533 attinendo‚
1976 2485 2044 2536 qui

169 2562 173 2568 ’
224 2552 348 2592 visum
366 2562 454 2591 eum
476 2560 662 2591 venerat:
693 2550 758 2590 sed
783 2549 871 2588 cum
893 2548 1000 2588 secus
1026 2547 1181 2588 caderet
1202 2578 1212 2596 ,
1245 2548 1370 2586 voluit
1397 2546 1619 2587 diffimulare
1644 2544 1777 2598 postea
1796 2575 1809 2594 ,
1840 2544 2044 2585 invisendo

225 2612 273 2652 ad
287 2610 566 2652 Ferdinandum
585 2641 597 2657 .,
629 2609 719 2650 dum
742 2608 874 2661 Brugis
896 2620 993 2660 aeger
1017 2607 1108 2648 esset
1125 2639 1138 2656 ,
1166 2609 1232 2659 qui
1257 2607 1534 2658 comprehendi
1564 2619 1652 2647 eum
1670 2605 1779 2657 juffit.
1840 2604 2044 2645 Efficacior
2096 2650 2097 2657 ἵ

224 2674 403 2714 nimirum
422 2670 531 2711 estin
548 2671 786 2722 Principibus
811 2669 979 2708 vindicta
1000 2669 1035 2707 δι
1062 2669 1158 2707 ratio
1181 2668 1330 2716 Status,
1347 2679 1460 2719 quam
1485 2667 1743 2718 amicitia,aut
1762 2664 1917 2717 sanguis.
1967 2663 2044 2718 (k)
2096 2677 2098 2682 ⁸

224 2731 395 2785 Difficiles
407 2729 575 2782 fratrum
589 2731 626 2771 &
647 2733 856 2771 amicorum
874 2727 1094 2783 diſjeifiones,
1117 2727 1168 2772 &³
1191 2730 1251 2782 qui
1264 2727 1366 2768 valde
1379 2735 1521 2776 amant,
1551 2726 1654 2768 valde
1670 2725 1741 2766 odio
1761 2724 1895 2773 habent,
1958 2723 2044 2762 Un-
2095 2732 2097 2738 ’

224 2791 278 2832 de
299 2790 391 2830 illud
427 2794 541 2830 etiam
561 2792 691 2830 licebit
709 2790 1014 2831 animadvertere
1038 2819 1050 2836 ‚
1083 2789 1194 2840 quam
1221 2787 1443 2838 imprudens
1464 2787 1509 2827 fit
1530 2785 1766 2826 confidentia
1784 2797 1919 2824 eorum
1935 2783 2041 2823 Prin-
2094 2806 2096 2809 -

223 2853 357 2904 cipum
373 2881 386 2899 ,
418 2853 481 2901 qui
503 2852 540 2890 in
560 2849 725 2890 hostium
752 2852 904 2890 suorum
928 2850 1084 2888 arbitrio
1111 2846 1185 2888 sese
1202 2846 1452 2887 constituunt.
1513 2846 1647 2887 Vitam
1679 2847 1782 2886 suam
1808 2846 1846 2884 in
1866 2850 2042 2896 apertum

225 2911 385 2952 adduxit
411 2910 607 2950 discrimen
626 2941 636 2958 ‚
666 2911 786 2951 immo
813 2910 932 2950 amisit
959 2909 1136 2949 Granatae
1159 2907 1245 2947 Rex
1265 2938 1275 2956 ‚
1308 2906 1396 2948 cum
1420 2906 1584 2948 confisus
1613 2905 1822 2947 securitatis
1841 2903 1958 2943 literis
1987 2902 2038 2942 ad

223 2972 375 3024 Regem
407 2969 562 3010 Petrum
587 2970 753 3020 abiisset,
786 2971 976 3022 suppetias
1001 2971 1047 3008 ab
1072 2981 1120 3008 eo
1139 2969 1337 3020 petiturus.
1422 2967 1646 3007 Cautiorem
1675 2978 1720 3005 ea
1741 2966 1782 3004 in
1801 2974 1842 3002 re
1869 2963 1907 3003 se
1934 2963 2040 3014 geliic
2092 2998 2093 3015 2

224 3031 455 3073 Ludovicus
484 3029 625 3070 Sfortia
641 3029 737 3071 Dux
755 3029 1058 3071 Mediolanensis
1078 3059 1090 3079 ,
1120 3030 1185 3080 qui
1208 3039 1297 3068 cum
1323 3027 1433 3082 Rege
1458 3027 1626 3085 Franciae
1656 3034 1836 3066 oretenus
1865 3020 2040 3075 colloqui

1963 3095 2037 3124 no-

324 3173 380 3218 (a)
407 3173 493 3210 Tac.
508 3172 530 3209 l.
548 3184 578 3207 1.
597 3171 726 3207 Annal.
778 3172 844 3219 (b)
873 3171 977 3207 Arist.
995 3171 1017 3206 l.
1035 3184 1070 3218 4.
1086 3169 1208 3206 Pohe.
1228 3181 1284 3205 11.
1340 3170 1396 3216 (c)
1422 3170 1509 3205 Tac.
1531 3168 1553 3204 1.
1583 3178 1639 3203 11.
1665 3164 1795 3200 Annal.
1851 3166 1912 3211 (d)
1939 3152 2040 3203 Nunss
2065 3163 2071 3164 7

225 3222 322 3260 ciatd
335 3223 373 3259 ed
387 3222 557 3262 szerium
569 3223 695 3260 laetitia
708 3236 858 3275 curaque
874 3221 1047 3273 adficere.
1074 3220 1191 3258 Tacit.
1214 3221 1236 3257 l.
1266 3234 1296 3258 1.
1314 3221 1444 3259 Annal.
1494 3220 1553 3265 (e)
1579 3218 1676 3277 {dem
1689 3217 1718 3276 ι1.
1738 3229 1772 3254 2.
1789 3218 1919 3256 Annal.
1946 3269 1955 3278 ·
1974 3218 2039 3266 (f)

224 3277 489 3376 {gzeocfi-ckg)
515 3278 601 3316 Tac.
619 3276 642 3314 1.
661 3290 698 3316 2.
713 3277 844 3314 Annal.
897 3277 959 3324 (h)
985 3277 1076 3319 Mar.
1093 3272 1184 3312 Hist.
1203 3272 1304 3325 Hisp.
1356 3273 1406 3322 (i)
1433 3274 1523 3311 Mar.
1541 3269 1631 3310 Hist.
1649 3270 1748 3320 Hisp.
1802 3272 1866 3320 (k)
1891 3270 1997 3310 Arist.
2011 3272 2037 3311 1.
