2132 3730
450 182 1490 240 V-stMBOLAPOLJTICA.
1817 210 1897 248 ην

96 277 145 314 ris
176 270 362 328 regiminis
387 301 399 320 ‚
431 266 606 321 cum'i‘is,
636 282 734 323 quos
749 271 976 323 gubernatio
994 273 1054 312 illa
1073 274 1247 327 suprema
1265 276 1533 318 &universalis
1549 278 1901 333 sibihabetpropo-

98 334 217 384 sitos,
244 344 323 374 non
358 332 519 371 omnino
546 331 803 372 consentiunt.

261 390 296 442 ς,
328 391 445 430 Addo
467 392 559 433 illud
577 392 714 441 etiam,
743 403 824 432 non
847 391 1017 432 sufficere
1042 404 1178 433 omnes
1205 393 1320 433 animi
1342 394 1381 435 &
1404 399 1579 449 corporis
1604 398 1736 449 dotes,
1771 399 1818 440 ad
1843 410 1901 441 tu‹

92 451 228 491 endam
247 450 429 502 Principis
452 447 769 491 existimationem
783 482 794 501 ,
826 450 853 491 fi
881 449 958 503 ipsa
973 453 1053 503 eJus
1073 453 1217 492 familia
1234 451 1408 495 diffoluta
1437 449 1494 495 sit.
1555 459 1617 497 Ab
1642 461 1702 498 illa
1722 470 1804 500 tota
1820 460 1901 512 ejus

94 509 286 563 dependet
306 509 509 550 auctoritas
521 539 534 559 ‚
563 523 692 562 neque
709 512 783 550 ulla
801 523 860 550 res
878 512 1082 561 difficilior,
1113 512 1229 563 quam
1246 512 1406 554 domum
1425 518 1619 567 propriam
1643 519 1785 559 habere
1803 522 1905 560 bene

92 570 356 621 compositam.
415 569 516 610 Sane
549 572 675 611 minus
699 571 860 611 arduum
892 568 1085 624 plerisque
1107 571 1230 611 videri
1251 572 1348 612 solet
1369 576 1554 627 integram
1581 579 1792 628 gubernare
1813 581 1904 621 Pro-

89 631 253 670 vinciam
275 630 389 682 quam
407 642 520 670 unam
540 631 718 679 domum,
749 643 800 671 eo
818 632 926 683 quod
942 630 1123 683 Princeps
1151 643 1283 671 curam
1314 631 1419 674 istam
1438 636 1477 673 in
1506 635 1707 686 postremis
1737 640 1904 690 habeat,

87 692 213 729 animo
234 690 282 729 ad
309 691 452 742 majora
480 700 652 739 attento,
684 701 750 730 aut
781 695 870 743 quia
892 690 1017 731 obstat
1041 703 1149 730 amor
1184 694 1388 743 proprius,
1421 703 1487 732 aut
1513 694 1618 734 deest
1645 700 1758 738 animi
1785 702 1904 740 robur

86 749 133 788 ad
152 749 191 789 id
217 750 490 801 necessarium,
523 761 588 791 aut
604 749 659 791 est
686 753 873 809 naturalis
886 750 1059 802 quaedam
1084 752 1256 804 ignavia,
1287 763 1354 793 aut
1370 755 1422 793 illi
1443 754 1578 803 certe,
1609 758 1674 806 qui
1692 759 1790 796 circa
1803 761 1907 800 Prin.

86 811 213 861 cipem
231 811 332 860 sunt,
363 811 578 851 insolentias
605 811 831 851 domesticas
851 811 888 851 &
902 810 1134 851 famulorum
1151 809 1288 851 delicta
1305 812 1356 853 sic
1373 825 1517 853 norunt
1538 824 1668 867 tegere
1680 846 1692 865 ,
1723 828 1765 856 ut
1783 832 1904 859 reme-

86 869 189 909 dIum
209 872 251 909 iis
269 872 450 911 abhibere
468 884 545 911 non
562 872 686 924 poffit.
730 871 846 912 -Non
869 871 1025 910 minima
1041 872 1233 924 Agricolae
1257 874 1337 913 laus
1358 872 1454 923 fuit,
1483 873 1614 914 domum
1632 874 1733 926 suam
1752 881 1905 929 primum

81 928 271 984 coercugffi,
300 944 493 983 nunquam
517 930 799 984 permittendo,
828 940 872 971 ut
888 941 953 970 aut
968 931 1118 981 liberti,
1151 941 1215 972 aut
1231 932 1330 973 servi
1359 933 1436 990 (a)
1466 935 1630 985 publicis
1654 937 1767 977 rebus
1793 938 1908 978 seim-

82 990 296 1031 miscerent.
359 991 478 1031 Multi
496 992 690 1043 Principes
713 990 841 1030 Status
872 990 958 1030 suos
979 1003 1113 1044 regere
1140 993 1283 1042 sciunt,
1314 998 1428 1045 pauci
1453 994 1535 1033 suas
1562 995 1714 1036 domos.
1778 997 1907 1038 Galba.

83 1049 296 1101 Imperator
313 1063 392 1091 erat
408 1054 565 1093 minime
584 1054 725 1106 malus,
754 1051 822 1091 suo
842 1059 972 1091 tamen
991 1054 1136 1104 palatio
1153 1064 1235 1092 non
1261 1052 1410 1105 optime
1441 1053 1619 1106 praefuit3
1648 1068 1777 1107 neque
1803 1060 1908 1099 enim

84 1111 123 1148 in
144 1110 214 1150 isto
231 1114 379 1151 minora
396 1113 690 1153 dominabantur
715 1112 829 1160 vitia,
861 1124 975 1164 quam
1002 1113 1041 1151 in
1067 1111 1242 1152 Neronis
1269 1112 1344 1168 (b)
1380 1114 1476 1154 aula.
1534 1113 1659 1155 Laudi
1689 1117 1821 1158 datum
1845 1118 1911 1158 Ti-

84 1169 194 1209 berio
216 1172 439 1224 Imperatori
457 1185 535 1212 non
566 1175 732 1225 exiguae,
763 1172 870 1223 quod
894 1170 1040 1226 modesta
1071 1172 1123 1212 illi
1150 1172 1269 1213 effent
1285 1170 1451 1224 firvitia.
1509 1172 1631 1214 Nulla
1664 1176 1913 1217 Gubernatio

81 1229 187 1269 reete
203 1232 518 1283 laudabiliterque
544 1229 686 1272 institui
711 1234 874 1283 poterit,
906 1230 976 1285 (c)
1003 1232 1070 1271 ubi
1087 1231 1288 1273 domestici
1312 1233 1422 1274 simul
1450 1235 1664 1286 imperant,
1699 1237 1736 1276 &
1763 1238 1913 1289 praedas

82 1301 219 1342 agunt:
250 1302 314 1330 aut
335 1292 510 1343 superbia
536 1292 600 1331 sua
627 1293 784 1342 aliisque
806 1292 909 1331 vitiis
947 1289 1218 1333 auctoritatem
1244 1293 1325 1344 ejus
1349 1293 1598 1346 prostituunt.
1658 1295 1699 1336 Si
1732 1298 1827 1337 boni
1853 1298 1909 1337 illi

80 1349 190 1398 sunt,
223 1351 438 1402 Principem
456 1362 615 1402 quoque
640 1351 786 1390 bonum
807 1349 1001 1399 efficiunt3
1031 1351 1059 1391 fi
1079 1353 1273 1404 improbi,
1305 1354 1455 1394 tametsi
1472 1355 1599 1394 bonus
1626 1354 1673 1396 sit
1699 1355 1912 1410 Princeps,

81 1411 280 1461 improbus
300 1422 427 1450 tamen
449 1410 657 1450 videbitur.
717 1410 781 1449 Ab
798 1408 869 1450 illis
890 1409 1063 1450 actiones
1079 1411 1265 1462 Principis
1285 1412 1395 1453 suum
1416 1423 1642 1454 mutuantur
1663 1418 1831 1467 pretium
1844 1447 1855 1466 ‚
1871 1417 1912 1457 δε

82 1469 186 1509 bona
203 1471 371 1521 ejusdem
394 1470 496 1511 sama
516 1470 714 1522 dependet
731 1472 895 1522 pariter,
926 1469 1104 1519 &mala3
1134 1472 1323 1524 siquidem
1358 1474 1521 1514 aliorum
1555 1476 1719 1515 virtutes
1748 1477 1786 1517 &
1818 1480 1914 1517 vitia

81 1529 153 1580 ipsi
183 1530 302 1570 solent
329 1532 456 1570 tribui.
516 1530 557 1570 Si
574 1530 785 1583 prudentes
807 1530 880 1571 sint
911 1530 1112 1572 domestici
1132 1542 1255 1573 errata
1272 1533 1353 1584 eJ'us
1384 1533 1637 1585 dissimulant,
1667 1537 1788 1576 immo
1813 1550 1918 1589 quo-

85 1589 133 1627 ad
151 1589 231 1629 fieri
252 1590 381 1642 potest
399 1601 534 1631 omnes
552 1591 631 1642 ejus
646 1589 817 1630 afflones
839 1592 888 1631 ab
910 1603 1041 1632 errore
1063 1592 1280 1641 vindicant,
1312 1593 1350 1633 &
1375 1593 1696 1646 depraedicando,
1726 1599 1844 1649 magis
1866 1598 1911 1638 il-

83 1648 216 1689 lustres
231 1651 409 1691 reddunt„
470 1651 616 1690 Relatae
642 1651 688 1689 ab
713 1652 784 1689 illis
803 1663 891 1690 cum
908 1651 1072 1702 quadam
1087 1653 1223 1703 gratia,
1254 1651 1547 1693 admirationem
1557 1657 1721 1705 pariunt.
1787 1657 1913 1709 Quic-

84 1709 176 1759 quid
197 1711 246 1749 de
270 1710 447 1762 Principe
464 1720 592 1750 manat
606 1711 645 1748 in
669 1710 889 1760 publicum,
920 1709 959 1748 id
975 1722 1154 1763 magnum
1167 1710 1360 1762 judicatur
1376 1724 1397 1750 a
1421 1711 1588 1764 populo.
1646 1714 1747 1754 Intra
1768 1718 1910 1767 palatia

81 1768 278 1822 Principes
301 1772 462 1811 aliorum
479 1770 680 1809 hominum
699 1770 913 1809 consimiles
932 1771 1041 1819 lunt,
1069 1770 1298 1810 existimatio
1323 1780 1453 1812 tamen
1479 1773 1643 1824 majores
1674 1786 1744 1814 eos
1768 1774 1878 1828 fingit
1894 1803 1910 1824 ‚

82 1828 120 1867 &
134 1829 297 1869 recessus
319 1832 382 1869 ille
400 1841 515 1881 atque
535 1828 555 1867 a
572 1830 769 1867 communi
792 1831 952 1868 aliorum
986 1830 1190 1868 consortio
1218 1832 1427 1883 segregatio
1441 1859 1454 1878 ‚
1484 1832 1682 1885 segnitiem
1708 1845 1844 1875 eorum
1871 1836 1913 1876 δε

78 1890 254 1928 inertiam
274 1893 465 1940 contegit:
497 1888 603 1937 quod
623 1886 651 1923 fi
669 1885 802 1924 famuli
823 1890 948 1926 minus
980 1887 1194 1936 prudentes
1219 1890 1316 1938 sint,
1348 1889 1386 1929 &
1409 1891 1543 1931 secreti
1566 1892 1671 1932 haud
1698 1894 1783 1933 satis
1804 1905 1913 1936 tena-

79 1959 171 1998 ces,
200 1956 270 2000 per·
299 1958 368 1986 eos
395 1955 575 1996 tanquam
614 1955 683 1994 per
707 1945 820 1984 rimas
849 1944 1034 1996 quasdam
1057 1945 1158 1987 illam
1189 1948 1342 1999 indagat
1364 1949 1556 2001 populus,
1581 1951 1620 1991 δε
1647 1957 1910 1997 reverentiam

78 2010 197 2047 exuit
212 2019 285 2059 qua
303 2018 372 2045 eos
393 2014 504 2044 antea
525 2002 749 2055 suspiciebat
769 2004 808 2044 δε
823 2006 1093 2045 venerabatur.

253 2067 288 2118 ς.
320 2065 505 2118 Denique
535 2076 585 2103 ex
607 2063 689 2115 ipso
719 2065 835 2105 etiam
851 2064 949 2105 statu
976 2066 1142 2118 augescit
1170 2064 1402 2107 existimatio
1427 2065 1635 2123 Principis,
1666 2071 1695 2112 fi
1725 2075 1906 2118 nimirum

76 2126 180 2178 leges
199 2129 347 2179 optime
369 2125 592 2165 constitutas
622 2125 784 2173 habeat,
814 2125 853 2165 δι’
880 2125 1147 2179 Magistratus;
1180 2126 1208 2166 ss
1241 2129 1281 2166 in
1301 2139 1352 2167 eo
1379 2127 1523 2180 Justitia
1549 2133 1697 2183 vigeat‚·
1727 2133 1755 2173 si
1788 2149 1906 2177 unam

77 2196 230 2226 tueatur
255 2186 522 2240 Religionem;
554 2184 580 2224 si
596 2183 788 2235 Majestati
806 2185 992 2238 supremae
1015 2187 1205 2226 honorem
1238 2187 1276 2227 &
1299 2189 1560 2229 obedientiam
1577 2189 1747 2240 deferat3
1776 2195 1805 2235 fi
1839 2209 1903 2236 an-

76 2258 189 2286 nonae
206 2247 243 2287 &
257 2248 443 2287 ubertatis
469 2256 598 2286 curam
617 2244 778 2293 habeat3
808 2245 837 2286 si
859 2257 957 2286 artes
977 2247 1014 2286 &
1033 2259 1134 2286 arma
1152 2246 1338 2297 floreant,
1358 2248 1407 2288 ¹&
1421 2251 1572 2290 eluceat
1591 2252 1629 2290 in
1644 2253 1757 2292 rebus
1778 2258 1903 2296 omni-

78 2306 150 2345 bus
172 2307 269 2348 ordo
288 2307 441 2359 quidam
460 2304 656 2353 constanS‚
686 2304 724 2344 δι
743 2307 894 2358 aequalis
923 2307 1142 2356 harmonia,
1174 2306 1195 2346 ὲ
1217 2319 1333 2348 manu
1355 2308 1538 2362 Principis
1563 2311 1764 2362 profetia
1779 2316 1901 2356 immo

77 2367 193 2405 etiam
220 2368 248 2408 fi
264 2366 423 2408 felicitas
441 2366 603 2407 statuum
620 2364 851 2417 abfipsomet
869 2367 1089 2419 dependeat
1121 2367 1316 2421 Principe:
1344 2381 1433 2409 nam
1451 2368 1478 2409 si
1493 2372 1638 2422 absque
1650 2372 1727 2412 hoc
1749 2375 1809 2414 illa
1829 2389 1902 2427 po„

79 2426 141 2464 tiri
169 2428 330 2476 poffint,
361 2426 475 2466 facile
506 2437 594 2465 eum
629 2424 852 2476 despiciunt.
916 2426 940 2480 (
949 2424 1001 2482 d)
1033 2426 1212 2468 Aratores
1234 2430 1272 2468 in
1298 2428 1457 2483 AEgypzo
1477 2430 1591 2470 coelam
1619 2429 1901 2486 azonstzffvicizsazt;

80 2497 169 2524 cum
192 2486 291 2526 enim
318 2486 433 2526 Nilus
456 2485 703 2526 inundatione
726 2486 787 2527 sua
812 2499 947 2528 omnes
969 2486 1046 2528 late
1082 2500 1192 2540 agros
1223 2490 1372 2542 irriget,
1402 2489 1700 2543 foecundetque‚
1729 2495 1900 2536 nubibus

81 2543 185 2584 haud
208 2559 398 2598 quaquam
421 2547 605 2599 indigent.

186 2718 203 2756 (
206 2711 249 2759 a)
278 2712 437 2750 Primam
455 2710 700 2757 domumsimm
716 2715 879 2756 coercuit,
905 2714 996 2768 quod
1006 2713 1178 2767 plerisque
1190 2714 1291 2752 haud
1300 2716 1415 2752 minus
1431 2715 1586 2754 arduum
1602 2716 1650 2771 est
1664 2746 1672 2760 ,
1698 2717 1805 2771 qudm
1819 2725 1900 2757 Pro-

80 2764 242 2801 vinciam
255 2777 393 2817 regere:
415 2763 578 2816 nihilper
593 2764 745 2808 libertos,
761 2765 949 2822 servosque
962 2765 1102 2821 publicae
1121 2769 1185 2804 rei.
1214 2770 1300 2805 Tac.
1317 2767 1355 2804 in
1368 2768 1445 2805 vita
1463 2769 1584 2819 Agric.
1639 2773 1700 2816 (b)
1727 2771 1823 2822 Jam
1838 2770 1899 2824 af-

71 2815 246 2864 ftrebant
272 2819 400 2854 cucha
412 2819 560 2854 venalia
577 2828 796 2871 praepotentes
810 2819 948 2862 liberti,
963 2819 1151 2868 servorum
1167 2819 1429 2867 manusffibitis
1452 2822 1586 2863 avidae,
1611 2833 1788 2878 tanquam
1802 2825 1902 2880 apud

74 2868 191 2916 finem
207 2867 445 2922 fistinantur.
473 2871 572 2908 Idem
596 2871 619 2908 l.
643 2884 672 2909 1.
696 2873 788 2911 Hist.
842 2879 899 2920 (c)
924 2877 1011 2914 Tac.
1032 2873 1093 2912 lib.
1111 2888 1146 2920 4.
1180 2874 1269 2911 Hist.
1320 2875 1382 2919 (d)
1412 2874 1504 2913 Plini

889 3173 934 3213 Ii

969 3186 991 3213 λ)

1694 3163 1894 3230 SYM-
