2132 3730
487 214 1460 267 S‘YMBOLAPOLJTJCA.
1768 243 1846 271 πῖ

19 292 21 301 ⁴
75 313 142 350 tati
160 310 276 349 ansam
300 305 417 344 dedit.
479 304 652 356 Oppreffi
670 306 770 344 enim
792 305 920 357 Reges
938 309 1128 346 variorum
1145 305 1369 358 scriptorum
1386 310 1603 362 prolixitate
1620 340 1632 360 ,
1664 323 1834 363 coguntu

76 382 120 409 ea
146 370 207 408 uni
229 367 334 405 alicui
362 366 621 412 committere,
637 364 675 403 δι
688 365 751 415 qui
771 366 813 403 iis
824 365 1039 405 familiarior
1055 367 1111 408 fit.
1827 384 1831 386 ’

8 464 9 469 ,
221 426 328 465 Plura
344 421 487 463 favoris
503 424 829 464 &benevolentiae
850 425 950 477 signa
974 427 1063 464 huic
1080 426 1143 464 tali
1175 425 1353 477 Princeps
1375 427 1555 467 exhibeat
1581 443 1592 468 .·
1621 442 1706 469 nam
1732 432 1795 481 qui
1812 432 1854 469 il-

8 494 20 513 *
70 490 140 527 lius
164 485 490 535 meruit=gratiam
507 513 520 532 ,
549 482 586 522 &
614 485 652 522 in
684 493 832 535 partem
861 486 967 524 venit
991 485 1166 524 laborum
1184 514 1196 532 ‚
1226 497 1392 524 meretur
1420 489 1532 526 etiam
1557 489 1734 529 anteferri
1760 491 1849 529 aliis.

69 546 105 585 S.
118 544 213 585 Petri
233 544 365 582 umbra
394 544 572 582 miracula
589 540 670 598 (a)
686 543 838 587 edebat,
898 543 1004 597 Quid
1024 556 1201 596 magnum
1222 555 1313 596 ergo
1334 574 1347 593 ,
1377 545 1403 584 fi
1421 546 1556 595 mojori
1580 561 1668 588 cum
1691 549 1854 588 auetori-

17 634 20 642 .
69 615 143 644 tate
162 632 175 651 ,
204 603 318 653 quam
343 603 423 651 alii,
460 615 543 655 agat
564 605 691 642 omnia
713 603 875 655 Principi
893 605 1067 650 charior,
1102 604 1166 653 qui
1184 605 1317 642 umbra
1344 605 1514 655 quaedam
1541 608 1636 646 illius
1655 609 1747 648 est?
1777 611 1854 648 Ali-

17 694 19 699 .
67 664 129 714 qui
155 671 280 701 tamen
302 661 456 701 favores
472 692 484 711 ,
511 663 548 702 &
565 665 690 714 gratiae
710 665 823 703 etiam
843 676 914 715 pro
935 665 1012 702 aliis
1036 662 1271 701 reservandae
1293 662 1373 702 sunt
1392 675 1404 714 3
1435 663 1525 703 Nec
1547 676 1601 704 eae
1616 676 1690 707 tam
1720 671 1854 720 amplae

61 723 130 762 fint
154 751 167 770 ‚
197 731 238 760 ut
265 720 401 761 subditi
424 722 687 762 conditionem
707 724 965 774 exsuperent,
995 733 1164 773 eumque
1186 722 1350 774 Principi
1368 725 1549 773 aequalem
1581 726 1764 776 reddant,
1786 740 1853 767 ve-

61 783 116 820 lut
134 781 160 820 fi
178 780 324 820 asscitus
341 783 378 821 in
404 781 525 821 aulam
547 783 693 833 imperii
714 784 870 822 consors
889 781 1120 821 audientiam
1153 782 1346 833 impertiat
1363 812 1375 831 ‚
1405 783 1443 821 &
1467 786 1744 835 negotiantium
1777 799 1854 826 tur-

60 842 146 880 bam
161 840 248 892 post
263 840 299 880 se
318 841 439 880 trahat
459 872 472 890 ,
503 841 541 881 id
566 843 671 893 quod
694 841 959 882 existimationi
979 841 1017 881 &
1035 840 1251 880 auftoritati
1274 842 1456 893 Principis
1466 843 1567 881 haud
1588 857 1723 895 parurn
1744 846 1853 885 dero-

58 911 134 953 gat.
195 900 274 952 Qui
292 902 406 952 gratia
424 903 527 952 apud
543 913 631 941 eum
649 903 771 953 pollet
796 914 873 953 prae
898 902 1042 941 caeteris
1061 931 1074 951 ‚
1104 902 1279 941 umbram
1311 901 1347 941 se
1376 901 1451 941 effe
1476 903 1635 951 credat,
1667 918 1745 944 non
1771 918 1853 944 cor-

57 971 140 1011 pus.
200 958 296 999 Haec
326 961 434 999 causa
449 960 542 1010 fuit,
572 973 639 1000 cur
662 962 862 1013 periclitati
879 961 976 1012 saepe
998 960 1141 1001 fuerint
1167 960 1336 1000 Castellae
1356 962 1502 1014 Reges,
1522 962 1570 1002 eo
1599 964 1705 1014 quod
1722 964 1766 1003 ad
1782 967 1851 1016 pri

56 1029 162 1058 varas
178 1019 287 1059 hasce
303 1020 590 1061 neceffitudines
613 1021 825 1060 admiserint
847 1022 953 1065 alios,
1015 1020 1116 1060 Cum
1136 1022 1236 1060 enim
1256 1033 1348 1060 tunc
1368 1022 1517 1074 Regum
1543 1024 1710 1073 potestas
1732 1026 1855 1064 minus

55 1079 179 1130 ampla
197 1078 308 1129 effer,
333 1082 576 1131 quantumvis
594 1092 728 1132 parum
755 1081 798 1120 iis
816 1078 1098 1129 concederent,
1128 1079 1240 1120 facile
1259 1091 1386 1120 tamen
1409 1084 1727 1134 praeponderabat
1745 1095 1855 1135 pote-

55 1137 135 1177 stati
162 1141 298 1190 regiae3
328 1142 383 1179 uti
406 1140 542 1179 accidit
557 1141 654 1192 Regi
679 1139 834 1180 Sanctio
861 1172 874 1188 ,
906 1150 1170 1193 cognomento
1194 1139 1299 1179 Forti
1317 1171 1328 1189 ‚
1366 1140 1438 1194 (b)
1455 1153 1615 1194 propter
1630 1143 1855 1183 familiarita-

55 1208 133 1235 tem
151 1200 303 1237 nimiam
324 1198 425 1250 Lupi
445 1198 536 1238 Hari
553 1210 568 1250 3
595 1200 692 1252 Regi
712 1201 913 1251 Alphonso
932 1200 1154 1240 Undecimo
1181 1200 1235 1239 ob
1255 1202 1455 1240 amicitiam
1479 1203 1666 1253 privatam
1690 1204 1853 1243 Comitis

52 1257 183 1295 Alvari
201 1257 323 1297 Osorii
344 1269 356 1305 3
386 1259 483 1308 Regi
501 1259 636 1309 Joanni
655 1259 836 1299 Secundo
849 1291 860 1308 ‚
892 1260 930 1299 &
953 1259 1127 1299 Henrico
1148 1259 1302 1312 Quarto
1322 1262 1374 1300 ob
1394 1261 1616 1312 singularem
1636 1275 1723 1315 erga
1737 1266 1851 1302 Alva-

52 1327 136 1355 rum
155 1315 332 1364 Lunam,
363 1316 400 1354 &
428 1316 614 1367 Joannem
641 1318 871 1358 Paciechum
893 1318 1086 1358 affectum.
1147 1319 1401 1360 Momentum
1428 1331 1554 1360 totum
1594 1321 1853 1362 familiaritatis

13 1369 15 1374 ’
50 1373 152 1413 istius
170 1377 207 1414 in
226 1387 274 1414 eo
291 1373 474 1424 confistlt‚
505 1384 702 1429 mutesque
722 1375 907 1428 merfitram
929 1379 1064 1429 implere
1083 1381 1221 1418 noverit
1241 1409 1253 1426 ,
1284 1379 1455 1430 Princeps
1479 1381 1633 1430 quidem
1667 1394 1708 1421 ut
1729 1383 1749 1421 s
1747 1385 1820 1421 ciat
1841 1412 1852 1429 ,

49 1432 120 1487 (c)
139 1442 304 1487 quantum
324 1434 476 1475 tribuere
501 1435 711 1489 amicopfft
731 1449 744 1483 ,·
776 1438 828 1476 hic
847 1436 943 1477 vero
971 1444 1140 1491 quantum
1162 1438 1186 1476 ὰ
1207 1436 1373 1490 Principe
1399 1441 1572 1490 accivere:
1603 1450 1748 1491 ccesera,
1766 1455 1849 1494 quae

49 1504 156 1533 extra
171 1495 380 1535 mensuram
395 1493 499 1535 istam
518 1495 622 1545 sunt,
649 1495 818 1536 invidiam
831 1504 957 1548 aagenr
970 1528 982 1547 ‚
1014 1497 1277 1537 aemulationes
1296 1507 1441 1548 creant,
1459 1499 1497 1538 &
1513 1501 1696 1551 pericula.

447 1669 1258 1737 SYMBOLUM
1350 1672 1419 1736 L.

45 1820 319 1960 DEspicit
335 1824 456 1866 Mons
475 1827 617 1877 reliqua
636 1825 797 1865 Naturae
815 1837 955 1878 opera,
985 1825 1024 1866 δε
1037 1839 1116 1878 prae
1141 1828 1321 1867 omnibus
1345 1829 1494 1882 affurgit
1515 1828 1623 1868 altius
1635 1860 1646 1878 ‚
1664 1830 1754 1870 utse
1772 1833 1848 1870 sua-

54 1898 56 1901 ·
205 1898 281 1937 que
301 1898 388 1924 cum
415 1887 512 1924 coelo
538 1887 810 1924 communicet.
871 1884 940 1924 Ne
956 1884 1065 1924 vallis
1091 1887 1191 1926 hanc
1218 1888 1254 1926 ei
1272 1888 1617 1937 gloriaminvideat.
1679 1889 1848 1931 Tametli

205 1946 305 1983 enim
336 1943 535 1983 favoribus
556 1943 663 1993 jovis
682 1943 726 1980 fit
746 1945 927 1993 proprior
949 1972 961 1991 ,
993 1956 1068 1982 una
1087 1954 1216 1983 tamen
1248 1948 1361 1984 etiam
1383 1946 1521 1985 iftibus
1540 1946 1743 1988 fulminum
1770 1952 1850 2000 ejus

43 2005 160 2056 magis
182 2002 376 2054 expositus
393 2000 458 2042 est.
521 2000 674 2040 Circum
694 2002 789 2040 illius
807 2012 984 2052 tempora
1004 2013 1195 2054 coguntur
1224 2005 1348 2055 nubes
1367 2019 1375 2045 :
1407 2007 1459 2045 ibi
1481 2018 1672 2046 armantur
1702 2020 1849 2061 tempe-

43 2062 156 2103 states
178 2075 191 2110 ς
220 2063 284 2101 ille
307 2073 403 2101 vero
421 2061 563 2113 primus
590 2062 759 2100 omnium
779 2060 833 2100 est
850 2091 862 2108 ,
892 2062 930 2099 in
951 2073 1064 2111 quem
1082 2060 1216 2101 furore
1235 2061 1303 2101 suo
1322 2065 1543 2104 desaeviunt.
1600 2068 1703 2106 Idem
1739 2083 1847 2120 pror-

42 2124 103 2162 sus
129 2123 225 2162 iniis
242 2122 488 2171 muneribus,
520 2120 556 2160 &
584 2120 715 2159 officiis
740 2119 877 2159 accidit
897 2148 910 2167 ‚
943 2133 1027 2171 quae
1061 2122 1233 2174 Regibus
1259 2125 1442 2164 viciniora
1467 2126 1562 2167 sunt.
1623 2126 1692 2166 Vis
1721 2129 1846 2169 aerim

41 2183 249 2234 potentiae,
281 2194 355 2233 qua
376 2181 550 2233 pollent,
579 2178 729 2232 gravius
756 2189 875 2219 nocet
910 2180 953 2218 iis
971 2209 984 2228 ‚
1023 2182 1086 2231 qui
1113 2181 1246 2222 adsunt
1272 2186 1443 2235 propius.
1533 2184 1845 2228 Communicario

40 2254 178 2282 eorum
198 2253 276 2282 non
295 2241 418 2281 minus
432 2248 620 2281 venenata
635 2237 713 2287 est,
732 2238 847 2291 quam
861 2239 1014 2290 alicujus
1035 2238 1111 2293 (d)
1132 2242 1288 2293 viperae.
1350 2244 1534 2297 Quisquis
1549 2246 1645 2285 inter
1664 2248 1749 2286 illos
1766 2261 1842 2288 am-

41 2302 148 2341 bulat
163 2332 175 2350 ,
194 2301 343 2341 medios
364 2302 463 2341 inter
478 2302 659 2352 laqueos,
689 2298 726 2339 &
745 2311 848 2338 arma
876 2298 1040 2339 hostium
1057 2299 1292 2342 offensorum
1310 2301 1379 2356 (e)
1415 2305 1597 2348 ambulat,
1660 2306 1784 2346 r'avor
1804 2310 1842 2347 ἀ

40 2361 250 2415 indignatio
281 2363 319 2401 in
336 2361 571 2413 Principibus
589 2359 687 2400 adeo
711 2361 896 2400 contraria
915 2359 1000 2399 sunt
1015 2361 1114 2399 inter
1131 2360 1168 2400 se
1184 2391 1197 2409 ,
1227 2372 1270 2401 ut
1286 2364 1431 2402 nullum
1448 2365 1545 2403 inter
1562 2376 1607 2403 ea
1630 2366 1841 2407 intercedat

40 2420 224 2465 medium.
281 2420 427 2460 Eorum
455 2432 559 2460 amor
581 2428 756 2472 teporem
772 2420 902 2459 nescit.
966 2419 1004 2458 Si
1019 2421 1059 2459 in
1090 2420 1222 2461 odium
1248 2432 1523 2472 convertatur,
1545 2425 1592 2462 ab
1611 2437 1690 2465 uno
1713 2439 1838 2466 extre-

41 2491 109 2518 mo
128 2481 281 2519 transilit
301 2480 348 2519 ad
368 2480 468 2520 aliud
490 2494 499 2519 :
531 2480 576 2518 ab
599 2481 686 2532 igne
702 2479 750 2519 ad
774 2480 873 2531 gelu.
934 2478 1042 2519 Idem
1059 2482 1245 2533 temporis
1275 2493 1515 2522 momentum
1544 2496 1668 2524 amare
1695 2499 1763 2526 eos
1785 2489 1838 2526 vi-

41 2538 99 2577 dit
120 2568 133 2587 ,
163 2538 201 2578 &
224 2539 340 2579 odiss'e
362 2553 410 2579 eo
433 2552 519 2579 cum
545 2538 686 2578 effectu
706 2570 718 2588 ‚
747 2550 789 2578 ut
805 2539 827 2578 a
847 2538 1006 2579 fulmine
1028 2539 1204 2580 crederes
1221 2571 1233 2590 ‚
1265 2543 1371 2593 quod
1399 2542 1507 2581 simul
1529 2555 1574 2581 ac
1605 2545 1754 2584 auditur
1778 2556 1837 2584 to·

41 2599 144 2637 nitru
157 2628 169 2647 ‚
199 2609 263 2638 aut
286 2598 411 2653 fulgur
429 2600 636 2652 percipitur
654 2600 786 2647 oculis,
802 2599 877 2650 jam
896 2610 1060 2650 corpora
1077 2600 1195 2639 obvia
1215 2601 1362 2652 redegit
1387 2605 1424 2639 in
1443 2602 1600 2640 cineres.
1659 2603 1837 2644 Flammae

43 2656 155 2696 instar
171 2656 225 2697 est
239 2660 277 2697 in
297 2658 413 2699 corde
433 2660 645 2710 Principum
662 2661 778 2711 gratia
794 2689 806 2707 ,
836 2658 970 2697 eadem
984 2657 1164 2698 facilitate
1182 2689 1195 2709 ‚
1225 2672 1299 2711 qua
1320 2660 1562 2699 succenditur
1580 2693 1590 2709 ,
1620 2663 1741 2703 rursus
1772 2677 1837 2704 ex-

41 2718 236 2769 tinguitur.
293 2716 415 2758 Fuere
432 2749 444 2767 ,
475 2720 538 2770 qui
557 2717 769 2759 existiment
793 2749 805 2768 ,
832 2718 946 2758 fatale
965 2719 1177 2769 periculum
1203 2720 1245 2758 iis
1267 2718 1339 2759 esse
1357 2749 1369 2768 ,
1401 2721 1465 2771 qui
1487 2720 1722 2773 Principibus
1758 2734 1835 2764 tan-

39 2775 180 2828 topere
199 2778 238 2816 in
262 2778 453 2816 amoribus
475 2775 568 2831 (f)
587 2777 680 2818 sunt.
738 2777 790 2818 Et
808 2777 894 2818 sane
913 2778 1107 2818 luculente
1132 2777 1224 2818 illud
1243 2778 1423 2818 testantur
1442 2780 1617 2831 exempla
1645 2793 1721 2823 tam
1742 2797 1835 2835 prae-

41 2838 154 2876 terita
167 2866 181 2886 ,
211 2835 322 2888 quam
337 2836 551 2888 praesentia,
567 2836 638 2877 hac
655 2835 782 2878 nostra
808 2839 921 2878 etiam
946 2847 1056 2877 {etate
1071 2867 1084 2888 ,
1116 2850 1190 2890 qua
1208 2839 1484 2891 potentissimos
1501 2839 1727 2893 Magnarum
1746 2847 1836 2884 ami-

894 2895 928 2936 E
945 2908 968 2936 e
985 2908 1008 2936 e
1763 2916 1835 2943 cos

137 3007 175 3051 (a
177 3007 195 3048 )
227 3009 273 3040 Ut
286 3006 452 3041 veniente
467 3002 702 3050 Petrofizltem
722 3005 848 3045 umbra
882 3008 974 3046 istius
994 3006 1215 3046 obumbraret
1238 3023 1431 3063 quenquam
1455 3013 1589 3051 illorum
1612 3041 1621 3054 ‚
1646 3014 1690 3056 ὠ
1709 3013 1833 3051 libera„

41 3063 165 3091 rentur
179 3070 292 3094 omnes
305 3055 350 3093 ab
368 3054 734 3108 infirmitatibus-licis.
761 3060 896 3098 Adron·
911 3074 943 3108 5.
967 3075 979 3098 1
992 3074 1024 3107 5.
1075 3063 1134 3107 (b)
1161 3063 1250 3100 Mar.
1273 3063 1364 3102 Hist.
1387 3063 1484 3113 Hisp.
1504 3066 1525 3101 l.
1543 3081 1580 3113 4.
1600 3077 1632 3102 c.
1666 3079 1720 3101 10.
1776 3074 1833 3113 (c)

42 3105 128 3141 Tac.
143 3107 166 3143 l.
188 3121 245 3157 14.
264 3110 394 3146 Annal.
448 3111 509 3158 (d)
529 3108 639 3161 Longi?
664 3108 773 3162 abesto
797 3111 842 3150 ab
860 3111 997 3152 homine
1010 3112 1215 3166 potestatem
1238 3112 1386 3152 habente
1413 3116 1609 3157 occidendi,
1634 3116 1679 3158 εἶν
1703 3119 1833 3164 non-,Ga-

16 3184 19 3185 r
32 3153 219 3207 spicaberis
232 3163 393 3199 timorem
406 3163 540 3199 mortis.
584 3165 855 3202 Communionem
868 3169 990 3203 mortis
998 3165 1097 3213 stit0.
1124 3166 1217 3203 Eccl.
1234 3179 1271 3212 9.
1290 3181 1302 3204 1
1314 3176 1345 3210 8.
1363 3171 1399 3206 ὅ(
1410 3182 1469 3205 20.
1521 3169 1583 3216 (e)
1601 3172 1785 3219 Qoniam
1795 3176 1833 3209 in

44 3206 153 3245 medio
169 3211 366 3263 laqueorum
387 3213 596 3266 ingredieris
609 3241 618 3255 ‚
644 3213 796 3268 &staper
810 3216 999 3257 dolentium
1022 3232 1125 3256 arma
1145 3217 1350 3257 ambulabis.
1378 3221 1472 3257 Eccl.
1493 3232 1529 3265 9.
1545 3234 1605 3258 20.
1656 3223 1722 3269 (f)
1748 3230 1832 3262 fato

36 3263 196 3312 potentiae
213 3277 294 3300 raro
307 3265 530 3319 sempiterna.
558 3268 644 3304 Tac.
661 3267 686 3304 1.
712 3270 885 3315 3.Annal.
