2132 3730
256 218 308 256 32
692 200 1039 242 DJDACJ
1091 200 1630 243 SAAVEDRAE.

257 298 400 328 vocata
418 288 550 327 venire
576 285 723 334 renuit,
750 283 787 321 &
811 282 959 322 tametsi
979 282 1017 321 id
1039 284 1205 335 graviter
1235 295 1451 337 acceperit,
1480 285 1607 324 ulcisci
1641 295 1770 325 tamen
1786 288 1932 335 voluit,
1954 296 2057 327 ante·

252 360 367 401 quarn
387 347 491 400 regni
511 344 561 384 sui
578 353 760 394 proceres
775 344 813 382 in
831 342 1029 382 confilium
1049 342 1285 384 adhibuisset.

405 406 438 457 §.
471 404 534 443 De
558 413 717 455 accepta
731 402 864 453 injuria
881 401 1043 442 multum
1060 414 1147 441 cum
1166 404 1242 443 aliis
1262 404 1450 455 colloqui,
1478 405 1571 444 iram
1599 406 1715 457 magis
1735 404 1952 452 succendit-t
1987 415 2056 444 un·-

253 467 303 507 de
322 467 360 507 &
377 465 602 516 Pythagorae
618 461 691 501 fuit
711 464 919 502 monitum:
950 462 1062 514 Ignem
1079 460 1189 514 gladio
1212 477 1252 503 ue
1253 460 1385 514 fodito:
1416 462 1569 516 agitatio
1593 466 1693 504 enim
1723 464 1914 505 flammam
1940 465 2058 515 magis

251 527 398 566 suscitat
417 538 435 563 :x
457 535 584 574 neque
609 523 797 562 efficacius
819 533 890 573 pro
905 523 958 561 ira
973 523 1158 561 remedim
1179 521 1255 571 est,
1287 523 1403 575 quam
1430 523 1618 565 silentium
1652 524 1691 564 &
1718 524 1908 564 solitudo:
1943 522 2059 573 seipsa

251 586 384 626 sensim
411 583 685 623 consummitur
707 582 744 622 δι
764 583 906 626 interit.
968 582 1074 634 Quin
1093 581 1212 621 immo
1236 579 1464 622 blandissima
1488 583 1586 636 saepe
1619 584 1740 623 verba
1775 584 1918 636 frigidae
1947 582 2058 624 instar

250 646 334 686 sunt
346 675 358 694 ,
379 656 494 696 quam
511 642 607 682 fabri
622 641 766 682 ferrarii
787 641 1006 690 fornacibus
1034 641 1257 691 affundunt‚
1281 643 1334 681 ita
1346 645 1463 695 magis
1482 645 1673 696 magisque
1691 641 1939 683 inflammant.

427 703 462 755 §.
494 702 592 742 Haec
610 702 728 755 porro
751 704 789 741 in
805 702 957 741 auribus
974 701 1100 742 sedem
1128 702 1265 750 habet,
1282 710 1348 741 aut
1364 701 1468 742 certe
1485 716 1555 756 per
1577 716 1640 743 eas
1664 703 1769 754 quasi
1789 703 1890 742 foras
1914 703 2059 755 advigi-

249 764 324 804 lat:
355 762 429 818 (a)
458 764 524 803 has
562 774 654 814 ergo
687 764 832 802 muniat
865 762 1064 813 Princeps,
1085 773 1135 801 ne
1154 761 1318 801 sinistros
1333 773 1504 802 rumores
1528 762 1641 803 facile
1668 764 1860 813 hauriant,
1895 766 1960 815 qui
1983 765 2060 802 ani-

250 836 357 864 mum
371 825 514 863 irritare
536 823 685 874 possint.
744 821 850 861 Hinc
870 819 1015 861 factum
1035 833 1142 871 reor,
1165 822 1271 873 quod
1288 820 1407 861 statua
1436 821 1543 873 Jovis
1567 822 1758 864 Cretensis
1786 823 1938 862 auribus
1959 833 2060 861 care-

248 893 329 931 ret;
347 896 435 923 nam
460 885 502 922 iis
517 912 528 930 ‚
546 884 611 934 qui
639 894 727 921 curn
746 881 908 933 imperio
926 881 1033 929 sunt,'
1053 882 1178 922 damni
1194 882 1280 934 plus
1303 880 1481 920 adferunt
1504 882 1627 934 saepe,
1651 881 1766 935 quam
1794 882 2060 926 emolumenti.

248 943 335 997 Ego
361 941 581 983 necessarias
599 954 662 981 eas
673 940 805 992 judico
828 941 1086 992 Principibus,
1103 942 1130 981 fi
1154 939 1437 993 circumspectae
1455 940 1547 991 fint,
1566 942 1604 981 ὅτ.
1629 955 1717 981 cum
1745 942 1948 994 prudentia
1968 953 2061 981 con·

249 1004 391 1052 filium,
417 1005 587 1054 capiant,
611 1013 741 1052 neque
780 1001 827 1040 ad
876 1012 1022 1051 primos
1068 1001 1242 1053 quosque
1287 1001 1524 1040 rumusculos
1567 1003 1809 1042 commoveri
1841 1003 1878 1042 se
1925 1001 2059 1045 smant.

248 1063 361 1103 Tunc
381 1065 433 1102 ira
454 1062 650 1102 laudabilis
671 1060 743 1109 est,
761 1059 916 1112 quando
943 1072 1027 1099 eam
1052 1063 1149 1100 ratio
1173 1062 1339 1110 suscitat,
1357 1060 1394 1100 &
1415 1062 1509 1100 lenit
1525 1061 1740 1113 prudentia.
1799 1061 1882 1101 Ubi
1903 1062 1985 1100 haec
2008 1062 2062 1099 ira

252 1120 324 1179 (b)
354 1136 435 1163 non
459 1121 537 1172 est,
555 1121 696 1174 justitia
733 1120 807 1160 effe
838 1132 917 1159 non
948 1119 1090 1172 potest,
1148 1120 1369 1160 Tolerantia
1387 1121 1503 1160 nimia
1535 1119 1723 1172 peccandi
1752 1121 1944 1160 licentiam
1975 1120 2061 1168 dat,

248 1183 288 1222 &
311 1184 572 1224 obedientiam
593 1179 903 1223 audacemfacit.
964 1179 1106 1220 Omnia
1123 1182 1286 1220 tolerare
1313 1192 1426 1231 aequo
1451 1181 1580 1220 animo
1606 1180 1644 1220 &
1670 1180 1771 1232 pati,
1797 1190 1861 1220 aut
1887 1182 2061 1231 ignoran-

248 1243 300 1282 tia
315 1243 388 1292 est,
406 1254 471 1284 aut
497 1243 658 1282 servitus
673 1272 684 1291 ‚
726 1240 892 1280 hominis
906 1238 955 1279 de
975 1240 1011 1279 se
1035 1252 1168 1292 parum
1205 1241 1411 1281 sentientis.
1478 1240 1575 1280 Iram
1598 1240 1759 1290 fovere,
1787 1249 1830 1279 ut
1857 1239 2061 1279 offenfioni

247 1301 313 1342 fiat
334 1304 437 1353 satis,
459 1312 523 1345 aut
543 1303 764 1354 exemplum
798 1299 980 1339 statuatur
1003 1300 1052 1339 de
1076 1301 1208 1350 injuria
1237 1302 1275 1340 in
1302 1300 1574 1341 authoritatem
1611 1301 1750 1353 regiam
1778 1298 1952 1348 admiffa,
1979 1311 2061 1339 non

248 1364 353 1413 vitii,
373 1364 438 1404 sed
454 1364 605 1403 virtutis
632 1361 711 1409 est,
733 1360 850 1411 idque
869 1361 1035 1408 lenitati,
1069 1359 1106 1399 ὃς
1127 1359 1405 1399 mansuetudini
1433 1362 1485 1399 nil
1518 1361 1723 1412 quicquam
1755 1358 1927 1411 derogat.
1984 1358 2061 1398 Ec-

249 1425 331 1474 quis
352 1425 468 1477 magis
485 1424 585 1464 mitis
611 1421 648 1461 &
665 1419 906 1466 mansuetus,
933 1431 1046 1470 quam
1067 1418 1133 1473 (c)
1149 1419 1282 1460 David
1300 1450 1311 1469 ,
1338 1421 1398 1459 vir
1415 1419 1622 1459 secundum
1653 1417 1728 1473 (d)
1756 1431 1823 1459 cor
1849 1419 1950 1466 Dei,
1981 1427 2063 1458 tam

247 1484 343 1523 lenis
364 1486 402 1523 in
429 1481 686 1530 vindicando,
712 1481 843 1519 tamin
870 1480 924 1518 ira
949 1480 1191 1529 moderatus,
1217 1489 1260 1519 ut
1291 1491 1378 1519 cum
1397 1478 1549 1520 Saulem
1571 1479 1851 1520 infenfiffimum
1883 1479 1952 1518 sibi
1990 1479 2060 1518 ho-

248 1542 344 1584 stem
367 1546 406 1583 in
444 1544 506 1583 sua
538 1551 688 1582 teneret
714 1539 923 1591 potestate,
955 1539 1039 1578 satis
1068 1540 1246 1579 habuerit
1271 1551 1375 1579 oram
1403 1539 1428 1591 ζ
1442 1541 1496 1595 e)
1527 1538 1738 1589 chlamydis
1754 1540 1805 1578 illi
1827 1537 2060 1590 praecidere,

250 1603 356 1654 cujus
380 1602 471 1644 faeti
493 1602 621 1643 adhuc
642 1600 746 1641 illum
762 1600 939 1652 poenituit
963 1598 1108 1651 postea.
1176 1599 1228 1639 Et
1256 1608 1397 1650 tamen·
1415 1610 1555 1651 quanta
1581 1600 1781 1639 severitate
1810 1599 1980 1649 injuriam
2004 1599 2061 1637 ul-

248 1673 310 1703 tus
328 1663 405 1712 est,
433 1675 507 1714 qua
528 1663 617 1701 Rex
641 1660 786 1699 Hanon
810 1661 958 1710 legatos
976 1659 1054 1709 ejus
1074 1658 1282 1699 affecerat?
1303 1659 1461 1698 Miserat
1482 1673 1550 1701 eos
1567 1659 1700 1699 David
1717 1658 1764 1697 ad
1784 1656 2059 1697 consolandum

246 1723 397 1775 Regem
433 1722 482 1761 de
509 1721 620 1760 obitu
652 1719 769 1759 Patris
804 1718 880 1766 sui,
905 1718 967 1756 ille
992 1718 1089 1756 vero
1123 1716 1267 1756 sinistre
1306 1719 1545 1767 suspicimus,
1570 1719 1618 1757 ad
1646 1718 1924 1769 explorandum
1952 1717 2059 1769 regni

246 1782 384 1825 statum
416 1780 546 1834 potius
574 1778 737 1828 veniffe,
767 1777 893 1818 barbis
914 1776 1118 1825 semirafis,
1149 1777 1186 1816 δι
1216 1774 1385 1816 vestibus
1413 1775 1598 1818 indecore
1621 1777 1835 1828 ,decurtatis
1868 1788 1936 1815 eos
1957 1778 1986 1826 §a
2020 1776 2059 1815 se

248 1843 400 1883 dimisit.
463 1840 562 1879 Non
584 1840 668 1878 tulit
682 1839 780 1876 hanc
801 1836 973 1886 injuriam
994 1835 1149 1884 David,
1176 1837 1296 1874 homo
1328 1846 1465 1874 caetera
1484 1836 1708 1877 mitiffimus:
1739 1835 1802 1875 se'd
1824 1837 1927 1876 bello
1951 1837 2058 1875 illum

249 1902 427 1947 adorsus,
446 1910 582 1939 omnes
612 1898 717 1949 regni
736 1897 934 1943 civitates,
968 1907 1061 1946 quas
1084 1895 1317 1946 occupavit,
1344 1893 1516 1934 funditus
1538 1896 1682 1943 everit,
1712 1897 1856 1935 incolas
1882 1895 1979 1935 vero
1998 1907 2059 1934 ea-

244 1961 412 2008 rundem
430 1960 506 2013 (ut
523 1971 611 1998 cum
630 1954 824 2009 Scriptura
840 1955 919 1994 hoc
950 1954 1112 2007 dicam)
1137 1951 1226 2008 (f)
1251 1952 1418 1993 adducens
1448 1950 1629 2004 serravit,
1661 1952 1712 1998 &⁹
1748 1955 1937 2006 circumegit
1952 1951 2057 2006 sttper

246 2036 299 2063 eos
307 2019 460 2074 ferrata
482 2025 645 2071 carpenta
669 2016 849 2071 divifitque
883 2013 1019 2064 cultris,
1057 2013 1109 2058 &⁹
1131 2013 1294 2054 traduxit
1325 2015 1362 2055 in
1387 2021 1464 2066 typo
1499 2014 1653 2053 laterum.
1716 2012 1937 2053 Immunitas
1957 2026 2059 2064 quae-

248 2083 356 2131 dam,
383 2091 498 2132 atque
514 2082 576 2118 irae
592 2077 861 2117 immoderatio
888 2075 1051 2126 cuipiam
1080 2073 1146 2113 ista
1185 2074 1307 2114 videri
1329 2072 1497 2125 possent,
1530 2074 1593 2124 qui
1616 2070 1719 2112 forte
1748 2073 1939 2120 nesciret,
1964 2072 2058 2122 inju-

244 2145 386 2187 riarum
409 2141 568 2180 vulnera
590 2137 782 2177 interdum
814 2135 980 2176 curanda
1003 2134 1054 2174 fic
1077 2132 1173 2183 effe,
1204 2143 1248 2172 ut
1283 2145 1333 2173 ne
1356 2135 1551 2173 cicatrices
1578 2132 1734 2183 qu1dem
1769 2142 1948 2173 maneant
1972 2133 2057 2172 reli-

248 2217 346 2256 quae,
407 2200 526 2240 Ferro
549 2198 586 2238 &
609 2199 685 2251 igni
712 2199 974 2237 interminatus
1000 2193 1054 2233 est
1070 2194 1289 2234 civitatibus
1313 2193 1350 2233 &
1375 2193 1583 2245 provinciis
1609 2192 1831 2244 quibusdam
1853 2192 1924 2246 (g)
1945 2193 2057 2232 Arta-

247 2263 463 2310 xerxeS,ni
481 2259 632 2299 cuidam
666 2259 733 2297 suo
757 2257 916 2298 decreto
940 2253 1059 2295 essent
1090 2254 1370 2306 obsequentes„
1402 2253 1556 2293 daturus
1589 2251 1675 2292 alias
1704 2261 1782 2292 tam
1811 2253 2055 2301 hominibus,

248 2322 365 2376 quam
403 2320 656 2360 animantibus
687 2318 807 2357 brutis
833 2316 957 2368 puniti
985 2313 1295 2367 contemptus&
1326 2314 1596 2354 inobedientiae
1628 2312 1895 2352 severissimum
1926 2323 2056 2351 exem-

276 2385 366 2422 lum.
424 2378 638 2432 Justiffimus
660 2377 770 2417 Deus
798 2376 942 2417 isthanc
962 2375 1159 2427 politicam
1174 2387 1246 2414 nos
1261 2373 1418 2423 docuit,
1440 2372 1593 2426 quando
1611 2382 1786 2412 extremo
1807 2384 1894 2412 cum
1915 2374 2055 2423 rigore,

246 2397 352 2484 falva
380 2450 508 2479 tamen
541 2437 825 2487 misericordia,
851 2437 873 2476 a
895 2435 1094 2485 Syriorum
1121 2434 1203 2489 (h)
1241 2436 1412 2474 exercitu
1443 2446 1572 2486 poenas
1602 2433 1777 2485 sumpsit,
1808 2445 1857 2472 eo
1883 2430 1991 2483 quod
2017 2430 2054 2471 se

246 2503 381 2544 Deum
400 2501 590 2540 montium
615 2497 835 2550 blaspheme
858 2494 1097 2537 vocitaffent.
1161 2495 1347 2548 Suprema
1373 2494 1589 2547 Principum
1628 2494 1838 2532 authoritas
1875 2492 1913 2532 &
1941 2499 2055 2543 pote-

247 2562 320 2604 stas
335 2573 421 2614 pars
443 2559 498 2599 est
523 2559 784 2612 Reipublicae,
810 2557 987 2609 adeoque
1014 2555 1175 2598 offensas
1202 2555 1241 2595 &
1270 2555 1419 2607 injurias
1454 2562 1632 2607 acceptas
1658 2553 1880 2593 dissimulare
1904 2552 2053 2603 semper

247 2635 329 2664 non
347 2618 514 2675 poss'unt.
1938 2668 1960 2721 ς
2006 2669 2035 2709 Π

353 2815 410 2861 (a)
435 2814 489 2850 Sit
505 2813 614 2850 omnis
637 2810 732 2849 homo
747 2810 853 2849 velox
868 2810 921 2848 ud
930 2810 1159 2852 audiendum,
1185 2808 1313 2847 turdus
1336 2818 1456 2846 autem
1480 2807 1533 2846 ud
1551 2805 1769 2860 loquendum,
1791 2802 1836 2846 ὠ
1852 2800 1981 2839 tardus
2002 2801 2057 2840 ad

247 2867 356 2903 iram.
372 2868 444 2914 Jac.
466 2878 494 2905 1.
520 2878 576 2911 19.
629 2866 689 2913 (b)
716 2869 817 2901 Nunc
838 2861 943 2910 irusti
969 2864 1131 2901 convenit
1133 2861 1283 2915 justitiae
1308 2860 1433 2909 cuuffit.
1460 2863 1561 2899 Stob.
1584 2863 1657 2898 Ser.
1676 2872 1737 2896 20.
1791 2856 1847 2903 (c)
1873 2860 2055 2892 Memento

248 2918 396 2955 Domine
410 2917 541 2955 David
551 2946 561 2963 ,
588 2916 634 2961 ό·
648 2918 757 2954 omnis
770 2915 1047 2963 mansuetudinis
1068 2918 1150 2964 ejus.
1171 2916 1259 2953 Psal.
1282 2928 1364 2963 131.
1398 2927 1430 2951 1.
1481 2915 1541 2962 (d)
1568 2913 1693 2950 Inveni
1707 2907 1836 2946 David
1840 2907 1962 2957 filium
1974 2906 2056 2957 Jcfi

239 2967 296 3017 fi,
318 2971 442 3007 virum
447 2969 636 3016 sbcundum
650 2984 705 3007 cor
723 2983 847 3007 meum.
875 2970 956 3007 A&
983 2983 1038 3017 13.
1058 2983 1119 3007 22.
1172 2969 1230 3016 (e)
1251 2968 1416 3004 Surrexit
1432 2979 1511 3019 ergo
1530 2963 1674 3004 David,
1709 2960 1754 3004 ὦ
1772 2959 1929 3013 praecldl't
1954 2973 2054 2997 oram

248 3021 412 3076 clamydis
432 3021 679 3071 Suulfilenter.
733 3020 807 3072 Pcst
822 3020 887 3058 haec
894 3021 1052 3074 percuffit
1072 3035 1126 3058 cor
1129 3019 1236 3067 ficum
1256 3018 1403 3061 David,
1425 3032 1460 3056 eo
1475 3018 1565 3072 quod
1574 3013 1760 3062 ubsc'idifflt
1788 3026 1886 3049 orum
1905 3010 2052 3064 chlamy-

248 3075 305 3112 dis
326 3074 420 3112 Saul.
437 3078 540 3124 Reg.
573 3089 634 3123 24.
672 3088 701 3121 5.
721 3077 756 3112 δι
778 3079 811 3112 6.
835 3087 866 3112 ι.
883 3076 994 3112 Paral.
1026 3087 1081 3119 19.
1132 3073 1192 3118 (f)
1222 3087 1256 3110 2.
1276 3075 1366 3122 ch.
1390 3085 1447 3109 12.
1471 3083 1530 3120 31.
1581 3070 1641 3118 (g)
1675 3073 1721 3103 Ut
1739 3064 1922 3111 nonsslum
1944 3063 2053 3102 homi-

249 3125 348 3164 nibus
353 3141 368 3170 ;
379 3126 447 3173 'st’d
465 3129 577 3164 etium
589 3126 702 3179 bestiis
715 3128 754 3163 in
766 3125 893 3177 viuslt
921 3129 961 3165 in
973 3126 1225 3179 ftmpiternum
1240 3136 1303 3178 pro
1328 3123 1479 3177 exemplo
1501 3130 1711 3174 contemptus
1734 3118 1780 3162 (ῤ’
1807 3115 2051 3155 inobedienta.

248 3179 323 3216 Est.·
340 3185 396 3218 16.
426 3180 482 3229 1⁴4.
505 3181 507 3183 ’
535 3185 552 3224 (
554 3182 596 3224 h)
620 3182 726 3231 Qiu
743 3179 915 3217 dixerunt
935 3181 1024 3231 Syri,
1050 3184 1145 3215 Deus
1159 3180 1331 3215 montium
1346 3177 1392 3230 est
1415 3177 1598 3215 Dominus,
1624 3186 1691 3209 non
1712 3171 1758 3224 cst
1777 3177 1870 3208 Deus
1882 3168 2052 3207 vallium:

249 3229 338 3268 dubo
356 3246 487 3270 omnem
508 3231 773 3271 multitudinem
789 3230 881 3270 hunc
897 3230 1075 3285 grandem
1089 3233 1128 3270 in
1145 3244 1254 3270 manu
1268 3241 1335 3267 tun
1350 3256 1360 3270 ,
1378 3227 1551 3276 &scietis
1566 3254 1574 3268 ,
1595 3227 1680 3280 quia
1701 3239 1761 3280 ego
1773 3222 1856 3272 stam
1870 3223 2050 3260 Dominus.

255 3295 286 3332 3.
309 3287 400 3334 Reg.
424 3299 484 3326 20·
502 3294 563 3328 28.
