2132 3730
491 200 1466 280 SYMBOL—APo—LJTJCA.
1798 218 1878 262 181

27 316 28 319 ¹
88 298 128 338 in
143 296 310 344 laudibus
324 290 375 329 sui
393 287 530 338 hostis,
555 288 606 328 sic
634 290 681 329 ad
707 290 866 330 astantes
885 289 1015 330 dixisse
1039 290 1160 331 fertur
1180 305 1190 330 :
1222 293 1357 333 Notate
1389 291 1573 346 artificium
1587 294 1685 350 fiius
1705 282 1883 348 hominis—3

26 397 27 400 Ἴ
85 356 139 403 &³
155 353 311 398 videbitis
326 349 390 389 has
407 347 522 388 laudes
541 361 606 390 uon
621 350 686 390 alio*
693 346 870 402 speum,
898 353 1049 405 quamzu‘
1065 351 1175 404 rtzctj'us
1184 349 1342 391 damnum
1349 350 1410 404 fito
1416 351 1588 404 accersant
1603 362 1757 407 tenpore.
1791 356 1831 395 N
1836 370 1882 398 ec

83 417 191 458 aliter
204 407 340 452 accidit
357 436 370 456 ‚
398 408 600 460 postquam
624 409 689 449 sex
707 410 891 450 mensium
909 411 1027 462 spatio
1052 410 1263 450 istiusmodi
1282 414 1681 454 commendationibus
1696 427 1880 467 mentem,

72 478 326 520 animumque
349 467 454 508 suum
475 469 653 508 omnibus
669 471 834 522 probare
853 481 1013 510 conatus
1039 469 1165 510 fuisset
1184 498 1197 518 ,
1226 479 1270 509 ut
1288 470 1395 511 tanto
1416 472 1526 512 citius
1552 474 1691 514 deinde
1712 477 1747 515 ei
1761 477 1883 516 habe-

7 531 10 562 ἕ
81 544 183 576 retur
199 528 296 570 fides
311 528 350 567 in
366 528 424 577 iis,
441 539 525 580 quae
541 539 675 568 contra
692 530 858 571 eundem
879 532 1077 570 locuturus
1094 528 1199 572 esset.
1261 529 1359 582 Quis
1376 543 1540 582 unquam
1565 536 1693 585 pulvis
1714 545 1884 577 tormen-

6 572 25 634 ἶ,
78 593 191 633 tarius
210 618 225 639 ‚
255 585 346 626 aStis
370 588 436 627 sub
465 597 601 629 terram
629 589 825 639 cuniculis,
844 590 1016 630 incensus
1041 588 1114 628 fuit
1134 588 1156 627 ὲ
1179 590 1368 629 moenibus
1385 591 1555 643 longius,
1576 595 1639 632 ubi
1659 604 1785 635 tamen
1802 599 1883 638 vim

76 653 176 693 suam
210 657 370 688 exerere
392 646 556 688 debuit?
594 648 773 703 Peffimum
787 652 992 690 inimicorum
1014 661 1120 700 genus
1136 679 1149 697 ,
1178 647 1368 688 laudantes.
1431 647 1501 706 (a)
1534 648 1611 691 Alii
1632 663 1672 692 ut
1690 654 1881 708 decipiant

73 711 220 754 cautius
236 708 359 760 palam
384 707 537 748 laudant
549 708 607 756 ,δι
623 708 773 749 secretis
793 709 975 750 infamant
994 705 1062 762 (b)
1079 709 1419 749 criminationibus.

185 767 278 809 Nec
290 765 416 807 minus
441 762 600 808 noxium
621 766 676 808 est
690 780 824 809 eorum
846 766 1045 808 artificium
1061 796 1075 816 ,
1104 768 1169 819 qui
1204 768 1411 808 calumnias
1436 768 1488 808 sic
1514 769 1700 811 adornant
1716 800 1729 820 ‚
1759 784 1875 826 atque

21 857 24 881 :
70 827 302 875 instituunt;
331 837 375 866 ut
389 839 477 867 cum
503 827 575 867 sint
599 828 867 877 accusationes,
891 827 1023 868 laudes
1042 837 1171 868 tamen
1189 826 1264 869 effe
1295 828 1518 881 videantur,
1546 833 1748 882 quomodo
1778 834 1881 887 apud

21 891 23 897 '
72 887 226 931 Taffum
252 888 389 930 Aletus
409 886 588 927 faciebat.

251 988 322 1054 (c)
358 987 501 1040 Gran
516 983 670 1057 fabro
687 986 982 1042 dicalumnie
1004 1026 1020 1046 ‚
1053 988 1234 1042 adorm'
1263 994 1319 1045 in
1346 989 1486 1046 modi

257 1060 438 1113 Novi,
469 1060 547 1113 che
557 1062 681 1127 sono
701 1060 853 1128 accuse
873 1093 888 1115 ‚
920 1080 942 1112 e
963 1063 1113 1130 paion
1128 1060 1246 1114 lodi.

350 1146 732 1199 Calumniarum
755 1146 955 1200 callidus
974 1145 1123 1212 saber
1146 1185 1163 1207 ‚
1203 1160 1343 1218 putes

349 1217 576 1270 Laudare
595 1255 609 1276 ,
646 1218 843 1287 quando
867 1221 1157 1272 criminatur
1177 1224 1411 1273 maxime.

58 1334 149 1381 Hos
171 1337 484 1394 Psalmographus
500 1339 641 1379 indicat
665 1369 679 1389 ‚
708 1352 796 1380 cum
819 1340 943 1381 dixit:
975 1339 1050 1399 (d)
1074 1343 1238 1397 Converfi
1251 1341 1336 1396 fimt
1353 1346 1391 1384 in
1409 1356 1530 1384 arczmz
1551 1352 1712 1397 pravum
1738 1340 1807 1399 (e)
1822 1340 1876 1384 Et

59 1398 178 1438 Oseas
204 1398 420 1453 Propheta:
449 1395 639 1450 Fachfiztzt
657 1400 756 1454 quast
770 1413 875 1441 arcus
892 1399 1018 1453 dolosus
1033 1434 1048 1454 ‚
1080 1405 1198 1455 quiin
1216 1406 1326 1446 aliam
1342 1413 1491 1455 partem
1508 1405 1687 1445 collineat
1698 1433 1712 1454 ,
1741 1416 1791 1443 ex
1804 1405 1874 1443 alia

60 1457 151 1500 serit
177 1459 214 1499 &
234 1462 383 1501 sauciat.

216 1521 385 1575 Quidam
421 1519 577 1558 aemulos
606 1519 713 1569 su08‚
737 1530 950 1571 eorumque
975 1519 1146 1561 aditiones
1161 1521 1214 1561 fic
1232 1522 1407 1562 laudibus
1427 1521 1617 1571 efferunt,
1648 1532 1692 1563 ut
1706 1523 1791 1563 satis
1806 1535 1875 1575 ap·

59 1588 193 1632 pareat
216 1593 296 1620 non
317 1580 422 1633 loqui
446 1591 514 1619 eos
544 1578 638 1619 serio
660 1609 673 1629 ,
705 1580 742 1619 &
760 1590 808 1618 ex
824 1582 962 1619 animo.
1025 1581 1069 1620 ld
1093 1581 1199 1632 quod
1216 1583 1253 1621 in
1273 1582 1432 1622 Tiberio
1455 1583 1781 1631 animadversum3
1809 1585 1875 1633 qui

63 1636 146 1691 (f)
177 1641 283 1680 multa
303 1640 343 1680 de
357 1641 492 1681 virtute
512 1639 706 1680 Germanici
732 1641 935 1680 naemoravit
946 1670 960 1690 ,
989 1643 1097 1693 magis
1121 1642 1157 1680 in
1177 1638 1317 1694 speciem
1332 1641 1452 1681 verbis
1474 1641 1648 1683 adornata
1669 1673 1682 1691 ‚
1711 1644 1814 1695 quum
1832 1650 1877 1683 ut

49 1700 192 1752 penitus
199 1697 330 1752 sentire
352 1697 560 1740 crederetur.

227 1759 269 1798 ln
295 1761 373 1799 aliis
396 1755 750 1797 commendationes
789 1755 1023 1807 ejuscemodi
1054 1756 1103 1797 eo
1135 1756 1300 1797 tendunt
1322 1787 1335 1807 ,
1365 1767 1409 1797 ut
1433 1769 1550 1809 quem
1580 1758 1726 1799 habent
1745 1761 1869 1801 inimi-

53 1827 145 1856 cum
162 1848 175 1869 ,
206 1819 254 1859 ad
286 1831 330 1859 ea
354 1819 521 1859 evehant
537 1818 662 1856 munia
683 1845 695 1865 ‚
727 1827 810 1867 quae
825 1815 965 1856 deinde
991 1818 1109 1857 exitio
1130 1818 1181 1856 illi
1195 1818 1286 1867 sint,
1316 1828 1381 1857 aut
1398 1818 1723 1863 utsubmovea'tir
1736 1821 1783 1859 ab
1801 1833 1869 1860 au.

52 1877 89 1917 la
110 1878 272 1930 longius,
290 1879 357 1918 etsi
377 1889 464 1916 cum
485 1876 615 1926 majori
638 1875 751 1926 ipsius
769 1874 924 1914 fortuna
944 1876 983 1914 id
998 1876 1063 1915 fiat
1080 1889 1092 1922 3
1123 1888 1236 1926 quarn
1258 1879 1355 1916 inter
1377 1878 1464 1916 alias
1483 1879 1628 1916 causam
1656 1878 1762 1918 fuisse
1781 1893 1869 1931 reoi-

53 1935 305 1990 Ruigomefio
324 1967 337 1986 ‚
367 1947 435 1974 cur
454 1934 586 1973 auctor
604 1932 696 1973 ess‘et
718 1963 731 1982 ‚
763 1943 807 1972 ut
835 1935 873 1972 in
898 1935 1117 1974 Provincias
1148 1934 1319 1987 Belgicas
1347 1937 1564 1975 mitteretur
1586 1937 1680 1977 Dux
1696 1938 1871 1981 Albanus

51 1992 339 2045 Ferdinandus‚
371 1993 524 2046 quando
546 1992 674 2032 Status
704 1993 755 2032 illi
786 1993 834 2032 ab
862 1991 1083 2033 obedientia
1110 1996 1207 2046 regis
1237 1995 1486 2035 desciverant.
1552 1995 1617 2035 Ob
1639 1998 1805 2038 eundem
1827 2000 1871 2040 fi-

48 2065 138 2096 nem
158 2055 231 2110 (g)
254 2055 446 2097 Mucianus
473 2064 631 2107 quoque
655 2083 668 2101 ,
697 2054 780 2106 quia
793 2051 971 2104 propalam
992 2055 1132 2106 opprimi
1152 2055 1328 2095 Antonius
1354 2056 1516 2107 nequibat
1534 2085 1547 2103 ,
1573 2056 1689 2096 multis
1710 2061 1746 2098 iu
1761 2058 1869 2100 Sena·

51 2121 92 2155 tu
110 2116 267 2157 laudibus
287 2115 514 2164 cumulatum,
533 2110 672 2165 stcretis
686 2112 855 2167 promffs
878 2116 1037 2153 oneravit
1059 2145 1072 2163 ,
1104 2115 1291 2154 citeriorem
1320 2114 1528 2167 Hypanim
1550 2114 1735 2169 (fleamus,
1757 2117 1869 2172 dljcefi

39 2171 87 2226 fio
113 2176 229 2216 Cluvii
266 2175 355 2228 Rufi
375 2187 532 2214 vacuam.
591 2172 654 2213 Ad
680 2172 785 2223 quod
818 2182 865 2227 ut
883 2171 1094 2213 faciliorem
1121 2175 1224 2213 viam
1245 2173 1457 2224 sterneret,
1518 2173 1723 2227 (h)smzul
1747 2181 1867 2223 amicis

50 2235 124 2290 ejus
151 2235 360 2278 Tribunatus
385 2231 695 2287 Praefhcffiurasque
714 2231 864 2284 largitus
877 2231 936 2286 est.
994 2234 1083 2273 Dici
1107 2235 1173 2273 vix
1188 2233 1317 2284 potest
1333 2264 1345 2282 ‚
1377 2234 1492 2286 quam
1515 2236 1706 2275 aemulatio
1728 2238 1866 2281 libera.

49 2298 95 2337 lis
114 2295 159 2336 iit
177 2326 192 2346 ,
222 2295 377 2348 quando
400 2293 638 2335 amovendus
660 2303 709 2331 ex
739 2289 861 2331 oculis
876 2322 887 2341 ‚
919 2293 984 2344 qui
1015 2303 1079 2333 aut
1095 2295 1224 2346 gloriae
1253 2295 1351 2332 illius
1377 2295 1552 2334 tenebras
1569 2293 1737 2335 offundit
1755 2327 1766 2344 ‚
1797 2311 1866 2342 aut

48 2357 268 2396 commodis
285 2357 426 2405 officit,
454 2354 558 2394 unde
585 2352 668 2401 est,
698 2363 783 2403 quae
809 2353 965 2392 natandi
995 2354 1214 2406 imperitum
1245 2353 1292 2392 ad
1320 2351 1486 2394 fortunae
1514 2356 1635 2405 ripam
1658 2360 1859 2407 pertrahit,

50 2414 246 2456 Interdum
261 2419 374 2457 etiam
386 2415 515 2455 laudes
535 2414 584 2454 eo
607 2415 732 2452 animo
748 2424 1119 2464 commemorantur,
1132 2423 1174 2453 ut
1190 2414 1410 2455 suscitentur
1426 2413 1571 2462 aemuli,
1586 2415 1651 2465 qui
1666 2416 1862 2462 laudatum

52 2475 295 2516 insectentur.
355 2475 480 2515 Mirus
492 2471 604 2526 plane
616 2474 782 2513 nocendi
801 2473 941 2512 modus
966 2485 1036 2524 per
1057 2475 1176 2514 aliena
1191 2475 1297 2519 vitia.

206 2535 241 2586 δ.
273 2535 391 2575 Multi
401 2545 598 2586 eos‚quos
607 2533 676 2586 ipsi
689 2534 736 2573 ad
750 2535 855 2573 suum
875 2531 1089 2575 formarunt
1097 2536 1304 2588 ingenium,
1313 2536 1350 2574 in
1366 2535 1489 2574 officia
1502 2535 1654 2586 publica
1667 2547 1858 2581 conantur

52 2593 269 2644 intrudere,
283 2605 333 2634 eo
343 2607 431 2636 cum
452 2593 633 2644 artificio,
646 2604 688 2634 ut
701 2594 898 2634 consilium
918 2605 1050 2633 eorum
1073 2607 1190 2636 nemo
1214 2606 1414 2646 penetrare
1423 2595 1859 2647 poffit‚ideoquenemo

51 2667 96 2695 ut
119 2654 208 2694 illud
219 2655 337 2706 ipsum
363 2655 470 2696 tanto
489 2654 723 2707 assequantur
740 2654 911 2702 facilius,
943 2652 1118 2715 defectus
1136 2655 1324 2707 quosdam
1343 2654 1510 2695 leviores
1528 2655 1565 2693 in
1587 2654 1778 2706 ejusmodi
1799 2659 1858 2702 of-

52 2714 148 2756 ficiis
168 2713 384 2755 commissos
408 2717 455 2755 ab
472 2717 573 2764 aliis,
602 2715 725 2767 primo
741 2713 1053 2767 reprehendunt,
1083 2727 1177 2755 mox
1207 2715 1359 2755 laudant
1385 2713 1423 2754 &
1443 2713 1701 2766 depraedicant
1728 2719 1822 2759 alios
1840 2747 1858 2770 ‚

52 2778 118 2827 qui
137 2775 183 2814 ad
201 2787 245 2815 ea
263 2786 419 2815 munera
432 2777 549 2828 magis
567 2774 784 2815 viderentur
805 2773 938 2814 idonei
956 2803 970 2825 ‚
1001 2774 1038 2814 &
1055 2774 1246 2816 interdum
1259 2776 1368 2816 velut
1390 2775 1544 2828 ignotos
1564 2773 1718 2826 fovent,
1735 2779 1791 2819 uti
1799 2778 1858 2820 Pi.

51 2835 182 2878 sonem
201 2835 349 2885 Lacon,
364 2845 408 2875 ut
424 2834 445 2874 a
462 2835 586 2874 Galba
603 2834 663 2890 (i)
682 2836 942 2889 adoptaretur.

202 2895 299 2945 Alii,
330 2904 373 2935 ut
387 2894 488 2935 suam
507 2896 841 2947 celentpaffionem
858 2925 871 2945 ‚
900 2896 937 2935 in
954 2895 1110 2947 longum
1128 2893 1274 2945 jaciunt
1291 2893 1381 2934 odia
1396 2924 1408 2942 ‚
1438 2893 1476 2934 &
1491 2895 1624 2935 sensim
1656 2896 1718 2937 illa
1740 2896 1854 2940 instil-

53 2957 132 3000 lant
153 2955 304 3011 pet‘tori
323 2955 529 3008 Principis,
560 2964 603 2994 ut
624 2956 825 3009 oppletum
847 2954 1018 2996 effundat
1034 2955 1071 2994 se
1088 2954 1242 2995 tandem
1259 2956 1297 2995 in
1312 2954 1391 3006 ejus
1410 2955 1590 2996 damnum
1608 2986 1620 3005 ‚
1650 2959 1712 2998 cui
1730 2958 1853 2999 infen-

474 3031 476 3033 ’
672 3031 673 3034 “
969 3014 1004 3055 Ζ
1018 3029 1040 3057 z
1822 3017 1851 3059 fi

145 3113 203 3157 (a)
216 3111 332 3149 Tacit.
350 3111 388 3149 in
401 3110 476 3148 vitii
488 3109 612 3160 Agric.
663 3111 722 3155 (b)
750 3113 894 3150 Secretis
911 3125 989 3150 eum
1009 3109 1311 3149 criminationibus
1338 3109 1592 3158 infamaverat
1614 3106 1851 3164 ignarum-d*

53 3171 116 3213 quo
130 3168 268 3203 cautius
282 3163 515 3217 deciperetur,
534 3162 660 3215 palam
675 3163 874 3203 laudatum.
925 3166 1013 3202 Tac.
1030 3164 1053 3200 l.
1073 3177 1129 3202 11.
1146 3164 1280 3202 Histor.
1337 3168 1395 3212 (c)
1412 3164 1513 3203 Taffo
1535 3177 1610 3201 can.
1632 3177 1666 3199 2.
1720 3158 1781 3214 (d)
1792 3161 1847 3199 Pf.

0 3234 1 3250 ι
52 3222 116 3259 72.
136 3225 193 3263 57.
235 3220 304 3264 (e)
335 3218 398 3254 Os.
421 3229 458 3264 7.
484 3221 540 3254 16.
596 3216 662 3264 (f)
687 3216 802 3254 Tacit.
824 3217 887 3255 lib..
912 3217 1085 3257 1.Annal.
1138 3219 1199 3268 (g)
1226 3219 1326 3258 Idem
1341 3218 1403 3258 lib.
1417 3230 1455 3267 4.
1472 3216 1560 3254 Hist.
1613 3213 1846 3266 (hjlbidem.

0 3261 1 3299 ἶ
52 3264 104 3314 (ἰ)
129 3264 193 3305 sed
199 3267 341 3313 callide,
367 3279 409 3308 ut
424 3266 747 3324 lgnetumfhvebit.
773 3269 1049 3315 Tac.1.1.Hist.
1569 3311 1576 3313 ,
1599 3296 1605 3299 -
1688 3296 1705 3314 ε
