2132 3730
463 186 1446 238 SYMBOLAPOLITICA.
1771 212 1850 251 271

1599 259 1857 273 -Φ--ξ-

6 263 8 265 ‚
28 262 32 273 .
319 251 1599 266 Q

2 284 31 320 ,4⁴
63 276 200 316 minori
216 283 340 313 tamen
362 267 446 309 fere
470 281 557 309 cum
589 270 821 311 detrimento
846 274 997 313 tolerari
1027 275 1170 322 solent,
1200 275 1316 326 quam
1342 278 1531 323 innovari.
1588 280 1769 332 Princeps
1791 285 1856 323 ali-

61 336 146 386 quis
167 332 332 385 prudens
348 341 492 370 nervos
511 339 760 382 attemperat,
787 342 904 383 prout
926 332 1095 385 dispositi
1110 333 1179 387 ipsi
1203 335 1311 385 sunt,
1340 349 1420 377 non
1438 349 1506 378 eos
1530 341 1706 382 immutat
1732 343 1855 382 omni-

4 417 6 424 .
60 406 138 443 no,
165 391 232 434 nifi
252 389 356 429 forte
379 392 563 442 temporis
579 389 847 441 diuturnitate,
878 402 943 433 aut
959 395 1037 434 aliis
1061 393 1111 435 de
1129 394 1248 434 causis
1273 396 1477 449 tantopere
1493 397 1686 440 disturbati
1713 402 1737 440 ii
1761 401 1855 451 fint,

23 451 28 510 i
57 464 101 492 ut
120 449 230 504 plane
246 449 267 489 ὲ
285 450 362 491 fine
379 450 447 491 suo
467 452 593 503 primo
616 448 817 501 deficiant,
847 453 1172 504 quemadmodum
1191 455 1278 495 aiibi
1300 455 1470 497 dicimus.
1531 459 1704 512 Oportet
1728 462 1856 513 igitur,

23 526 27 566 μ
56 522 100 551 ut
118 511 297 563 Princeps
318 511 470 564 Imperii
485 510 537 550 fiii
559 510 845 553 decachordum
859 514 960 554 bene
988 523 1242 566 accurateque
1270 515 1512 568 perspectum
1541 520 1700 571 habeat,
1730 520 1856 573 Maje-

48 569 188 612 statem
211 573 325 621 item,
356 570 545 623 quaeillud
566 573 789 624 comitatur,
818 584 990 616 naturam
1008 574 1196 626 denique,
1225 576 1490 618 conditionem
1515 577 1762 633 &ingenium
1780 593 1852 633 po-

54 633 158 685 puli,
187 630 301 684 quam
319 633 549 684 aulicorum,
579 645 664 687 quae
686 636 869 690 praecipui
901 637 998 677 illius
1025 638 1134 678 nervi
1158 637 1254 678 sunt,
1313 637 1421 685 Nam
1449 647 1493 679 ut
1516 639 1621 680 redte
1647 641 1740 684 dicit
1762 641 1853 684 Rex

22 678 26 710 Ι

35 2083 255 2136 alphonsus
273 2082 430 2137 Sapiens
448 2082 486 2124 in
503 2081 666 2135 quadam
690 2081 752 2123 sua
783 2084 890 2138 lege:
921 2083 996 2138 (a)
1025 2081 1136 2125 Saber
1164 2096 1303 2126 conozer
1327 2085 1374 2128 Ios
1404 2085 1531 2136 Omes,
1560 2100 1594 2127 es
1621 2101 1691 2127 mm
1722 2087 1763 2128 de
1790 2090 1844 2130 las

33 2144 143 2198 «fils,
172 2143 213 2186 de
233 2160 296 2200 qzte
312 2145 342 2186 el
355 2145 434 2198 Rey
451 2157 526 2184 mas
529 2141 567 2194 se
582 2142 662 2183 debe
675 2144 865 2194 trabajar:
894 2156 936 2183 ea
943 2153 1032 2196 pues
1043 2158 1107 2199 que
1127 2158 1186 2185 con
1202 2152 1279 2187 ellos
1295 2147 1342 2186 ha
1357 2145 1398 2193 de
1405 2144 1520 2196 fare-‘er
1537 2146 1629 2186 todos
1637 2145 1700 2197 fils
1715 2145 1842 2198 fechos,

28 2205 194 2261 menester
205 2221 261 2255 es,
285 2220 348 2260 que
363 2207 410 2246 los
423 2216 564 2245 conozca
579 2203 664 2243 bien.
724 2203 821 2244 Scire
837 2204 979 2244 homines
992 2202 1093 2259 ruffi,
1118 2217 1177 2246 res
1198 2205 1267 2260 est,
1295 2199 1550 2259 cuisplminmm
1569 2216 1677 2258 opem
1701 2221 1724 2248 a
1747 2208 1844 2261 Rege

35 2264 82 2319 est
96 2263 354 2320 inpendendum.
416 2259 553 2318 Neceffl
570 2265 656 2304 enim
670 2261 739 2318 cst,
768 2270 809 2303 ut
834 2276 906 2312 eos,
934 2263 1129 2318 quibuscum
1142 2267 1297 2320 negotia,
1325 2280 1402 2320 quae
1423 2265 1542 2316 hahet,
1573 2269 1682 2307 omnia
1693 2276 1841 2319 pertra-

35 2326 162 2367 &anda
180 2329 343 2376 venium,
368 2324 472 2378 probe
487 2325 632 2378 cognitos
634 2323 705 2377 sibi
712 2355 725 2374 ,
755 2320 994 2376 acpersperi‘os
1019 2326 1154 2365 habeat.
1215 2325 1258 2366 ln
1278 2327 1356 2366 hoc
1383 2327 1611 2379 potiffimum
1628 2329 1840 2379 gubernan-

36 2385 84 2425 di·
97 2386 295 2427 artificium
317 2385 498 2430 consistit.

210 2486 297 2551 (b)
335 2487 573 2556 Principis
604 2483 663 2553 est
681 2487 845 2536 ‘virtus
866 2487 1093 2537 maxima
1112 2481 1377 2556 nfifflfims.

36 2611 116 2663 Qui
147 2611 184 2650 in
213 2621 257 2650 ea
281 2609 432 2651 scientia
459 2611 544 2663 plus
577 2608 852 2662 profecerunt,
882 2609 1014 2660 maj0ri
1047 2621 1136 2650 cum
1168 2609 1350 2652 facilitate
1374 2607 1461 2650 suos
1481 2619 1663 2650 rexerunt
1689 2610 1833 2654 Status.

34 2670 155 2711 Multi
183 2672 229 2710 ad
252 2671 473 2720 Regnorum
506 2669 790 2710 decachordum
822 2681 977 2709 manum
1005 2668 1239 2719 admovent,
1271 2671 1382 2722 pauci
1412 2668 1538 2721 digitis
1564 2681 1708 2710 nervos
1740 2679 1833 2722 apte

35 2728 178 2771 norunt
195 2732 411 2782 impellere,
440 2729 602 2769 rariffimi
625 2741 795 2770 naturam
813 2730 909 2769 iliius
926 2730 998 2770 rite
1016 2730 1274 2782 cognoscunt,
1305 2729 1342 2769 &
1367 2741 1417 2770 eo
1435 2729 1526 2769 scite
1543 2738 1695 2769 canunt.

187 2788 282 2830 illud
302 2791 412 2841 igitur
435 2790 522 2830 sciat
548 2788 728 2842 Princeps
749 2790 927 2843 Regnum
948 2788 1040 2829 nihil
1071 2788 1145 2829 effe
1175 2790 1297 2839 aliud,
1328 2787 1441 2841 quam
1469 2791 1671 2829 multarum
1697 2789 1832 2828 civita-

34 2860 116 2891 tum
137 2852 450 2903 populorumque
473 2848 661 2899 quandam
678 2851 879 2898 unionem,
911 2849 947 2890 δε
963 2849 1252 2890 consensionem
1264 2861 1513 2890 communem
1530 2850 1569 2889 in
1584 2851 1694 2889 unius
1715 2848 1833 2889 alicu·

30 2910 89 2962 jus
112 2912 313 2962 imperium
334 2909 371 2949 &
393 2908 652 2949 obedientiam
670 2910 849 2958 aliorum,
880 2922 994 2961 quam
1011 2909 1169 2949 ambitio
1185 2907 1294 2950 suasit
1316 2909 1353 2949 &
1374 2911 1443 2949 vis*
1498 2909 1719 2949 Concordia
1736 2907 1830 2947 illud

31 2970 195 3022 primiim
220 2971 365 3018 erexit,
388 2968 489 3009 idem
525 2967 644 3020 porro
676 2968 876 3009 conservat
902 2967 1121 3010 concordia.
1182 2967 1326 3021 Justitia
1355 2969 1393 3009 &
1423 2970 1626 3009 'clementia
1644 2970 1761 3008 vitam
1793 2969 1830 3007 ei

33 3031 214 3070 tribuunt.
274 3030 374 3069 Cura
391 3028 445 3070 est
466 3029 596 3068 alienae
618 3027 752 3068 salutis.
810 3029 971 3081 Spiritus
995 3028 1074 3080 ejus
1099 3030 1137 3069 in
1157 3030 1303 3069 unitate
1321 3029 1529 3081 Reiigionis
1542 3026 1722 3069 consistit.
1767 3025 1830 3067 Ex

0 3129 1 3143 χ
35 3089 168 3131 iisdem
196 3091 398 3143 partibus,
428 3088 566 3141 quibus
598 3087 770 3138 constat,
798 3090 1041 3131 conservatio
1072 3088 1152 3139 ejus
1180 3087 1400 3140 dependet,
1431 3099 1677 3142 augmentum
1709 3087 1829 3136 item,

0 3149 1 3159 ¹
962 3147 998 3187 Y
1015 3159 1041 3198 y
1061 3159 1088 3198 y
1119 3161 1141 3188 2
1763 3156 1829 3186 aut

136 3265 192 3309 (a)
211 3263 288 3302 Lib.
311 3276 366 3314 13.
380 3276 424 3303 tt.
440 3276 476 3316 5.
501 3280 536 3316 p.
556 3279 590 3304 2.
641 3265 708 3315 (b)
735 3230 834 3304 Mar-l
