2132 3730
267 212 354 262 256
460 219 462 221 ·
725 203 1073 247 DJDACJ
1124 203 1657 249 SAAVEDRAE

263 294 368 334 illum
396 292 592 343 ¹sustentat.
671 289 764 340 Quo
791 287 862 336 fit,
892 296 935 325 ut
962 299 1060 326 unus
1093 288 1223 339 aliquis
1264 287 1377 330 facile
1403 291 1594 331 interdum
1625 293 1811 345 gubernet
1837 272 2061 343 Imperium:

265 354 370 406 quod
395 364 472 393 non
489 350 556 389 nisi
573 358 707 399 magna
726 358 815 386 cum
833 346 1054 387 difficultate
1071 348 1180 386 multi
1202 347 1395 402 Principes
1413 359 1631 395 erexerunt

441 409 640 462 §.Quare
663 406 752 447 cum
775 407 1010 459 praecipuum
1032 406 1216 458 Principis
1239 410 1404 450 officium
1429 409 1503 460 sit,
1534 411 1621 450 suos
1649 408 1776 450 Status
1802 409 2029 450 conservare
2049 438 2062 458 ,

261 472 431 522 adjiciam
456 469 517 507 hic
542 479 587 507 ea
612 466 762 516 media,
792 466 930 519 quibus
952 465 991 506 id
1019 465 1100 507 fieri
1123 467 1261 519 possit,
1283 468 1365 509 five
1387 470 1634 520 successione,
1667 479 1731 509 aut
1756 466 1966 518 electione,
1996 477 2062 507 aut
2122 472 2123 475 ’

261 531 371 570 armis
393 526 562 580 acquisiti
585 525 636 566 illi
658 526 811 567 fuerint.
871 525 967 566 Tres
993 526 1110 566 solum
1135 527 1260 568 causas
1286 531 1480 580 generales
1500 531 1713 580 praemitto,
1743 542 1828 582 quae
1854 529 1903 568 ad
1935 529 2062 579 acqui-

259 587 418 630 rendum
443 617 456 637 ,
487 587 525 626 δε
542 586 844 627 conservandum
873 587 994 626 solent
1023 598 1274 634 concurrere;
1306 588 1344 628 ὃς
1365 589 1450 628 sunt
1479 587 1577 630 istae:
1607 589 1740 638 Deus,
1781 590 1811 630 fi
1840 600 1928 629 eum
1959 587 2064 627 Reli-

259 650 374 701 gione
402 646 589 699 &justitia
607 647 800 687 servemus
826 648 1060 699 propitium:
1091 646 1278 694 Occasi03
1307 647 1396 688 curn
1419 649 1611 687 causarum
1644 650 1849 689 concursus
1879 648 1927 688 ad
1956 648 2062 686 altio-

257 719 340 747 rem
378 705 572 747 fortunam
606 708 708 747 viam
745 708 880 759 aperit.
942 707 1173 754 Prudentia,
1203 707 1358 758 quando
1395 718 1460 747 aut
1489 709 1680 747 accersere
1719 709 1968 756 occasiones,
1999 714 2064 749 aut
2118 755 2119 760 ¹

256 766 395 819 sponte
412 769 508 807 natis
535 766 640 807 reste
660 767 717 806 uti
733 769 816 819 quis
837 767 962 815 novit,
1019 768 1104 807 Alia
1125 765 1370 807 instrumenta
1397 767 1480 807 sunt
1512 780 1600 807 cum
1625 769 1778 806 scientia
1813 766 2064 807 conservandi

257 829 505 874 communia:
529 827 717 878 ejusmodi
743 827 829 866 sunt
867 828 1013 866 animus
1047 826 1272 879 generosus,
1303 826 1341 866 ὃς
1374 829 1579 878 applicatio
1606 827 1811 880 Principis;
1841 826 2064 877 consilium,

255 886 478 940 prudentia,
499 887 752 935 existimatio,
781 887 932 935 cultus,
963 886 1058 926 &in
1084 886 1205 938 ipsum
1225 899 1351 926 amor:
1380 885 1539 941 dignitas
1559 887 1747 936 Coronae,
1776 899 1966 926 armorum
1988 888 2062 934 vis3
2094 893 2097 895 ’

256 947 381 987 unitas
398 948 610 999 religionis3
641 945 912 985 administratio
937 945 1104 997 J'ustitiae,
1133 948 1261 998 legum
1296 944 1520 986 auctoritas:
1552 946 1770 986 distributio·
1791 948 2062 998 proemiorum3
2122 947 2124 951 ’

255 1007 435 1046 severitas
459 1005 721 1060 castigationis.
780 1004 1025 1058 Magistratus
1048 1007 1267 1058 integritas3
1298 1004 1438 1046 elec'tio
1467 1007 1570 1045 bona
1594 1004 1884 1059 Ministrorum,
1911 1007 2066 1058 privile-

255 1069 422 1119 giorum,
455 1066 492 1106 &
514 1065 832 1107 consuetudinum
866 1067 1133 1113 conservatio,
1162 1065 1347 1105 modestia
1375 1064 1626 1112 Nobilitatis3
1660 1065 1876 1117 frequentia
1903 1067 2063 1117 populi,
2116 1056 2117 1107 J

255 1136 424 1165 monetae
453 1128 617 1179 puritas;
646 1127 984 1166 mercimoniorum
1003 1155 1016 1175 ,
1050 1125 1088 1165 δε
1118 1125 1307 1166 bonarum
1333 1126 1470 1167 artium
1503 1128 1804 1172 incrementum3
1832 1125 2063 1175 concordia,

255 1185 431 1236 ubertas,
459 1186 729 1226 &aerariorum
760 1186 970 1237 opulentia.

429 1245 464 1296 ἕ.
496 1245 570 1286 His
590 1246 731 1286 artibus
748 1245 1023 1286 conservantur
1039 1242 1166 1283 Status
1180 1273 1193 1294 ,
1224 1243 1261 1283 δε
1284 1243 1434 1284 tametsi
1449 1245 1488 1284 in
1514 1244 1693 1291 omnibus
1709 1244 1837 1284 sedula
1853 1244 2065 1283 attentione

253 1304 299 1344 sit
319 1315 438 1356 opus3
466 1307 492 1346 ii
517 1316 643 1346 tamen
656 1336 669 1355 ,
700 1307 764 1358 qui
789 1305 1017 1345 successione
1034 1304 1259 1343 hereditaria
1279 1303 1299 1343 a
1318 1305 1540 1355 parentibus
1558 1304 1779 1343 derivantur
1800 1306 1836 1343 in
1854 1304 1968 1350 filios,
1984 1312 2064 1342 tan·-
2112 1335 2114 1337 .

253 1374 331 1404 tam
357 1377 436 1404 non
477 1365 704 1410 desiderant.
763 1364 863 1404 Ciim
889 1366 991 1404 enim
1020 1363 1254 1410 dominati0‚
1286 1362 1324 1401 &
1354 1363 1574 1402 obedientia
1597 1363 1673 1413 jam
1696 1364 1800 1415 quasi
1827 1366 1866 1403 in
1891 1374 2064 1403 naturam

253 1425 484 1474 transierint,
515 1439 595 1465 non
618 1425 779 1477 amplius
804 1426 1060 1464 meminerunt
1087 1421 1237 1461 Subditi
1258 1451 1271 1469 ,
1302 1420 1498 1462 Coronam
1523 1422 1570 1461 ab
1592 1421 1826 1462 institutione
1851 1421 1925 1463 effe
1944 1451 1957 1470 ,
1986 1434 2066 1461 non
2112 1423 2114 1454 ὲ

252 1483 351 1524 vero
376 1487 678 1537 proprietariam.
765 1483 901 1524 Nemo
938 1485 1083 1522 cultum
1117 1482 1155 1521 δε
1186 1491 1466 1527 ¹veneratonem
1495 1483 1529 1520 ei
1557 1481 1747 1533 denegare
1783 1482 1919 1530 audet,
1949 1493 2066 1532 quem
2110 1483 2113 1531 j

251 1556 347 1585 mox
373 1546 420 1583 ab
438 1545 519 1597 ipso
545 1545 611 1584 suo
643 1553 732 1584 ortu
762 1543 978 1583 Dominum
1003 1542 1173 1593 agnovit.
1235 1539 1383 1579 Omnes
1411 1540 1432 1579 a
1462 1539 1677 1580 successore
1706 1540 1915 1580 vindistam
1943 1550 2067 1580 metu-

252 1614 323 1643 unt
342 1604 379 1643 δι
400 1616 571 1655 poenam,
600 1603 628 1643 fi
646 1603 736 1654 quid
765 1606 802 1642 in
819 1615 930 1650 eum,
959 1602 1025 1653 qui
1048 1612 1137 1639 cum
1161 1599 1329 1650 Imperio
1355 1597 1511 1650 praeest,
1542 1599 1810 1639 commiserint.
1869 1599 2064 1639 Defectus

251 1662 367 1715 ipfius
391 1663 504 1703 facile
526 1663 680 1710 ferunt,
713 1661 749 1701 &
775 1663 941 1701 tolerant
972 1660 1118 1700 subditi.
1179 1658 1262 1710 Ipse
1283 1660 1529 1711 negotiorum
1569 1658 1696 1698 fluxus
1719 1657 1819 1713 (qui
1842 1659 1960 1711 longo
1991 1661 2066 1709 jam

250 1721 319 1762 usu
343 1723 380 1762 δε
410 1723 646 1774 experientia
670 1723 823 1760 alveum
854 1719 1029 1773 reperit)
1060 1720 1232 1759 securum
1272 1730 1363 1758 eum
1398 1718 1542 1767 reddit,
1572 1719 1661 1757 licet
1695 1719 1742 1758 ad
1775 1719 2066 1772 gubernandum
2113 1753 2117 1764 s

250 1782 377 1823 minus
406 1782 570 1823 idoneus
596 1781 662 1830 sit,
693 1781 815 1821 modo
844 1790 1017 1819 naturam
1051 1779 1189 1819 habeat
1216 1777 1404 1825 docilem,
1436 1790 1521 1830 quae
1552 1779 1589 1817 in
1617 1780 1796 1818 omnibus
1821 1778 1927 1819 reste
1952 1791 2064 1833 agere
2106 1823 2109 1838 ἆ

250 1841 421 1894 studeat,
455 1843 491 1883 &
511 1843 639 1883 bonos
657 1841 747 1881 sciat
765 1840 893 1893 legere
917 1838 1130 1887 Ministros,
1163 1850 1227 1877 aut
1245 1837 1350 1877 certe
1372 1839 1444 1878 hos
1462 1841 1555 1878 tales
1577 1839 1612 1878 ei
1643 1838 1747 1878 casus
1773 1839 1968 1879 obtulerit.

427 1903 462 1954 §,
493 1902 534 1942 In
560 1904 604 1942 iis
624 1900 721 1940 vero
745 1900 935 1948 Statibus,
968 1901 1032 1950 qui
1055 1900 1138 1950 jure
1171 1899 1410 1937 haereditario
1439 1911 1508 1950 per
1526 1902 1665 1938 lineam
1694 1900 1971 1950 transversam,
2000 1908 2066 1939 aut

251 1972 321 2015 per
351 1963 634 2001 matrimonium
663 1960 788 1999 eidem
816 1961 1057 2004 obveniunt,
1086 1957 1219 2007 majori
1248 1959 1363 1996 etiam
1395 1969 1484 1996 cura
1510 1969 1554 1996 ac
1582 1958 1733 1998 solertia
1763 1970 1862 2010 opus
1890 1958 1966 2008 est,
1996 1959 2063 1998 sub

250 2022 375 2075 prima
403 2021 687 2073 gubernationis
711 2021 815 2059 initia
844 2020 1072 2070 praesenjm,
1104 2029 1182 2068 quo
1207 2017 1244 2055 in
1267 2028 1407 2068 genere
1432 2028 1511 2055 non
1534 2015 1623 2055 leve
1651 2019 1865 2068 periculum
1899 2020 2065 2070 experiri

252 2079 377 2121 solent
399 2079 665 2128 Succeffores,
697 2081 758 2131 qui
779 2080 898 2118 nimio
920 2089 1007 2118 cun]
1030 2078 1136 2124 zeIO,
1167 2087 1230 2115 aut
1247 2075 1427 2128 cupidine
1458 2076 1585 2128 gloriae
1613 2075 1738 2116 minus
1765 2076 1956 2128 prudente
1984 2080 2064 2118 An-

253 2138 482 2181 tecessorum
498 2141 650 2180 suorum
680 2139 915 2186 actionibus,
947 2137 984 2176 &
1011 2136 1186 2175 institutis
1218 2135 1295 2174 sese
1324 2144 1551 2186 opponunt,
1581 2133 1719 2175 statum
1747 2139 1981 2187 praeteritum
2008 2140 2066 2178 in-

251 2201 438 2243 novando
459 2201 603 2252 absque
621 2198 822 2252 prudentia
846 2199 973 2236 debrta
988 2196 1026 2235 ἃ
1044 2195 1333 2243 moderatione,
1363 2195 1478 2234 etiam
1500 2204 1580 2234 turn
1593 2225 1606 2245 ‚
1630 2195 1735 2235 cum
1753 2196 1802 2235 de
1819 2196 2064 2237 emendando

255 2262 389 2314 agitur.
448 2260 555 2301 Nam
592 2260 758 2299 Platonis
793 2257 997 2305 sententia,
1029 2257 1092 2307 qui
1124 2255 1356 2294 mutationes
1381 2266 1516 2293 ornnes
1540 2255 1590 2293 ait
1609 2253 1683 2295 effe
1710 2256 1967 2307 periculosas,
1994 2257 2064 2298 nist

256 2321 306 2361 de
332 2322 438 2360 malis
456 2321 546 2368 sint,
575 2321 706 2360 locum
730 2318 874 2359 habere
896 2330 974 2357 non
1002 2316 1154 2355 videtur
1178 2316 1214 2353 in
1242 2316 1302 2353 illa
1319 2314 1618 2366 gubernatione,
1649 2316 1686 2354 in
1707 2328 1780 2367 qua
1811 2329 1946 2368 magna
1983 2319 2064 2369 qui·
2127 2348 2132 2362 Ε

257 2381 346 2420 dem
370 2381 452 2420 sunt
478 2382 668 2432 pericula,
697 2380 930 2419 mutationes
962 2387 1087 2416 tamen
1119 2374 1250 2415 sensim
1276 2372 1374 2413 fiunt
1399 2374 1446 2413 ad
1475 2375 1727 2414 imitationem
1764 2374 1945 2425 Naturae,
1977 2390 2063 2429 quae

254 2452 336 2481 non
359 2439 560 2480 confestim
579 2441 625 2478 ab
650 2451 730 2478 uno
747 2448 924 2477 extremo
942 2435 1070 2476 transit
1087 2433 1274 2486 adalind,
1303 2433 1366 2473 sed
1386 2435 1484 2473 inter
1506 2435 1743 2486 asperitatem
1760 2434 1922 2484 hyberni
1948 2436 2064 2490 frigo-

254 2502 330 2549 ris,
361 2500 395 2540 ἃ
417 2499 566 2539 aestivos
584 2500 730 2538 calores
748 2506 1094 2549 temperamentum
1114 2495 1237 2542 veris,
1262 2493 1300 2534 &
1323 2495 1511 2534 Autumni
1537 2494 1724 2544 interjicit.
1786 2493 1861 2550 (a)
1891 2497 2032 2549 Anceps
2051 2527 2063 2545 ‚
2092 2526 2095 2556 ,³
2131 2505 2132 2509 ’

256 2558 309 2604 &9
326 2557 454 2611 operostz
472 2561 572 2599 nimis
586 2557 633 2612 efl
652 2560 811 2607 mutatio,
842 2570 964 2611 quse!
932 2553 1063 2607 fillum,
1102 2553 1152 2599 &³
1176 2567 1250 2594 cum
1271 2552 1419 2606 quadam
1439 2555 1600 2594 violentia
1611 2550 1809 2606 βζίὲφὶῑννς
1828 2551 1973 2604 facilior
2001 2570 2066 2596 au-

256 2626 345 2669 tem,
375 2633 452 2673 quae
467 2616 599 2672 fimfim,
628 2618 679 2663 ἐξ)
696 2618 866 2670 partiatim
890 2615 1071 2656 decimando
1083 2612 1147 2668 fit.
1210 2614 1481 2662 Navigationis
1518 2624 1694 2685 tempore
1722 2615 1978 2666 periculosum
2007 2599 2094 2678 estj

256 2690 405 2720 mutare
420 2682 507 2719 vela
528 2680 580 2718 ob
599 2688 760 2718 ventum
792 2677 1042 2725 contrarium,
1075 2675 1124 2714 eo
1150 2674 1255 2725 quod
1282 2673 1444 2727 repente
1474 2675 1521 2715 ab
1551 2674 1630 2714 uno
1646 2676 1754 2714 navis
1771 2676 1942 2715 laterem
1960 2665 2093 2716 aliud'n

258 2808 341 2839 tum
380 2797 462 2838 fieri
488 2797 638 2851 potest,
670 2796 846 2850 sequatur
870 2809 1044 2837 normam
1083 2795 1366 2848 gubernationis
1401 2797 1621 2848 praeteritae‚
1653 2794 1780 2834 dando
1805 2806 1986 2848 operam,
2017 2805 2091 2835 ut

258 2860 441 2912 paulatim
463 2859 509 2898 ad
525 2858 950 2901 meliorem.reducarur
967 2856 1130 2896 formam
1149 2857 1211 2896 tali
1230 2868 1316 2895 cum
1339 2856 1524 2896 suavitate
1545 2856 1582 2895 &
1611 2855 1898 2904 moderatione,
1926 2864 1969 2893 ut
1987 2867 2062 2907 po.
2085 2892 2089 2911 a

258 2920 373 2971 pulus
397 2917 470 2958 alio
495 2919 531 2958 se
554 2918 720 2959 delatum
739 2916 828 2959 ante
847 2919 1002 2966 videat,
1035 2914 1147 2968 quarn
1183 2916 1479 2965 animadvertat,
1512 2917 1649 2968 quibus
1671 2915 1847 2969 gradibus
1876 2913 2060 2956 effectum

259 2977 299 3019 id
325 2978 454 3022 fuerit.
511 2977 686 3018 Tiberius
704 2979 751 3019 ad
777 2979 982 3030 Imperium
998 2976 1157 3017 evectus
1168 3005 1181 3024 ,
1210 2975 1279 3030 (b)
1302 2977 1459 3030 pqvulum
1463 2985 1531 3029 per
1547 2984 1597 3017 tot
1615 2989 1720 3016 annos
1735 2973 1874 3014 molliter
1892 2974 2058 3026 habitum,

259 3038 404 3080 nondum
423 3035 572 3077 audebat
586 3037 636 3077 ad
653 3037 795 3080 dmiora
809 3049 961 3080 vertere.
1021 3037 1058 3076 &
1076 3036 1187 3076 ludos
1202 3038 1401 3088 publicos,
1433 3038 1479 3077 ab
1512 3036 1684 3088 Augusto
1710 3032 1970 3084 introductos,
1991 3036 2059 3075 ab·
2092 3036 2094 3043 '

259 3111 407 3151 rogare.
468 3098 615 3138 Paucos
632 3099 776 3139 menses
795 3099 998 3152 Imperium
1017 3095 1140 3137 Galba
1163 3099 1310 3147 tenuit,
1343 3100 1430 3150 quia
1447 3110 1539 3139 mox
1559 3097 1625 3137 sub
1641 3097 1758 3148 prima
1774 3093 1853 3145 ejus
1874 3096 1978 3136 initia
1995 3108 2057 3135 ca·
2072 3090 2093 3127 'i

260 3157 395 3212 stigare
410 3159 527 3211 coepit
542 3156 678 3198 delicta
691 3187 704 3208 ,
734 3159 772 3198 ὅτ.
789 3159 1061 3200 donationibus
1077 3157 1234 3198 modum
1260 3170 1430 3210 ponere,
1456 3171 1529 3199 nec
1552 3156 1773 3210 permittere
1794 3156 1920 3196 voluit
1939 3158 2058 3202 licen,-
2089 3179 2091 3215 ᾗ

2013 3225 2059 3256 tl-

262 3276 802 3345 mu
856 3301 917 3347 (b)
941 3299 1056 3338 Tacit.
1078 3300 1141 3337 libe
1172 3313 1202 3337 1.
1223 3300 1353 3337 Annal.

258 2739 522 2779 convertenda
541 2738 626 2783 sint
675 2737 903 2790 Eapropter
922 2736 1034 2776 valde
1052 2736 1235 2787 expedit,
1263 2744 1305 2773 ut
1328 2734 1505 2788 Princeps
1515 2735 1581 2775 sub
1592 2735 1743 2787 Imperii
1761 2736 1931 2785 initium,
1945 2748 2060 2788 quan
2082 2745 2093 2795 ξ
2115 2696 2132 2735 g
