2132 3730
427 248 1404 292 STMBOLAPOLJTJCA
1745 263 1824 303 305

50 339 78 378 sl
103 339 140 377 id
160 335 341 385 temporis
359 332 504 372 scutum
521 345 638 373 unum
655 332 798 373 valeret
816 343 982 382 tantum,
1014 342 1194 385 quantum
1213 346 1314 373 nunc
1339 334 1488 376 decern,
1549 333 1665 374 Fatua
1686 333 1739 375 est
1757 347 1828 385 po-

48 399 189 443 tentia,
220 394 256 433 &
273 391 364 431 ideo
387 404 485 444 opus
501 393 636 441 habet,
665 401 707 431 ut
718 393 922 444 corrigatur
939 392 960 432 a
977 393 1176 444 prudentia
1195 396 1448 434 oeconomica:
1479 393 1621 445 absque
1640 395 1709 433 hac
1724 396 1828 435 enim

47 467 141 496 mox
160 449 272 492 ruunt
294 453 461 504 imperia.
518 452 737 491 Romanum
759 453 937 491 inclinare
963 453 1082 492 visum
1098 451 1173 500 est,
1204 464 1251 491 ex
1275 466 1352 503 quo
1380 453 1665 504 profusionibus
1695 456 1830 494 immo-

47 515 139 554 dicis
165 511 203 551 &
224 512 433 563 sumptibus
449 512 572 550 nimiis
590 511 865 563 Imperatorum
891 512 1049 552 thesauri
1073 513 1169 551 illius
1194 522 1391 564 coeperunt
1416 513 1576 564 prodigi.
1639 516 1762 554 Armis
1793 513 1831 553 δε

47 574 185 625 opibus
200 572 363 611 mundus
388 571 453 610 hic
477 572 629 623 regitur.
689 570 791 610 Istud
809 573 846 611 in
871 572 1040 623 praesenti
1063 571 1303 612 Emblemate
1321 571 1463 624 gladius
1485 572 1689 623 significat,
1721 573 1758 613 δε
1777 585 1834 613 ra-

45 644 129 673 mus
146 643 307 679 aureus,
339 642 437 682 quos
468 631 576 683 supra
596 640 703 670 terrae
734 632 868 672 orbem
882 632 1077 671 brachium
1093 629 1269 680 sustinet,
1300 632 1346 670 ad
1362 632 1595 672 innuendum
1631 634 1832 682 nimirum,

41 702 211 743 utroque
241 692 307 730 illo
337 691 552 730 universum
581 691 658 730 hoc
692 692 917 743 gubernari,
948 690 1152 730 alludendo
1181 690 1228 729 ad
1271 692 1370 730 illam
1400 691 1546 743 Virgilii
1585 690 1748 732 fabulam
1785 692 1835 734 de

45 751 190 799 AEnea,
220 752 284 802 qui
302 752 499 803 utriusque
516 750 744 795 adminiculo
775 751 822 790 ad
846 750 1036 790 infernum
1058 762 1179 801 usque
1209 752 1454 802 penetravit,
1487 750 1644 802 ejusque
1670 751 1838 792 monstra

48 823 92 851 ac
111 809 224 850 furias
247 809 409 856 domuit,
465 809 564 849 Non
593 810 729 850 sauciat
742 810 903 863 gladius,
933 810 1038 861 cujus
1055 811 1153 849 acies
1174 822 1285 850 aurea
1300 822 1379 849 non
1399 809 1474 858 est,
1508 821 1581 849 nec
1611 810 1741 850 sufficit
1761 814 1837 850 ani-

46 872 99 912 mi
129 869 318 910 fortitudo
336 871 479 921 absque
496 869 697 922 prudentia
719 872 955 910 oeconomica
968 900 980 919 ,
1009 881 1135 921 neque
1145 871 1427 909 armamentaria
1444 869 1519 909 fine
1539 871 1692 918 aerariis,
1723 871 1839 910 adeo-

49 942 125 981 que
142 930 286 969 bellum
314 929 519 969 decernere
548 929 728 982 Princeps
750 930 853 982 prius
878 942 957 969 non
981 929 1115 978 debet,
1144 929 1256 980 quam
1281 942 1369 969 cum
1398 931 1524 968 animo
1549 930 1615 969 suo
1643 929 1841 981 expende-

47 992 117 1039 rit,
147 1002 239 1029 num
261 989 484 1029 sufficientes
512 989 559 1028 ad
582 989 622 1029 id
651 991 752 1029 vires
784 990 821 1029 &
844 989 968 1029 media
998 990 1211 1041 suppetant.
1269 989 1316 1029 Ei
1344 990 1398 1029 rei
1426 989 1617 1041 proderit,
1649 990 1677 1029 fi
1702 989 1841 1029 AErarii

48 1048 253 1089 Praefectus
275 1048 349 1088 una
378 1050 492 1089 etiam
512 1049 533 1088 a
551 1049 712 1089 consiliis
740 1049 786 1089 fit
811 1049 992 1101 Principis
1010 1059 1052 1088 ut
1070 1051 1107 1088 in
1133 1048 1412 1088 consultatione
1446 1049 1588 1088 referre
1612 1050 1747 1101 possit,
1775 1050 1842 1101 qui

47 1122 92 1148 ac
115 1111 244 1160 quanti
262 1109 332 1147 sint
346 1108 490 1148 reditus
503 1109 640 1161 Regii,
664 1121 800 1160 quaeve
814 1110 938 1150 media
958 1109 1005 1148 ad
1024 1121 1125 1149 arma
1140 1107 1363 1161 capessenda
1378 1107 1453 1148 sese
1481 1108 1653 1151 offerant.
1717 1110 1841 1148 Cauta

0 1171 2 1218 j
47 1169 258 1208 admodum
283 1168 320 1208 &
341 1167 612 1220 circumspetta
629 1167 703 1209 effe
727 1168 844 1209 debet
860 1171 1053 1221 potentia,
1086 1169 1122 1208 &
1145 1168 1382 1210 considerare
1399 1169 1617 1221 diligenter,
1648 1169 1739 1220 quid
1759 1180 1844 1208 mo-

0 1219 1 1234 *
46 1231 181 1277 liatur,
213 1238 276 1267 aut
298 1238 393 1280 agat.
454 1228 576 1281 Quod
594 1230 631 1268 in
652 1228 782 1268 fronte
814 1228 988 1281 praestant
1015 1231 1145 1278 oculi,
1176 1229 1214 1268 id
1256 1230 1294 1268 in
1317 1230 1441 1267 animo
1464 1228 1665 1280 prudentia
1689 1239 1844 1267 oecono-

47 1289 146 1328 mica
164 1288 296 1336 efficit,
327 1287 355 1326 s1
373 1288 456 1327 haec
473 1289 636 1340 Regnis‚
668 1288 704 1328 &
719 1289 1015 1340 Rebuspublicis
1031 1288 1137 1337 desit,
1149 1301 1253 1327 coeca
1274 1298 1403 1336 erunt,
1421 1287 1595 1339 adeoque
1617 1288 1712 1327 sicut
1730 1288 1845 1336 Poly-

46 1348 232 1401 phemus,
263 1345 391 1385 amisso
412 1348 526 1385 semel
541 1359 609 1397 per
632 1347 768 1396 Ulyffis
788 1348 958 1387 astutiam
984 1349 1097 1387 unico
1118 1350 1190 1386 suae
1208 1348 1345 1387 frontis
1371 1349 1506 1394 ocum,
1535 1349 1573 1386 in
1597 1360 1738 1387 vanum
1758 1347 1845 1385 saxa.

43 1407 236 1459 jaciebat,
263 1414 306 1444 ut
328 1405 404 1444 sese
437 1404 698 1444 ulcisceretur:
730 1407 781 1444 ita
810 1407 872 1445 illa
895 1417 1052 1457 quoque
1081 1406 1230 1445 divitias
1259 1407 1339 1445 suas
1372 1406 1408 1445 δε
1436 1407 1630 1445 thesauros
1662 1407 1845 1444 inutiliter

45 1465 266 1519 prodigent,
328 1463 393 1503 Sat
420 1465 561 1503 multos
578 1464 649 1503 hac
663 1464 788 1504 nostra
814 1476 924 1504 aetate
952 1465 1123 1506 consumi
1152 1465 1318 1505 vidimus
1347 1460 1490 1516 absque
1518 1464 1644 1504 fruc⁰tu
1675 1478 1723 1504 ex
1748 1466 1851 1504 inani

48 1528 176 1578 aliquo
196 1534 303 1566 metu
325 1526 363 1563 in
384 1522 629 1563 distrahendis
651 1524 815 1564 hostium
847 1525 1031 1574 consiliis,
1062 1527 1101 1564 in
1118 1525 1349 1565 exercitibus
1372 1523 1505 1563 frustra
1537 1523 1846 1571 conscribendis,

47 1588 88 1625 in
115 1583 355 1638 suscipiendis
385 1581 516 1632 bellis,
547 1594 630 1634 quae
660 1593 724 1622 aut
750 1587 866 1623 amica
898 1585 1204 1636 compositione,
1235 1594 1300 1624 aut
1331 1580 1616 1623 dissimulatione
1640 1582 1851 1635 potuissent

49 1647 205 1694 evitari,
234 1646 273 1684 in
298 1642 465 1683 subsidiis
483 1644 708 1695 pecuniariis
725 1643 825 1684 male
858 1645 1076 1691 collocatis,
1108 1644 1145 1683 δε
1185 1645 1262 1683 aliis
1290 1644 1483 1683 inutilibus
1512 1643 1741 1694 sumptibus,
1768 1644 1854 1694 qui-

49 1706 122 1745 bus
144 1705 337 1756 Principes
367 1705 607 1755 potentiores
634 1704 674 1760 se
696 1702 783 1742 fore
813 1704 1089 1752 autumabant,
1122 1703 1160 1743 &
1196 1702 1329 1744 contra
1353 1702 1500 1741 accidit.
1563 1701 1855 1742 Ostentationes

50 1767 447 1815 comminationesque
484 1764 562 1802 auri
594 1762 862 1814 intempestive
888 1763 925 1803 &
956 1762 1217 1815 imprudenter
1248 1761 1396 1816 profusi
1426 1761 1549 1813 seipsis
1590 1762 1856 1808 evanescunt,

51 1837 180 1876 neque
207 1824 361 1878 possunt
384 1821 614 1876 posteriores
633 1824 823 1875 prioribus
841 1822 914 1863 esse
934 1835 1066 1875 pares,
1096 1822 1145 1862 eo
1169 1824 1276 1875 quod
1306 1834 1381 1862 una
1414 1824 1521 1861 aliam
1548 1830 1722 1862 enervet.
1781 1821 1860 1860 Vi-

51 1897 112 1925 res
137 1885 248 1925 facile
270 1883 543 1930 instaurantur3
574 1892 610 1921 at
629 1883 772 1922 divitiae
793 1883 907 1923 semel
930 1885 1090 1922 inaniter
1122 1882 1247 1922 effusae
1272 1882 1486 1932 recuperari
1509 1891 1718 1933 nequeunt.
1778 1879 1859 1920 His

52 1946 110 1984 uti
132 1958 212 1985 non
240 1953 418 1997 oportet,
446 1943 513 1982 nisi
541 1942 606 1981 ubi
642 1942 834 1981 necessitas
863 1941 1125 1993 postulaverit.
1187 1942 1490 1983 Occurrentibus
1516 1943 1645 1993 primis
1675 1939 1860 1981 monstris

53 2016 133 2044 non
159 2017 314 2044 aureum
337 2014 483 2043 ramum
497 2002 638 2043 AEneas
663 2002 827 2053 objecit,
851 2001 914 2041 sed
939 2001 1116 2054 gladium.

230 2107 316 2170 (a)
355 2105 566 2168 Corripit
588 2104 659 2156 hie
665 2099 839 2171 subita
860 2101 1072 2170 trepidas
1078 2099 1358 2168 formidine
1369 2097 1561 2165 ferrum

230 2176 435 2235 AEneas,
458 2172 778 2244 flricfiamque
801 2178 950 2227 aciem
970 2173 1270 2225 ‘venientibus
1290 2168 1434 2240 offi‘rt.

230 2292 285 2331 At
307 2288 507 2341 postquam
526 2287 623 2327 vidit
658 2298 731 2326 nec
756 2288 954 2341 precibuS,
982 2298 1056 2327 nec
1086 2285 1266 2340 pac‘tione
1288 2284 1522 2324 Charontem
1549 2286 1701 2324 moveri
1727 2283 1860 2336 posse,

58 2360 101 2393 ut
119 2351 194 2392 sese
211 2352 249 2391 in
267 2349 485 2402 oppositam
501 2347 609 2387 fluvii
625 2348 745 2399 ripam
782 2348 990 2400 trajiceret,
1022 2359 1177 2386 aureum
1196 2357 1341 2385 ramum
1371 2345 1531 2397 protulit
1560 2344 1584 2398 ζ
1603 2346 1775 2386 abditum
1798 2346 1862 2384 ha.

70 2410 204 2452 &enus
229 2412 266 2452 δε
284 2409 556 2462 occultatum)
586 2407 623 2447 &
643 2419 802 2448 munere
818 2406 889 2448 isto
920 2409 1055 2447 iratum
1068 2407 1164 2446 illius
1185 2407 1348 2446 animum
1367 2403 1438 2459 (la)
1467 2405 1645 2456 placavit.

235 2513 312 2576 (ε)
349 2512 402 2561 Si
419 2523 460 2563 te
483 2508 618 2561 nulla
637 2523 798 2560 movet
823 2521 964 2561 tantae
978 2510 1170 2577 pietatis
1189 2511 1345 2575 imago
1359 2544 1372 2561 ‚

227 2586 293 2634 At
317 2598 516 2633 ramum
540 2582 664 2633 hanc
682 2582 872 2649 (aperit
905 2596 1129 2635 ramum,
1166 2581 1254 2647 qui
1277 2577 1395 2645 veste
1421 2573 1634 2636 latebat)

244 2650 492 2720 Agnoftas⁴
570 2651 792 2703 Tumida
815 2668 873 2703 ex
896 2652 974 2702 ira
998 2662 1106 2702 tunc
1130 2646 1270 2701 cora'a
1293 2644 1512 2714 rcfia'zmt,

232 2722 338 2775 Nec
350 2723 498 2792 plura
519 2724 620 2778 his,
656 2722 733 2773 ille
761 2720 1016 2774 admirans
1034 2717 1308 2771 venerabile
1327 2717 1507 2768 donum

237 2792 424 2845 Fatalis
447 2795 596 2862 virgae
619 2791 751 2862 longo
774 2792 867 2862 pist
895 2802 1100 2861 tempore
1121 2787 1313 2857 vistim,

233 2863 498 2918 Caeruleam
517 2863 730 2916 advertit
751 2865 972 2934 puppim.

237 2978 281 3019 In
300 2990 381 3018 eam
405 2989 496 3031 ergo
518 2989 645 3018 curam
668 2978 888 3018 incumbant
906 2976 1099 3026 Principes
1114 3004 1126 3023 ,
1154 2983 1198 3013 ut
1226 2974 1309 3012 illos
1329 2971 1541 3024 prudentiae
1566 2972 1724 3020 oculos,
1758 2972 1866 3023 supra

65 3035 256 3088 sceptrum
284 3041 518 3087 collocatos,
548 3039 670 3077 claros
700 3037 846 3090 semper
877 3036 1043 3077 habeant
1080 3034 1116 3075 &
1153 3034 1415 3086 perspicaces,
1447 3043 1573 3084 neque
1612 3032 1865 3070 oeconomiam

71 3095 344 3150 dedignentur:
375 3099 421 3138 ab
446 3099 518 3138 hac
544 3099 645 3137 enim
667 3097 760 3137 salus
782 3097 934 3137 illorum
970 3094 1163 3147 dependet
1191 3094 1226 3133 δε
1251 3093 1510 3140 conservatio,
1541 3092 1579 3131 &
1605 3091 1672 3141 ipsi
1703 3090 1866 3130 subdito-

71 3168 152 3195 rum
174 3159 324 3200 suorum
347 3158 633 3212 patresfamilias
672 3157 767 3198 sunt.
827 3156 994 3209 Magnus
1023 3156 1085 3194 ille
1108 3152 1267 3207 Augusti
1292 3154 1439 3196 animus
1462 3152 1555 3190 boni
1585 3150 1729 3202 publici
1759 3148 1867 3189 causa

887 3216 927 3255 H
945 3219 972 3258 h
991 3217 1015 3255 h
1036 3216 1061 3254 h
1816 3210 1866 3250 eb

169 3325 230 3372 (a)
255 3325 383 3377 Virgil.
435 3328 498 3375 (b)
527 3333 658 3364 Minas
675 3321 906 3371 abstoaditum
921 3324 1100 3375 extingui!
1123 3322 1209 3357 iras.
1236 3320 1344 3356 Prov.
1363 3327 1428 3356 21.
1459 3316 1521 3363 14(
1569 3315 1626 3362 (c)
1652 3313 1783 3363 Virgil.
