2132 3730
457 175 1437 220 SYMBOLAPOLJTJCA.
1782 193 1836 235 41

38 256 116 319 (o)
146 261 346 304 inscribere
376 260 512 298 noluit.
593 257 764 299 ,sanetus
791 260 883 298 item
906 261 1074 314 Joannes
1102 268 1210 298 tanto
1231 260 1298 299 suo
1328 261 1487 299 nomine
1517 258 1635 300 refert
1654 261 1837 314 insignem

35 325 141 364 illum
157 322 335 363 favorem
353 318 423 359 fibi
447 318 471 358 a
488 317 639 358 Christo
659 318 866 358 Servatore
883 320 921 358 in
953 319 1126 371 suprema
1145 330 1253 358 coena
1271 320 1486 360 exhibitum
1506 350 1518 369 ,
1550 332 1634 371 quae
1650 319 1678 360 fi
1709 321 1842 377 huma-

35 395 146 424 mana
169 381 326 433 politica
343 392 424 419 non
445 378 537 427 fuit,
568 376 799 430 prudentem
820 387 947 418 tamen
961 377 1070 418 fuiffe
1093 377 1163 431 (b)
1183 378 1409 419 modestiam
1426 392 1505 419 non
1526 382 1707 432 negarim.
1770 379 1844 419 So-

37 445 73 483 la
97 442 208 481 etiam
230 439 373 479 somnia
389 442 437 481 de
455 440 658 478 eminentia
676 440 831 489 propria
847 439 1030 478 invidiam
1040 440 1138 477 inter
1156 437 1291 477 fratres
1311 439 1499 485 suscitant.
1562 440 1707 493 Capitis
1720 439 1845 480 discri-

35 513 124 543 men
135 497 263 552 prope
285 498 472 551 josephus
491 498 581 537 adiit
595 526 608 544 ,
633 497 724 537 dum
745 497 910 550 ingenue
925 510 1042 551 magis
1061 527 1074 546 ‚
1105 497 1219 548 quam
1238 498 1449 549 prudenter
1469 500 1689 550 percensuit
1707 502 1844 540 somni-

37 573 100 601 um
121 560 170 599 de
191 560 376 611 spicarum
403 557 625 610 manipulis,
657 559 721 608 qui
737 557 803 596 suo
821 560 919 597 inter
945 559 1038 597 alios
1064 554 1196 596 erecto
1214 557 1252 595 se
1274 556 1571 598 inclinaverant:
1598 573 1686 601 narn
1704 562 1768 600 vel
1781 573 1847 600 ex-

37 620 220 661 cellentiae
240 620 374 658 umbra
391 648 403 667 ‚
434 619 553 657 imrnb
576 616 698 657 solum
726 616 834 669 posse
856 618 1045 657 excellere
1065 645 1078 666 ,
1110 616 1293 657 invidiam
1319 617 1437 657 habet
1456 618 1678 660 sollicitam:
1711 621 1848 661 Gloria

38 690 114 720 tam
136 679 188 718 ob
217 680 380 718 virtutes
406 679 606 729 proprias,
636 676 750 728 quarn
774 678 933 717 aliorum
955 675 1040 732 (c)
1068 677 1185 725 vitia,
1215 677 1254 716 in
1278 676 1457 728 periculo
1481 677 1546 717 est.
1607 679 1755 720 Vitium
1767 694 1848 720 non

37 751 145 791 aeque
164 740 202 777 in
220 738 442 777 hominibus
452 738 607 777 timetur
623 767 634 785 ,
665 738 752 788 quia
770 737 899 776 servos
916 747 983 775 eos
999 734 1147 782 reddit3
1178 747 1223 776 ac
1239 737 1382 785 virtus,
1412 739 1499 789 quia
1518 737 1696 778 dominos
1719 742 1847 788 efficrt3

35 799 266 840 Dominium
284 799 429 849 quippe
445 797 562 836 habet
582 797 627 835 ab
648 797 725 849 ipsa
746 795 898 836 Natura
925 795 994 834 fibi
1019 793 1239 836 concessum
1264 798 1302 836 in
1325 798 1418 836 alios
1440 807 1455 848 3
1485 797 1592 849 quod
1623 809 1749 838 tamen
1780 814 1849 840 no-

38 861 122 899 lunt
143 858 385 911 Respublicae
409 869 532 910 penes
558 868 678 897 unum
689 857 811 896 solum
829 853 907 898 effe
922 884 934 904 ,
951 854 1016 895 sed
1035 857 1228 907 aequaliter
1245 857 1344 897 inter
1359 868 1493 898 omnes
1512 858 1750 910 dispertitum
1772 871 1851 900 ma-

39 919 135 960 lunt.

193 976 407 1018 Enimvero
430 976 574 1024 virtus,
602 972 710 1013 velut
730 972 947 1014 voluntaria
967 974 1141 1026 quaedam
1161 976 1375 1017 animorum
1410 976 1599 1027 tyrannis,
1629 990 1708 1018 non
1730 980 1854 1019 minus

38 1041 78 1079 in
101 1050 170 1077 eos
194 1038 313 1077 habet
331 1037 490 1085 virium,
520 1033 634 1086 quarn
651 1035 710 1072 vis
733 1034 811 1085 ipsa
834 1033 872 1074 ὃς
891 1034 1064 1084 coactio,
1097 1034 1135 1075 ὅτ.
1153 1037 1310 1088 quidem
1327 1036 1375 1075 ad
1393 1038 1681 1078 accendendam
1708 1039 1853 1091 Reipu·=

36 1099 145 1138 blicae
166 1098 466 1143 aemulationem,
497 1093 658 1146 perinde
690 1095 850 1133 omnino
873 1093 950 1143 est,
973 1094 1057 1135 five
1080 1096 1128 1134 ad
1156 1096 1420 1136 obediendum
1454 1099 1517 1136 uni
1541 1100 1649 1137 alicui
1684 1101 1855 1150 impellat

38 1159 157 1206 ratio,
188 1157 269 1196 sive
293 1158 352 1196 vis
379 1155 518 1207 adigat:
549 1155 639 1205 quin
658 1154 763 1206 prior
778 1155 839 1193 illa
863 1156 1032 1204 tyrannis
1051 1164 1144 1206 ‘qno
1170 1156 1328 1207 justior,
1359 1156 1408 1195 eo
1441 1156 1690 1208 periculosior
1719 1159 1791 1208 est,
1818 1159 1856 1199 δε

40 1218 165 1258 minus
189 1218 240 1256 illi
263 1214 453 1256 resistitur.
516 1215 648 1264 Atque
672 1214 755 1252 haec
777 1214 852 1266 ipsa
873 1226 932 1254 res
963 1213 1217 1266 Ostracismo‚
1235 1218 1301 1256 seu
1335 1217 1452 1255 exilio
1474 1217 1651 1257 tessulato
1667 1248 1678 1268 ‚
1711 1230 1754 1258 ut
1783 1219 1856 1258 La-

38 1279 106 1317 tini
134 1285 300 1323 vocant,
331 1272 493 1313 cauffam
518 1273 650 1320 dedit,
681 1285 760 1324 quo
792 1273 975 1314 Aristides
1000 1277 1098 1315 inter
1122 1278 1216 1316 alios
1235 1275 1441 1317 mulctatus
1460 1275 1561 1321 fuitt
1597 1278 1659 1317 cui
1680 1281 1777 1318 vitio
1795 1280 1859 1318 da-

38 1346 143 1383 tum;
176 1334 283 1386 quod
300 1335 360 1373 vir
378 1334 503 1372 bonus
520 1332 557 1372 &
573 1330 693 1383 justus
713 1336 911 1373 communi
928 1337 1100 1376 omnium
1128 1336 1306 1388 suffragio
1325 1336 1544 1380 haberetur,
1606 1340 1765 1378 Amicus
1784 1352 1859 1378 vir-

41 1398 114 1436 tuti
135 1392 303 1436 maxime
320 1392 556 1446 periculosus
579 1390 633 1431 est
659 1394 795 1445 populi
822 1392 959 1434 favor.-
987 1396 1085 1435 illius
1117 1397 1263 1447 quippe
1288 1395 1438 1447 plausus
1465 1407 1581 1446 atque
1601 1398 1859 1439 admurmura-

39 1458 95 1497 tio
118 1456 221 1496 haud
243 1455 371 1503 secus,
395 1465 439 1493 ac
458 1451 641 1492 delictum
661 1451 828 1506 castigari
841 1455 965 1504 solet,
996 1457 1052 1494 uti
1079 1456 1117 1495 in
1148 1454 1226 1510 (A)
1260 1455 1466 1495 Galeriano
1485 1455 1620 1497 videre
1638 1460 1756 1499 licuit.
1784 1457 1855 1514 (e)

39 1516 180 1558 Breves
195 1517 325 1567 itaque
345 1512 396 1558 &⁹
418 1510 588 1566 infaustos
605 1512 751 1566 semper
772 1512 1005 1567 fuissepopuli
1024 1516 1170 1556 Romom'
1197 1529 1348 1564 amores,
1371 1517 1486 1555 etiam
1518 1515 1770 1559 Germanicus
1796 1532 1862 1559 ex-

39 1578 258 1630 perimento
280 1574 424 1615 didicit.
486 1572 579 1614 Nec
602 1573 797 1627 Principes
813 1604 826 1623 ,
855 1587 928 1615 nec
948 1575 1195 1628 Respublicae
1231 1576 1347 1616 valde
1376 1577 1561 1628 cupiunt,
1592 1588 1635 1618 ut
1658 1578 1861 1620 Ministros

42 1638 210 1677 habeant
245 1634 455 1675 admodum
481 1635 738 1684 excellentes,
767 1634 831 1675 sed
858 1644 900 1675 ut
932 1635 1135 1675 tractandis
1165 1638 1330 1687 negotiis
1357 1637 1381 1676 ii
1406 1648 1517 1687 pares
1543 1636 1628 1681 sint.
1689 1639 1741 1680 Et
1761 1641 1860 1680 hanc

39 1693 148 1736 fnisse
172 1694 332 1735 caussam
354 1696 405 1733 ait
423 1693 600 1741 Tacitus,
634 1706 701 1732 cur
735 1695 926 1745 Poppaeus
956 1694 1117 1734 Sabinus
1134 1706 1253 1733 annos
1281 1706 1446 1745 quatuor
1472 1695 1509 1734 δε
1536 1698 1672 1749 viginti
1698 1702 1860 1751 provin·

43 1757 186 1795 ciarum
217 1756 496 1806 praecipuarum
523 1753 837 1804 procurationem
865 1753 1095 1802 obtinuerit,
1135 1751 1205 1807 (f)
1235 1757 1360 1794 nullam
1386 1754 1529 1794 scilicet
1559 1755 1599 1796 ob
1620 1759 1777 1799 eximiam
1802 1772 1864 1800 ar-

43 1823 130 1864 tem,
149 1811 216 1866 st'd
232 1813 324 1869 quod
328 1822 404 1865 par
430 1813 593 1864 negotiis,
625 1825 730 1864 neque
734 1809 847 1861 fitpra
861 1819 949 1851 eras.
1011 1812 1157 1863 Magna
1179 1825 1271 1865 ergo
1298 1814 1502 1864 prudentia
1523 1813 1599 1863 est,
1625 1819 1731 1858 nolle
1759 1820 1863 1860 suam

44 1876 242 1914 occultare
272 1872 432 1919 famam,
463 1881 578 1919 atque
605 1869 704 1907 adeo
730 1881 887 1908 omnem
910 1872 1072 1921 ingenii⁷
1094 1870 1329 1911 fortitudinis
1363 1882 1428 1911 aut
1461 1875 1698 1916 excellentiae
1721 1889 1863 1919 cavere

43 1933 365 1978 ostentationem,
397 1929 435 1969 &
465 1930 618 1967 altiores
636 1928 888 1980 cogitationes
912 1930 1015 1980 quasi
1047 1929 1112 1969 sub
1135 1930 1325 1970 cineribus
1358 1930 1522 1980 abdere,
1555 1936 1704 1976 tametsi
1734 1937 1861 1979 fateor

43 1995 170 2033 animo
192 1989 379 2045 generoso
401 1989 551 2028 difficile
568 1987 637 2036 sit,
669 1989 765 2027 intra
782 1990 950 2040 pectoris
974 1989 1157 2043 angustias
1183 1990 1362 2032 flanmam
1393 1992 1599 2044 cohibere,
1629 2006 1715 2048 quae
1749 1998 1861 2038 undi-

44 2064 120 2105 que
151 2053 315 2099 emicat,
346 2049 383 2089 &
405 2061 550 2089 novam
574 2047 694 2087 indies
715 2050 863 2101 appetit
885 2051 1098 2099 materiam,
1131 2063 1210 2103 quo
1236 2053 1352 2104 magis
1383 2053 1640 2108 accendatur,
1669 2054 1860 2098 &luceat.

45 2112 123 2152 Sed
148 2110 376 2164 persuadere
403 2109 441 2149 id
467 2109 580 2149 nobis
607 2106 761 2159 possunt
784 2107 981 2150 Illustrium
1009 2110 1185 2152 Heroum
1210 2114 1407 2164 exempla,
1433 2115 1498 2164 qui
1527 2112 1547 2153 ὲ
1573 2115 1776 2159 Πίέὶεωιᾞ
1813 2118 1862 2159 ad

45 2171 191 2212 Stivam
225 2169 428 2222 aliquando
460 2167 602 2208 reversi
631 2168 733 2217 sunt,
766 2170 821 2209 uti
849 2169 886 2209 δε
916 2182 1071 2220 eorum,
1104 2183 1201 2223 quos
1229 2182 1350 2224 portae
1378 2173 1566 2213 Romanae
1588 2188 1727 2229 capere
1756 2178 1860 2219 haud

45 2229 232 2285 potuere,
265 2230 328 2270 sed
345 2230 485 2282 ingreffi
505 2228 586 2267 sunt
603 2230 880 2281 triumphantes
906 2243 976 2282 per
1008 2231 1154 2283 deje&a
1183 2234 1286 2272 urbis
1312 2235 1471 2280 moenia;
1500 2238 1682 2288 trophaeis
1705 2240 1864 2289 inclyti,

48 2295 190 2344 quique
207 2290 294 2344 post
319 2288 489 2329 devictas
510 2289 683 2328 nationes
706 2301 936 2342 receperunt
957 2290 1033 2332 sese
1052 2295 1090 2332 in
1106 2293 1201 2333 viles
1227 2293 1265 2333 δε
1283 2294 1445 2334 humiles
1464 2294 1585 2346 casm,
1619 2298 1684 2337 ubi
1701 2298 1863 2339 subinde

47 2352 183 2392 revisit
199 2351 247 2391 ad
273 2362 341 2390 eos
360 2350 606 2402 Respublica.

199 2410 291 2451 Nec
306 2411 391 2450 sane
412 2419 487 2450 tam
506 2408 584 2448 cito
607 2420 673 2448 eos
699 2410 736 2449 in
757 2410 883 2450 lucem
902 2408 1031 2451 denub
1051 2407 1310 2464 produxifl‘et,
1340 2412 1409 2453 nisi
1426 2424 1494 2454 eos
1516 2410 1765 2458 vidiffet'tam
1782 2412 1861 2472 g10=

49 2471 112 2510 rite
136 2468 210 2510 effe
233 2470 467 2524 fugitante53
498 2468 640 2509 umbrae
654 2472 753 2510 enim
773 2471 835 2509 illa
855 2470 980 2510 similis
997 2470 1070 2521 est,
1103 2484 1187 2524 quae
1205 2472 1470 2526 insequentem
1488 2474 1604 2527 fugit,
1619 2476 1787 2529 sequitur
1805 2478 1865 2518 fua

50 2531 230 2582 gientem.
292 2529 421 2582 Major
449 2528 546 2570 illius
573 2527 672 2570 fama
697 2529 752 2570 est
780 2530 817 2570 &
848 2530 1003 2582 opinio,
1033 2532 1099 2584 qui
1125 2533 1211 2585 plus
1242 2544 1325 2574 earn
1352 2536 1476 2574 celare
1503 2537 1716 2578 contendit.
1779 2536 1860 2578 Ru÷

49 2590 188 2629 bellius
212 2589 363 2629 Plautus
390 2590 525 2630 mereri
550 2589 750 2642 imperium
774 2602 824 2631 eo
846 2593 1004 2631 nomine
1029 2593 1256 2643 videbatur,
1289 2593 1376 2645 quia
1407 2593 1568 2635 vivebat
1602 2595 1674 2651 (g)
1706 2599 1868 2639 occultia

51 2661 108 2690 or.
168 2650 222 2689 At
242 2662 323 2689 non
346 2651 398 2690 ita
417 2652 456 2690 in
473 2648 736 2702 Monarchiis,
769 2652 834 2692 ubi
857 2651 1069 2693 ascenditur
1088 2655 1219 2701 altius,
1251 2656 1339 2706 quia
1373 2653 1490 2695 semel
1517 2655 1666 2697 ascendi
1693 2667 1865 2711 coeptum

938 2710 973 2752 L
1562 2777 1572 2780 ρ
1768 2781 1773 2783 ‚
1798 2719 1864 2760 est.

149 2789 224 2837 (a)
246 2788 435 2826 Debedatis
455 2793 552 2827 inter
568 2789 719 2829 Rhenum
733 2820 740 2834 ,
769 2791 954 2846 Albimque
977 2791 1178 2830 nationibus
1203 2797 1399 2834 exercitum
1434 2796 1563 2835 vberii
1579 2799 1714 2846 Caeffiris
1738 2814 1779 2837 ea
1800 2815 1868 2837 mci-

51 2843 214 2879 nimenta
235 2844 381 2883 Marti,
407 2840 453 2884 ό*
467 2842 563 2892 Jovi
579 2870 587 2884 ‚
612 2842 656 2886 ὠ·
679 2845 832 2899 Augusto
844 2843 1039 2893 slzcraviffi
1056 2872 1064 2887 ,
1097 2844 1139 2883 de
1160 2844 1200 2893 se
1220 2845 1317 2884 nihil
1335 2848 1479 2886 addidit
1504 2862 1602 2888 metu
1624 2853 1787 2897 invidiae,
1819 2863 1868 2890 an

50 2903 155 2932 ratus
179 2892 419 2941 conscientiam
434 2892 639 2946 facilifiztis
656 2896 724 2944 cffi’.
752 2898 868 2936 Tacit.
894 2896 956 2935 lib.
974 2911 1006 2950 ᾳ.
1027 2898 1160 2938 Annal.
1211 2901 1272 2946 (b)
1299 2906 1391 2939 Erat
1410 2915 1490 2955 ergo
1505 2903 1702 2942 recumbens
1719 2920 1807 2942 unus
1821 2919 1866 2941 ex

51 2945 223 2998 discipulis
241 2948 312 2995 ejus
330 2946 459 2997 infima
471 2946 585 2997 JEstc,
608 2962 706 3002 quem
719 2949 893 3004 diligebat
912 2947 1027 3001 ,ΞΕ-βω
1041 2953 1096 3001 Jo.
1122 2964 1178 2999 13.
1211 2966 1272 3000 23.
1329 2956 1387 3004 (c)
1413 2957 1581 3008 Agricola
1583 2957 1697 3008 stmul
1697 2958 1772 3005 sicis
1789 2959 1868 2994 vir-

53 2997 206 3040 tutibus,
224 2998 328 3038 simul
345 3001 439 3037 vitio
460 2999 611 3038 aliorum
627 3003 668 3039 in
690 3003 799 3055 ipsum
815 3003 974 3057 gloriam
990 3014 1132 3057 praeceps
1157 3002 1346 3057 agebatur.
1373 3008 1460 3045 Tac.
1479 3009 1517 3046 in
1540 3011 1617 3048 'vita
1637 3011 1760 3060 Agric.
1807 3012 1869 3056 (d)

52 3049 160 3088 Nihil
175 3051 296 3098 ausus,
311 3051 379 3099 sed
402 3066 523 3090 nomen
547 3051 678 3106 infigne
693 3055 738 3098 &¹
761 3056 883 3094 decora
912 3055 1166 3109 ipstjuventu,
1194 3072 1331 3096 rumore
1356 3061 1462 3114 vulgi
1498 3061 1727 3100 celebrantur.
1783 3062 1868 3101 Tac.

54 3101 116 3139 lib.
141 3118 178 3152 4.
195 3105 285 3142 Hist.
339 3107 396 3153 (e)
424 3105 539 3143 Tacit.
557 3106 618 3143 lib.
636 3121 671 3144 2.
693 3108 823 3147 Annal.
878 3110 943 3159 (f)
968 3111 1053 3148 Tac.
1072 3110 1133 3147 lib.
1163 3115 1198 3148 6.
1217 3110 1346 3150 Annal.
1403 3119 1463 3164 (g)
1493 3119 1657 3152 Omnium
1676 3127 1731 3151 ore
1752 3114 1871 3155 Rubel-

53 3153 122 3191 lius
134 3155 281 3195 Plautus
301 3156 515 3200 celebratur,
540 3161 596 3195 cui
618 3157 783 3198 nobilitas
795 3172 860 3215 per
887 3173 1042 3201 matrem
1074 3177 1120 3201 ex
1138 3162 1248 3213 Julia
1270 3163 1446 3212 familia,
1461 3165 1526 3220 ipse
1545 3168 1685 3220 placitu
1699 3169 1873 3216 majorum

51 3204 181 3244 colebat
202 3207 330 3246 habitu
352 3210 492 3271 severo,
522 3210 618 3261 casta
642 3211 687 3256 &-
700 3212 838 3262 ficreta
857 3215 969 3256 domo,
1006 3226 1203 3269 quantoque
1216 3228 1314 3255 metu
1344 3220 1522 3260 occultior,
1545 3229 1648 3257 tanto
1662 3220 1744 3274 plus
1748 3218 1870 3282 fama*

53 3257 211 3314 adeptus.
236 3263 324 3300 Tae.
342 3264 404 3301 hb.
425 3277 483 3312 ¹4·
507 3265 639 3303 Annal.
