2132 3730
240 222 321 268 148
673 208 1026 254 D1DAc1
1077 209 1619 256 SAAVEDRAE.

233 307 300 340 'aut
318 302 511 352 exiguum,
522 296 611 335 ideo
630 294 753 345 sperni
767 293 906 336 debet:
938 302 1092 344 tempus
1110 294 1275 343 enim‚&
1290 294 1505 335 accidentia
1523 298 1701 350 aliasaepe
1720 298 1839 348 majus
1857 297 1951 337 illud
1969 300 2050 339 effi‘

235 361 369 409 ciunt,
400 358 437 398 δι
459 352 650 396 fortitudo
669 365 749 392 non
766 355 898 393 tamin
915 351 1160 404 superandis,
1192 366 1306 406 quam
1334 356 1374 395 in
1407 356 1628 396 avertendis
1655 359 1833 409 periculis
1865 357 2051 403 consistit.

235 418 385 459 Vivere
402 418 440 455 in
462 411 672 465 conspetffm
691 414 880 464 periculi,
910 411 1070 465 perinde
1088 412 1192 463 quasi
1219 413 1296 465 est,
1325 427 1370 455 ac
1386 414 1482 455 illud
1510 415 1630 469 reipsa
1652 417 1776 458 subire
1793 447 1807 468 ‚
1831 416 1871 457 &
1900 419 2053 470 experi-

232 481 277 519 ri.
345 477 456 517 Nemo
474 473 665 513 mortalium
673 475 785 527 juxta
808 475 965 525 viperam
966 469 1098 523 finnnos
1101 468 1239 522 securos
1261 477 1353 526 capit
1370 505 1384 524 ‚
1411 488 1488 529 quae
1507 476 1569 527 effi
1583 489 1649 517 non
1659 481 1838 529 percutiat
1850 509 1864 527 ‚
1892 485 1985 519 certe
1992 474 2051 528 βῖ-

231 539 368 581 licitam
396 535 509 574 tutius
539 530 587 586 est
608 535 730 584 perire
744 545 808 573 non
821 529 935 586 poſjb„
955 534 1059 587 quam
1063 534 1174 587 juxta
1188 535 1378 583 periculum
1393 548 1458 576 non
1476 534 1624 589 periiffi.

384 593 420 645 §.
454 592 547 633 Nec
572 594 696 632 minus
713 591 845 633 fallere
857 605 930 633 nos
947 594 1042 632 solet
1068 593 1153 644 spes
1172 592 1210 632 &
1224 590 1364 634 fiducia
1385 627 1397 639 .
1429 607 1544 647 quam
1558 598 1597 635 in
1610 592 1732 635 aliena
1749 594 1964 636 Clementia
1978 606 2052 647 po-

230 658 356 698 nimus
372 684 385 703 ,
416 652 572 705 quando
598 652 647 692 ad
679 652 948 693 declinandum
967 665 1085 692 unum
1108 653 1321 704 periculum
1345 655 1548 696 incidimus
1565 656 1605 695 in
1639 654 1741 694 aliud
1769 659 1924 715 gravius
1939 686 1953 705 ‚
1978 656 2054 694 ho-

229 714 293 756 stis
323 715 500 755 nimirum
527 712 683 753 arbitrio
710 713 861 754 nosmet
885 712 1182 757 committendo.
1264 712 1584 767 Contemplamur
1619 716 1659 755 in
1683 726 1733 754 eo
1754 715 2052 768 generositatem

228 776 355 816 veniae
373 805 387 824 ‚
416 786 498 814 non
514 771 695 814 vindietae
710 803 722 821 ,
754 783 819 813 aut
838 773 1055 814 ambitionis
1073 773 1275 824 impetum.
1333 772 1488 814 Dolore
1514 774 1647 816 nostro
1664 806 1677 824 ,
1708 774 1748 814 &
1772 773 1981 815 afflifflone
2008 775 2053 814 il·

228 833 302 875 lius
323 836 502 875 metimur
517 832 812 874 misericordiam
825 862 837 882 ‚
859 833 898 872 &
921 832 1034 874 facile
1058 833 1171 873 nobis
1186 832 1457 885 persuademus
1478 834 1566 874 fore
1579 865 1592 884 ‚
1613 844 1657 874 ut
1671 834 1720 874 ad
1739 833 1954 874 remedium
1973 845 2053 874 ma-

227 894 273 935 lis
297 894 432 935 nostris
452 892 705 933 adferendum
722 894 964 933 commoveri
987 893 1111 946 possit.
1173 893 1272 933 Cum
1297 892 1466 946 Jacobus
1489 893 1644 934 Tertius
1665 893 1867 943 Majoricae
1885 894 1974 933 Rex
1990 895 2049 933 vi-

227 955 332 995 ribus
352 965 420 1007 par
433 965 513 994 non
532 952 624 992 effet
640 951 757 992 Petro
778 952 931 1006 Quarto
953 954 1156 1007 Aragoniae
1177 953 1276 1006 Regi
1301 954 1401 993 affini
1425 953 1493 993 suo
1509 981 1523 1004 ‚
1555 955 1619 1005 qui
1637 954 1766 993 nescio
1783 965 1863 1006 quo
1886 964 2055 1006 praetex-

227 1023 272 1055 tu
289 1015 484 1066 sceptrum
506 1009 557 1052 illi
574 1013 723 1063 eripere
739 1013 961 1066 cogitabat,
992 1013 1072 1064 ejus
1092 1013 1169 1052 sese
1191 1014 1384 1053 commisit
1404 1014 1560 1053 arbitrio
1578 1012 1794 1053 existimans
1812 1014 1885 1053 hac
1900 1014 1964 1052 sua
1985 1012 2054 1052 de-

226 1074 396 1116 miffione
415 1074 667 1112 obtenturum
682 1071 720 1112 se
737 1102 750 1122 ‚
783 1073 890 1124 quod
916 1074 1028 1113 armis
1048 1084 1128 1113 non
1150 1082 1306 1123 poterat
1328 1086 1342 1121 ;
1373 1072 1511 1113 verum
1532 1073 1619 1125 plus
1640 1074 1680 1112 in
1706 1073 1817 1124 Rege
1841 1075 1906 1112 illo
1927 1073 2053 1111 domi-

224 1132 468 1176 nandilibido
476 1134 618 1185 potuit,
627 1142 741 1184 quam
752 1130 978 1172 Clementiae
988 1131 1305 1184 virtus,adeoque
1316 1144 1435 1186 regno
1446 1129 1551 1173 ill'um
1561 1133 1703 1185 pariter
1716 1132 1875 1172 &titulo
1889 1133 1995 1184 regio
2009 1143 2050 1171 e-

223 1194 320 1235 xuit.
347 1193 403 1233 Ita
411 1205 484 1233 nos
494 1191 629 1232 fallunt
639 1193 820 1244 pericula,
832 1191 1001 1243 &majus
1013 1190 1087 1232 effe
1097 1190 1422 1242 deprehendimus
1433 1192 1627 1232 interdum
1639 1222 1651 1242 ,
1666 1193 1778 1244 quod
1789 1201 1970 1243 tanquam
1981 1192 2052 1231 mi-

226 1265 299 1295 nus
310 1254 387 1293 aliis
401 1253 586 1306 eligimus.
620 1250 788 1291 Nullum
800 1252 1000 1292 consilium
1010 1252 1197 1299 securum,
1209 1256 1315 1303 quod
1326 1253 1370 1292 iis
1381 1254 1523 1292 innitur
1538 1254 1746 1304 principiis,
1758 1264 1843 1303 quae
1857 1253 1904 1291 ab
1921 1252 2049 1290 alieno

227 1312 450 1365 dependent
458 1312 628 1355 arbitrio.
643 1310 686 1351 In
700 1323 749 1351 eo
759 1311 977 1364 nosmetipsi
993 1312 1221 1363 decipimus,
1232 1312 1338 1363 quod
1351 1323 1545 1363 putamus,
1561 1313 1654 1351 nihil
1664 1311 1816 1350 aeluros
1826 1311 1932 1357 alios,
1943 1308 2054 1362 quod

225 1382 291 1413 aut
308 1373 508 1426 religioni,
533 1380 598 1409 aut
617 1369 768 1420 justitiae
786 1401 799 1420 ,
829 1382 895 1411 aut
921 1371 1235 1423 consanguinitati
1259 1400 1271 1420 ‚
1304 1382 1369 1410 aut
1402 1373 1578 1415 amicitiae
1596 1400 1608 1419 ‚
1640 1381 1705 1410 aut
1742 1371 1884 1411 honori
1911 1382 2049 1410 eorum

225 1433 386 1485 proprio
403 1461 415 1481 ,
445 1430 483 1471 &
509 1429 664 1469 utilitati
683 1429 904 1470 adversatur
924 1444 937 1478 ,·
967 1442 1096 1482 neque
1124 1429 1360 1470 advertimus
1384 1460 1397 1479 ,
1427 1443 1508 1470 non
1532 1429 1681 1482 semper
1703 1442 1749 1469 ea
1767 1430 1897 1469 facere
1923 1430 2050 1469 horni-

225 1504 314 1541 nes,
346 1503 431 1543 quae
449 1491 565 1543 magis
590 1489 612 1528 ὲ
627 1501 669 1545 re
686 1489 853 1541 ipsorum
866 1489 1024 1540 forent,
1053 1499 1119 1529 aut
1140 1501 1224 1541 quae
1246 1489 1434 1530 deberent
1461 1503 1475 1537 ς
1507 1489 1572 1530 sed
1596 1489 1807 1529 secundum
1833 1489 1947 1528 animi
1972 1488 2055 1540 pas·

225 1551 351 1592 fiones
374 1551 503 1603 potius
521 1580 533 1598 ‚
564 1548 602 1589 &
619 1560 737 1600 prout
757 1549 827 1601 ipsi
851 1551 1065 1602 intelligunt
1088 1562 1097 1587 ε
1130 1559 1247 1600 atque
1267 1549 1365 1589 adeo
1389 1549 1560 1590 affirmes
1590 1550 1743 1589 illorum
1769 1560 1850 1588 non
1864 1548 1913 1587 ad
1933 1548 2054 1587 amus-

224 1611 293 1652 sim
309 1611 465 1650 rationis
484 1607 745 1648 examinandae
764 1610 847 1648 sunt
872 1608 992 1647 solum
1010 1639 1021 1656 ‚
1053 1606 1119 1647 sed
1139 1609 1254 1648 etiam
1281 1609 1328 1647 ad
1351 1611 1503 1649 malitiae
1534 1610 1704 1663 regulam
1728 1639 1742 1659 ‚
1772 1609 2053 1660 experientiam

225 1667 534 1721 injustitiarum&
563 1668 832 1717 tyrannidum‚
848 1679 941 1718 quas
963 1667 1090 1718 paffim
1116 1665 1294 1706 Mundus
1316 1678 1487 1708 exercet.

403 1728 438 1779 §.
468 1727 639 1767 Pericula
670 1727 808 1779 optimi
832 1728 917 1766 iunt
938 1726 1122 1777 Principis
1143 1724 1319 1779 magistri.
1406 1728 1601 1768 Praeterita
1626 1727 1771 1768 docent
1795 1737 1928 1766 curare
1951 1738 2050 1777 prae-

225 1789 342 1829 sentia
359 1818 371 1836 ‚
403 1787 441 1828 δι
459 1786 586 1827 futura
606 1788 838 1838 praevenire:
870 1787 1007 1826 Aliena
1024 1785 1223 1834 erudiunt,
1236 1786 1301 1826 sed
1316 1785 1430 1828 facile
1448 1788 1471 1827 e
1492 1789 1678 1829 memoria
1696 1786 1895 1827 excidunt.
1954 1786 2049 1826 Pro-

227 1850 311 1902 pria
321 1848 548 1888 damnorum
560 1846 661 1898 signa
671 1846 845 1896 quaedam
857 1845 894 1884 &
914 1848 1112 1885 cicatrices
1129 1847 1351 1897 relinquunt
1369 1849 1407 1887 in
1421 1849 1572 1896 animo;
1588 1849 1645 1888 uti
1659 1847 1851 1888 &metum
1872 1846 1925 1895 id,
1941 1844 2053 1897 quod

226 1910 310 1947 vim
335 1908 633 1959 imaginatricem
653 1903 765 1943 semel
795 1902 972 1943 offendit.
1033 1903 1261 1943 Cavendum
1280 1906 1415 1956 igitur,
1431 1918 1482 1945 ne
1500 1918 1544 1946 ea
1561 1909 1721 1947 omnino
1737 1914 1986 1957 contemptus
2010 1916 2050 1944 e-

228 1966 336 2007 radat
355 1975 419 2005 aut
444 1966 615 2012 oblivio,
646 1963 853 2015 praesertim
871 1962 1027 2014 quando
1052 1974 1102 2002 ex
1130 1974 1209 2001 uno
1226 1965 1350 2015 erepti
1380 1966 1555 2016 periculo
1577 1964 1835 2005 existimamus
1856 1977 1930 2004 nos
1942 1963 2047 2004 dein-

228 2039 323 2079 ceps
345 2027 392 2064 ab
412 2025 554 2065 eodem
582 2022 669 2063 fore
691 2023 854 2071 liberos,
873 2033 938 2062 aut
961 2022 1066 2062 certe
1083 2021 1111 2061 s1
1130 2021 1285 2062 redierit
1300 2051 1314 2071 .‚
1342 2024 1457 2063 nobis
1480 2037 1561 2064 non
1579 2025 1817 2064 nociturum:
1849 2023 1919 2063 etsi
1942 2026 2048 2064 enim

228 2098 305 2127 una
331 2087 454 2136 aliqua
473 2081 775 2130 circumstantia,
806 2094 891 2133 quae
906 2094 987 2122 non
1010 2080 1122 2122 facile
1145 2084 1285 2121 iterum
1307 2084 1441 2130 evenit
1459 2112 1471 2131 ,
1501 2085 1671 2134 pericula
1691 2083 1864 2134 diffipet3
1895 2084 1974 2122 aliae
1994 2093 2049 2122 ta·

229 2158 321 2187 men
338 2175 350 2191 ,
380 2157 465 2195 quae
492 2144 591 2196 saepe
625 2142 804 2183 accidunt
831 2144 944 2194 plane
955 2155 1070 2183 novae
1088 2170 1101 2191 ‚
1131 2139 1185 2180 sle
1213 2152 1350 2182 eorum
1381 2152 1523 2196 augent
1551 2143 1803 2196 gravitatem,
1832 2151 1875 2182 ut
1899 2142 2051 2194 supera-

229 2219 263 2246 n
281 2214 488 2258 nequeant.

523 2316 1337 2385 SYMBOLUM
1420 2315 1825 2384 XXXVIII.

392 2466 544 2508 Natura
558 2466 728 2506 manavit
748 2466 831 2505 haec
854 2465 1027 2505 universa
1043 2477 1169 2506 rerum
1186 2465 1444 2519 Respublica,
1475 2463 1512 2504 ὅ(
1529 2464 1737 2504 mixtorum
1761 2460 1966 2515 Imperium
1983 2473 2049 2501 cu·

233 2467 363 2608 A
391 2528 449 2580 jus
474 2528 687 2579 supremam
705 2523 936 2578 potestatem
953 2526 1030 2578 ipsa
1053 2526 1121 2565 sibi
1149 2526 1332 2568 vendicat
1348 2554 1360 2572 ‚
1391 2533 1507 2576 atque
1534 2533 1578 2564 ut
1605 2523 1697 2563 illud
1724 2521 1904 2562 stabiliret
1932 2520 2048 2560 firmi-

392 2588 458 2638 us,
489 2587 527 2628 &
548 2585 711 2626 securius
736 2587 939 2634 retineret,
969 2588 1173 2638 tantopere
1196 2588 1309 2628 amari
1344 2584 1391 2624 ab
1420 2585 1462 2623 iis
1493 2585 1639 2632 voluit,
1669 2592 1713 2622 ut
1739 2580 1830 2622 licet
1856 2583 2048 2622 elementa

231 2657 405 2706 pugnent
433 2650 532 2688 inter
556 2646 614 2694 se,
644 2644 854 2686 admirabili
883 2655 1012 2685 tamen
1038 2647 1209 2698 quodam
1239 2643 1420 2686 consensu
1447 2645 1485 2684 in
1513 2643 1846 2684 conservationem
1872 2638 2045 2691 ejusdem

232 2712 506 2764 conspirarent.
567 2706 685 2747 Brevi
712 2715 867 2745 ruerent
896 2707 1024 2745 omnia
1038 2736 1050 2756 ,
1069 2706 1107 2746 &
1138 2706 1427 2747 diffolverentur
1441 2734 1453 2753 ,
1486 2704 1514 2744 fi
1536 2703 1629 2744 odio
1647 2703 1835 2743 haberent
1853 2701 2047 2741 Naturam

234 2783 361 2812 rerum
387 2768 602 2821 principem
622 2778 665 2805 ac
687 2767 904 2815 dominam,
935 2778 1020 2818 quae
1052 2767 1194 2806 mutuis
1214 2765 1497 2806 benevolentiae
1517 2764 1554 2804 &
1570 2763 1707 2803 amoris
1731 2763 1912 2807 vinculis,
1936 2756 2049 2798 velut

233 2829 429 2873 sraiffimo
465 2826 634 2879 quodam
661 2837 766 2865 nexu
791 2827 850 2865 illa
862 2825 984 2878 jungit
1009 2825 1107 2866 inter
1128 2827 1203 2867 sese
1221 2838 1265 2865 ac
1287 2826 1457 2877 copulat.
1518 2826 1640 2864 Amor
1671 2821 1740 2863 iste
1773 2821 1846 2870 est,
1876 2818 1941 2871 qui
1970 2828 2047 2857 ter-

233 2902 315 2932 ram
334 2889 404 2929 suis
426 2887 599 2927 libratam
622 2885 862 2938 ponderibus
892 2884 1065 2933 sustinet,
1094 2886 1132 2927 &
1150 2889 1293 2926 circum
1311 2887 1410 2925 illam
1435 2882 1604 2924 coelestes
1634 2884 1748 2923 orbes
1765 2880 1857 2921 facit
1881 2879 2048 2918 circum-

234 2952 307 3003 agi.
365 2947 524 2989 Discant
540 2946 735 2998 Principes
753 2946 801 2985 ab
819 2944 886 2986 ista
909 2958 1035 2986 rerum
1055 2946 1295 2987 conditarum
1328 2944 1583 2992 Monarchia‚
1611 2941 1769 2983 fundata
1789 2941 1828 2980 in
1853 2940 1980 2991 primo
2005 2936 2049 2977 il-

233 3012 381 3058 larum,
409 3005 485 3047 effe
504 3005 568 3055 se,
598 3006 762 3058 suosque
789 3005 963 3047 subditos
981 3008 1079 3047 tueri
1099 3007 1238 3047 amoris
1259 3004 1473 3055 beneficio,
1502 3016 1588 3057 quae
1613 3002 1781 3043 fidiffima
1807 2997 1863 3039 est
1882 2997 1956 3054 (a)
1980 3009 2049 3037 cu·

234 3069 382 3119 stodia,
414 3078 488 3119 qua
512 3065 678 3118 gaudere
693 3063 866 3117 possunt:

1921 3116 2047 3168 Non

332 3221 388 3264 (a)
419 3219 569 3270 Corporis
601 3215 789 3268 custodiam
817 3215 1026 3266 tutfflmam
1063 3213 1123 3263 cffl’
1138 3224 1328 3266 putatum,
1348 3217 1388 3254 in
1407 3216 1550 3256 virtute
1567 3213 1778 3252 amicorum,
1801 3219 1880 3248 tum
1895 3209 1935 3245 in
1950 3205 2048 3247 bem⁴

236 3272 399 3314 volentia
420 3272 556 3311 civium
571 3266 630 3320 ‘ff'
644 3269 852 3308 collocatam.
879 3270 967 3308 Isoc.
992 3271 1037 3307 ad
1050 3267 1134 3308 Nic.
1153 3266 1283 3307 Claudi
