2132 3730
461 303 1436 354 SYMBOLAPOLITICA.
1776 327 1859 370 194

77 394 118 434 &
141 395 278 446 effigies
331 394 368 433 se
404 393 613 434 existimare
631 424 644 444 ,
687 394 718 435 sl
759 395 813 433 sui
868 396 1052 434 memoria
1104 396 1142 434 in
1171 394 1407 446 Reipublicae
1454 397 1583 436 animis
1634 394 1738 451 (a)
1797 409 1862 446 pe-

74 464 260 494 rennaret.
431 452 600 494 Fortium
665 451 842 493 Heroum
891 456 1035 494 cineres
1083 455 1121 494 in
1170 455 1317 493 aeternis
1379 456 1577 507 applausus
1644 457 1857 496 communis

78 513 250 553 obeliscis
278 508 424 553 conditi
450 521 629 552 aeternum
656 512 883 565 perdurant,
914 513 951 552 &
977 515 1066 553 licet
1091 515 1167 566 igni
1197 512 1338 554 fuerint
1372 515 1519 564 traditi,
1548 516 1781 567 triumphant
1808 526 1862 560 ta-

76 584 189 622 men,
217 574 274 612 uti
288 572 435 624 Trajani
456 573 644 611 cineribus
668 573 816 613 accidit.
875 571 1089 613 Nationum
1114 582 1190 613 tam
1210 576 1434 622 amicarum,
1462 574 1575 626 quam
1591 574 1779 615 hostilium
1795 575 1863 614 hu-

78 635 192 673 meris
210 644 350 685 corpus
368 629 593 672 defunctum
614 631 725 672 fortis
742 633 837 672 illius
857 633 999 672 Praelati
1021 631 1162 686 AEgidii
1189 634 1412 673 Albornocii
1434 633 1569 674 Allisiis
1593 633 1775 674 Toletum
1798 634 1862 673 de-

74 702 270 744 portatum
295 690 390 740 fuit,
420 690 458 729 δι
479 689 552 744 (h)
579 691 704 732 auxilio
718 693 859 732 nn‘litari
871 691 1030 733 tuendum
1046 690 1129 733 illud
1144 692 1317 745 Augusti,
1346 700 1386 732 ut
1394 689 1573 744 sepultura
1586 693 1753 744 ejusdem
1771 696 1861 748 quie-

74 759 116 791 ta
126 749 236 802 foret.
296 749 374 789 Sed
396 748 476 789 esto
493 762 724 792 marmorum
739 751 894 792 durities
917 754 1075 803 aerisque
1099 751 1262 792 soliditas
1287 752 1414 792 futura
1435 763 1585 804 aequent
1618 753 1766 802 saecula,
1798 764 1865 792 ne·

25 854 31 859 ,
75 810 188 854 scitur
216 819 343 850 tamen
366 808 516 862 postea,
547 811 652 862 cujus
676 813 783 851 causa
798 810 925 851 erecta
950 813 1010 851 illa
1039 808 1104 866 (c)
1135 811 1296 861 fuerint,
1325 822 1367 850 ut
1392 811 1509 852 hodie
1535 815 1571 852 in
1604 812 1764 865 AEgypti
1791 812 1865 861 Py-

73 869 280 910 ramidibus
297 869 429 910 videre
445 871 555 919 licet,
584 871 794 910 obliteratis
811 883 943 912 eorum
963 871 1202 921 nominibus,
1233 883 1396 924 quorum
1433 873 1578 912 cineres
1611 874 1660 912 ad
1683 881 1863 925 perpetu-

69 929 210 970 andam
229 931 452 969 memoriam
471 928 578 970 isthic
592 929 743 971 fuerant
757 930 914 974 conditi.

249 990 381 1040 Atque
396 1001 445 1030 ex
459 988 568 1030 dictis
602 990 684 1029 satis
698 1003 801 1031 nunc
818 992 963 1042 liquet,
994 1000 1176 1041 quantum
1200 990 1371 1043 suprema
1394 993 1457 1033 sua
1485 1001 1594 1031 aetate
1623 991 1768 1039 copniti
1801 989 1864 1028 de-

73 1047 192 1087 beant
219 1047 436 1100 Principes;
466 1058 509 1089 ut
525 1049 572 1089 ad
588 1051 745 1102 gloriam
770 1062 904 1090 eorum
924 1050 1152 1101 praeteritam
1173 1049 1302 1090 ultima
1329 1063 1485 1105 quoque
1509 1049 1686 1097 accedat,
1717 1048 1754 1088 &
1769 1059 1866 1088 utra-

75 1118 153 1158 que
167 1106 256 1160 post
277 1108 429 1149 obitum
454 1110 494 1148 in
516 1109 715 1150 hominum
740 1111 925 1150 memoria
948 1119 1129 1149 aeternum
1156 1121 1364 1161 perennet;
1397 1123 1510 1165 quem
1537 1113 1575 1150 in
1603 1108 1719 1148 finem
1744 1108 1867 1148 osten-

70 1166 210 1207 demus
241 1167 304 1207 hic
334 1169 464 1219 paucis
489 1169 690 1220 quomodo
725 1181 812 1223 erga
837 1169 1016 1223 seipsum,
1046 1180 1134 1222 erga
1164 1169 1414 1222 succeffores,
1444 1172 1482 1212 &
1508 1182 1600 1224 erga⁴
1625 1169 1753 1208 Status
1782 1169 1867 1208 suos

72 1225 255 1279 Princeps
274 1228 311 1267 se
326 1239 456 1279 gerere
477 1229 627 1272 debeat.

251 1286 286 1338 §.
319 1284 447 1340 Quod'
471 1288 520 1328 ad
550 1289 733 1328 suammet
759 1287 959 1340 personam
995 1288 1152 1337 attinet,
1183 1287 1275 1329 scire
1305 1291 1519 1342 Principem
1554 1296 1731 1342 oportet,
1759 1294 1868 1325 tanto

73 1344 274 1396 imperium
294 1346 369 1388 effe
383 1346 574 1396 ferocius,
603 1349 805 1399 minusque
825 1349 962 1387 rationi
990 1347 1204 1395 subditum,
1235 1360 1378 1400 quanto
1405 1351 1483 1402 ipse
1512 1359 1621 1388 aetate
1648 1344 1871 1400 processerit

70 1404 244 1454 longius:
273 1406 376 1447 casus
393 1408 493 1446 enim
512 1409 698 1457 proeteriti
724 1408 846 1446 varias
867 1418 956 1446 eum
968 1408 1125 1446 malitias
1147 1407 1331 1456 edocent,
1358 1411 1395 1449 &
1417 1409 1688 1460 suspicionibus
1713 1417 1756 1444 ac
1778 1405 1869 1443 diffi-

73 1460 210 1502 dentiis
238 1464 497 1516 indulgendo,
528 1463 691 1503 crudelis
713 1475 757 1502 ac
780 1473 963 1513 tyrannus
993 1465 1134 1502 evadit.
1196 1464 1271 1517 (d)
1306 1467 1480 1520 Vetustate
1502 1469 1666 1517 imperii,
1697 1465 1871 1514 superbia

71 1519 216 1563 coalescit
233 1532 348 1573 atque
366 1522 512 1562 audacia
525 1552 537 1571 ,
572 1523 612 1562 δε
644 1523 880 1573 experientia
901 1523 1041 1571 inopiae
1058 1523 1251 1562 avaritiam
1273 1535 1470 1574 procreat,
1502 1537 1586 1575 quae
1602 1526 1720 1564 multa
1742 1523 1872 1562 suadet

72 1581 225 1633 indigna
253 1592 386 1621 contra
410 1580 618 1632 Majestatis
641 1580 849 1629 decorum,
879 1579 982 1619 unde
1000 1580 1165 1631 denique
1181 1581 1342 1621 Persona
1362 1583 1439 1634 ipsa
1459 1585 1496 1622 in
1514 1592 1782 1633 contemptum
1804 1592 1871 1619 ve-

72 1641 141 1682 nit.
203 1640 375 1693 Cupiunt
392 1640 584 1692 Principes
603 1639 780 1692 pristinos
797 1640 883 1680 suos
900 1651 1050 1687 moreS,
1081 1640 1117 1679 &
1142 1642 1334 1692 antiquam
1375 1641 1600 1682 conservare
1620 1642 1843 1694 gravitatem
1857 1666 1871 1687 ,

74 1700 186 1740 obliti
214 1711 377 1748 eorum,
407 1713 491 1752 quae
507 1700 669 1751 juvenes
701 1699 891 1748 fecerant,
921 1698 960 1738 &
983 1699 1023 1739 in
1051 1699 1182 1738 odium
1209 1702 1417 1741 incurrunt.
1478 1702 1558 1740 Sub
1581 1704 1700 1753 prima
1722 1699 1871 1750 imperii

72 1760 178 1800 initia
211 1760 322 1799 ardor
346 1761 494 1813 gloriae,
525 1761 562 1800 δι
595 1761 631 1799 se
655 1760 842 1811 perdendi
870 1769 996 1799 metus
1028 1758 1233 1810 advigilant
1252 1790 1265 1809 ,
1297 1771 1340 1799 ut
1373 1760 1485 1800 caute
1511 1761 1796 1812 prudenterque
1831 1760 1870 1798 in

7 1866 9 1872 Ι
74 1821 254 1860 omnibus
276 1820 528 1872 procedatur:
558 1819 690 1872 postea
706 1818 883 1872 fatigatur
907 1818 1071 1868 :ambitio
1091 1848 1103 1867 ,
1133 1827 1175 1858 ut
1200 1819 1379 1872 Princeps
1410 1833 1482 1860 nec
1513 1821 1701 1872 prosperis
1724 1821 1871 1858 laetetur

74 1878 320 1928 succeffibus,
349 1892 422 1920 nec
436 1879 602 1919 adverfis
633 1879 895 1928 contristetur,
926 1889 1093 1929 cumque
1113 1878 1322 1929 existimet,
1353 1882 1488 1920 vitium
1516 1882 1644 1933 gloriae
1681 1881 1752 1919 suae
1771 1890 1869 1918 mer-

73 1938 213 1979 cedem
245 1938 340 1989 effe,
372 1940 410 1979 δι
443 1938 618 1979 laborum
646 1941 848 1991 proemium
867 1966 880 1987 ,
911 1939 1072 1989 turpiter
1102 1938 1178 1978 sese
1202 1941 1254 1979 illi
1283 1940 1406 1979 dedit:
1436 1940 1538 1979 unde
1573 1938 1693 1991 porro
1717 1939 1759 1978 fit
1784 1965 1797 1983 ,
1828 1948 1871 1977 ut

73 1997 269 2051 Principes
288 2001 471 2051 perpauci
492 1998 717 2051 imperando
746 1998 912 2039 evadant
938 1998 1125 2037 meliores
1134 2011 1146 2046 ,·
1175 2000 1230 2038 uti
1255 1999 1306 2039 de
1324 1999 1435 2040 Saule
1463 2001 1500 2039 δι
1530 1999 1737 2054 Salomone
1763 2001 1872 2037 sacrae

74 2057 260 2100 testantur
274 2060 405 2099 literae.
463 2058 610 2099 Similes
632 2060 812 2099 'nimirum
835 2060 873 2098 in
899 2057 1147 2108 gubernando
1171 2058 1255 2098 sunt
1274 2058 1404 2099 statuae
1426 2061 1499 2108 illi,
1532 2057 1645 2110 quam
1671 2071 1740 2110 per
1767 2058 1871 2108 quie·

74 2127 155 2163 tem
176 2119 274 2159 vidit
294 2118 683 2166 Nabuchodonosor3
711 2118 816 2169 cujus
848 2125 964 2168 caput
990 2128 1144 2156 aureum
1171 2127 1273 2166 erat,
1303 2119 1423 2171 pedes
1455 2120 1560 2158 lutei.
1621 2114 1872 2169 Vespasianus

75 2175 142 2234 (e)
164 2175 254 2228 stilus
282 2180 425 2219 onmizun
446 2185 525 2217 ante
541 2176 579 2228 se}
601 2177 823 2229 Principum,
851 2179 888 2216 in
916 2176 1029 2215 melius
1055 2184 1209 2217 mutatus
1238 2176 1296 2232 est.
1357 2177 1408 2217 Et
1435 2177 1581 2216 tametsi
1610 2179 1791 2228 Princeps
1805 2175 1874 2214 sibi

11 2252 13 2278 i
76 2236 226 2290 semper
251 2250 405 2278 manere
431 2236 558 2277 similis
582 2237 756 2287 studeat,
786 2236 939 2290 placere
966 2243 1094 2275 tamen
1116 2238 1294 2275 omnibus
1326 2249 1404 2277 non
1430 2236 1556 2288 potest
1572 2268 1584 2285 ,
1613 2236 1640 2276 fi
1669 2237 1870 2287 imperium

76 2297 158 2347 ejus
181 2297 401 2346 diuturnum
425 2296 491 2336 sit:
520 2308 637 2348 grave
664 2298 765 2337 enim
795 2295 849 2335 est
877 2295 1055 2344 subditis,
1086 2304 1193 2335 tanto
1231 2306 1407 2348 tempore
1435 2298 1480 2335 ab
1503 2297 1610 2335 unius
1637 2308 1751 2334 manu
1778 2296 1873 2347 regia·

13 2387 14 2390 η
77 2354 295 2397 Multitudo
314 2366 414 2397 amat
439 2358 688 2406 mutationes,
720 2356 758 2396 δε
795 2357 946 2396 suismet
975 2356 1122 2395 laetatur
1149 2356 1352 2407 periculis3
1380 2358 1436 2395 uti
1467 2358 1503 2395 in
1526 2355 1667 2394 Tiberii
1695 2352 1773 2411 (f)
1804 2356 1874 2393 im-

13 2432 16 2463 5
75 2417 187 2468 perio
207 2415 359 2459 accidit,
416 2414 456 2455 Si
476 2416 653 2466 Princeps
678 2417 803 2455 bonus
827 2415 891 2464 fit,
921 2415 1105 2466 improbis
1126 2416 1218 2455 odio
1237 2415 1311 2463 est,·
1341 2416 1369 2455 si
1386 2416 1612 2467 flagitiosus,
1645 2415 1682 2453 &
1698 2416 1790 2455 boni
1807 2410 1876 2465 pa'-·

14 2512 17 2535 ἦ
78 2477 264 2522 riter,·ac
284 2476 373 2514 mali
398 2485 486 2513 eum
504 2481 747 2522 execrantur,
778 2474 817 2513 δι
848 2475 969 2513 solum
1004 2472 1052 2512 de
1079 2473 1288 2514 succelsore
1313 2475 1389 2529 (g)
1418 2478 1556 2527 agitur,
1588 2474 1692 2524 cujus
1715 2475 1871 2525 gratiam

79 2545 216 2576 omnes
236 2542 473 2586 aucupantur
486 2545 498 2580 ,·
528 2532 568 2572 id
595 2533 702 2584 quod
723 2545 802 2572 non
828 2530 956 2584 potest
973 2543 1053 2571 non
1077 2531 1270 2584 displicere
1295 2533 1535 2586 summopere
1556 2533 1718 2582 Principi
1731 2562 1741 2579 ,
1757 2540 1874 2583 atque

16 2599 17 2635 i
81 2595 180 2634 adeo
207 2596 246 2634 in
261 2595 369 2634 causa
389 2591 466 2642 est,
496 2604 564 2632 cur
585 2593 671 2632 suos
687 2592 813 2632 oderit
839 2592 1034 2639 subditos,
1064 2591 1102 2630 δε
1126 2592 1278 2643 pessime
1315 2594 1464 2633 habeat.
1525 2592 1606 2632 Pari
1630 2590 1759 2643 paffu,
1790 2602 1871 2643 quo

16 2643 18 2694 Ῐ
82 2667 172 2695 eum
191 2655 294 2694 vires
313 2652 539 2701 destituunt,
568 2664 656 2692 cura
679 2663 837 2704 quoque
861 2651 899 2691 δι
930 2652 1138 2703 vigilantia,
1168 2652 1369 2705 prudentia
1397 2655 1511 2697 item,
1542 2652 1807 2703 intelligentia,
1834 2651 1874 2690 δε

13 2753 20 2761 ,
82 2716 266 2757 memoria
279 2725 375 2754 :eum
391 2711 595 2752 deficiunt:
624 2708 696 2768 (h)
715 2715 833 2766 quippe
849 2719 890 2751 ut
900 2720 1039 2762 corpus,
1067 2724 1095 2750 ἵε
1109 2713 1211 2751 etiam
1226 2725 1317 2752 mens
1331 2709 1431 2761 filum
1447 2707 1682 2762 hahetstmiun‘z
1691 2723 1704 2759 ,·
1714 2713 1876 2762 cupiens

18 2770 20 2814 ἶ
82 2773 180 2814 verb
207 2773 275 2814 fibi
292 2773 482 2813 reservare
503 2781 654 2824 tempus
671 2772 762 2812 illud
781 2772 801 2811 a
820 2774 918 2811 curis
941 2772 978 2810 δι
1002 2769 1182 2810 molestiis
1207 2766 1490 2825 gubernationis
1515 2772 1673 2810 liberum
1688 2799 1702 2819 ,
1731 2771 1767 2809 se
1788 2771 1869 2810 sua-

84 2846 160 2887 que
173 2831 356 2875 Ministris
388 2833 459 2874 suis
478 2834 700 2881 committit,
729 2841 794 2872 aut
814 2832 923 2871 alicui
939 2830 1007 2870 fibi
1032 2829 1226 2881 familiari,
1255 2832 1293 2871 in
1304 2843 1419 2883 quem
1436 2833 1679 2884 negotiorum
1695 2841 1796 2870 ‘onus
1815 2831 1870 2869 in-

833 2889 1044 2931 Nnnnn
1076 2902 1101 2930 2
1768 2901 1872 2928 cum-

97 3026 113 3034 “·
137 3027 149 3034 ··
179 3018 238 3057 (a)
264 3016 338 3049 Haec
359 3007 449 3048 mihi
469 3011 509 3046 in
526 3010 656 3046 animis
671 3006 798 3057 vestris
812 3007 957 3060 templa,
982 3004 1030 3043 hae
1039 3004 1275 3058 pulcherrim
1293 3006 1417 3056 effigies
1430 3032 1438 3045 ‚
1467 3002 1513 3047 ’ό
1529 3002 1691 3049 manficrae
1705 3008 1790 3041 nam
1803 3017 1873 3056 qua

79 3059 382 3114 saxo-struuntum
395 3061 618 3113 fijudicium
635 3058 841 3113 pisterorum
865 3061 904 3105 in
933 3058 1048 3096 odium
1075 3060 1211 3099 vertit,
1238 3061 1301 3112 pro
1319 3056 1508 3110 st‘pulchris
1527 3055 1755 3110 spernuntur.
1779 3059 1873 3095 Tac.

22 3126 24 3162 ξ
90 3115 152 3152 lib.
168 3117 362 3163 4.Annal÷·
386 3117 462 3161 -(b)
487 3116 585 3151 Idem
605 3115 665 3151 lib.
689 3125 719 3149 1.
743 3113 872 3150 Annal.
923 3112 982 3157 (c)
1009 3116 1105 3148 Inter
1120 3123 1232 3147 omnes
1248 3124 1300 3147 eos
1328 3122 1394 3147 non
1410 3108 1553 3161 constat,
1585 3108 1610 3144 d
1637 3107 1873 3160 quibusfac‘lae

22 3169 25 3174 “
78 3166 175 3217 stat,
192 3167 374 3218 justzffimo-
387 3166 466 3214 casta
484 3165 677 3204 obliteratis
699 3175 807 3202 tanta
834 3165 1019 3202 vanitatis
1043 3162 1253 3200 austoribus.
1283 3164 1373 3201 Plin.
1398 3163 1457 3200 lib.
1493 3175 1548 3209 30.
1579 3175 1634 3198 12.
1693 3163 1759 3209 (d)
1784 3161 1871 3200 Ta‘c.

23 3223 25 3266 ῗ
92 3220 154 3256 lib.
178 3232 234 3267 ¹4·
254 3222 380 3257 Annal.
433 3221 496 3269 (e)
522 3217 627 3271 Ipsimz
649 3216 738 3264 sane
751 3215 956 3263 finemf&
989 3212 1155 3269 prosperis
1183 3215 1403 3269 adversisque
1417 3213 1609 3262 fitiatnm.
1642 3215 1733 3251 Tao—
1752 3213 1812 3251 lib.
1840 3229 1872 3264 3.

24 3271 26 3293 ³
91 3270 179 3308 Hist.
231 3270 293 3317 (f)
318 3266 415 3310 Idem
440 3273 501 3310 lib.
540 3285 568 3308 1.
598 3271 687 3307 Hist.
739 3271 800 3319 (g)
826 3269 941 3306 Multi
963 3269 1037 3306 odio
1055 3267 1285 3322 praefintium‚
1311 3267 1357 3311 &-
1378 3266 1533 3320 cupidine
1555 3268 1782 3307 mutationis,
1798 3265 1887 3313 spir

93 3336 219 3381 quaque
237 3325 398 3376 periculis
413 3322 632 3364 latabantur.
661 3322 746 3360 Tac.
770 3322 829 3359 lib.
857 3332 887 3369 3·
907 3320 1035 3358 Annal.
1085 3322 1146 3368 (h)
1173 3325 1261 3358 Pars
1272 3330 1380 3359 mutto
1397 3320 1561 3357 maxima
1585 3319 1802 3357 imminentes
1819 3319 1873 3358 do-

25 3388 27 3408 l
94 3388 202 3415 mmos
220 3378 338 3416 variis
350 3375 542 3416 rumoribus
562 3373 785 3430 dfferebant.
808 3376 892 3414 Tac.
917 3373 979 3414 lib.
997 3387 1028 3413 1.
1044 3372 1178 3413 Annale
