2132 3730
475 238 1459 285 STMBOLAPOLITMhz
1787 257 1877 298 ης

68 339 163 381 ceps
188 324 372 374 benignus
399 320 438 361 &
458 323 627 363 clemens
647 322 787 363 audiat.
849 324 1003 364 Illorum
1017 324 1073 365 est
1092 325 1286 374 accusare,
1319 325 1358 365 &
1379 324 1639 366 condemnare
1652 339 1666 373 ;
1694 325 1880 378 Principis

73 387 268 427 absolvere
285 410 298 430 ,
327 380 529 422 &veniam
551 382 779 423 concedere.
842 382 1030 425 Emanuel
1073 384 1276 424 Lusitaniae
1298 385 1388 425 Rex
1403 387 1542 438 gratias
1560 386 1695 439 agebat
1713 386 1880 436 cuidam,

71 444 176 498 quod
199 450 418 493 argumenta
449 441 622 493 quaedam
640 440 834 492 repetisset
848 473 863 493 ‚
891 446 1030 496 quibus
1048 455 1156 483 reum
1182 445 1316 496 capitis
1335 447 1451 485 morti
1469 444 1595 497 poffet
1616 447 1778 498 eripere.
1824 448 1880 487 A-

71 508 140 545 lius
168 504 260 542 item
287 499 489 540 Lufitaniae
505 502 594 541 Rex
618 499 787 553 Joannes
807 502 960 544 Tertius
988 502 1184 556 quaestioni
1209 503 1360 544 cuidam
1395 506 1577 544 criminali
1602 506 1765 558 praesens
1790 505 1880 546 ade-

70 573 126 604 rat
145 592 158 612 ,
182 572 350 611 cumque
375 560 571 601 sententiis
596 565 737 614 rogatis
753 591 766 612 ‚
796 565 900 615 paria
915 564 1033 605 effent
1051 573 1134 603 tum
1167 563 1475 612 absolventium,
1506 573 1587 605 tum
1621 566 1881 607 condemnan-

69 625 164 663 tium
185 620 356 672 suffragia
384 651 396 669 ‚
427 620 628 672 solumq'ne
650 621 765 673 ipfius
787 624 1070 675 exspectaretur
1086 651 1100 672 ,
1127 621 1250 663 fertur
1262 623 1522 676 respondisse3
1552 624 1661 682 Quod
1681 627 1769 666 hunc
1789 639 1881 666 mor-

69 686 99 724 ti
119 678 732 737 adj‘udicaveritisjustffmefacJum
756 682 913 724 arbitror
935 715 948 734 ,
976 691 1192 736 cuperemque
1209 682 1270 722 alii
1283 696 1392 723 omnes
1413 685 1449 723 in
1460 682 1597 722 eandem
1611 682 1882 738 ivgffentssnten-

67 744 165 786 tiam.
245 741 324 793 Ego
347 750 460 780 tamen
474 738 707 792 absolvendum
728 755 801 781 eum
824 740 926 794 censt‘o
942 774 956 792 ‚
987 745 1105 796 nequis
1131 741 1223 782 dicat
1242 773 1255 792 ‚
1284 743 1396 795 Regis
1403 740 1573 796 stffragio
1582 744 1760 799 subditum
1790 748 1881 797 capi-

0 831 1 836 =
61 810 96 844 te
120 800 316 841 damnatum
338 799 406 854 eſje'.
464 801 528 841 Ad
539 800 711 841 subditos
728 802 1013 843 conservandos
1029 801 1213 855 Princeps
1239 813 1389 842 creatus
1422 802 1477 843 est
1492 832 1504 853 ,
1535 801 1573 842 &
1599 802 1780 844 nisiillius
1795 817 1883 844 cau-

0 878 3 906 :
64 862 100 902 sa
124 860 204 911 fiat,
232 862 352 901 vitam
372 862 520 913 eripere
532 862 674 901 nemini
690 860 821 906 debet.

0 917 3 960 s
216 922 252 975 §.
279 921 487 974 Horologii
507 921 622 961 index
639 921 686 961 ad
699 922 908 961 rotularum
937 919 1136 962 artificium
1155 921 1247 961 nihil
1271 920 1424 962 confert
1446 951 1459 971 ,
1487 922 1553 963 sed
1586 934 1649 963 eas
1668 924 1819 975 operari
1837 923 1881 963 si·

0 1006 3 1041 ξ
63 983 118 1022 nit
138 1011 152 1030 ,
182 981 220 1021 &
242 991 372 1021 motus
389 982 509 1022 solum
526 981 732 1021 earundem
757 980 930 1025 denotat.
989 981 1045 1020 lta
1068 980 1210 1021 Carolo
1246 982 1398 1035 Quinto
1421 980 1647 1034 Imperatori
1677 983 1882 1023 videbatur

0 1088 2 1097 ‚
66 1041 256 1094 agendum
279 1040 354 1081 effe
380 1042 546 1093 Principi
567 1053 654 1081 cum
674 1041 746 1080 suis
763 1039 993 1082 Confiliariis
1013 1053 1026 1089 3
1057 1049 1099 1080 ut
1116 1043 1159 1080 iis
1176 1036 1352 1081 nimirum
1382 1043 1678 1083 consultationes
1692 1043 1884 1094 relinque-

0 1111 3 1134 θ
65 1112 126 1142 ret
154 1132 168 1151 ‚
196 1113 324 1154 neque
345 1102 403 1141 his
435 1100 548 1142 facile
569 1101 606 1141 se
629 1100 759 1141 coram
789 1103 992 1154 ingereret.
1082 1100 1205 1154 Quod
1234 1101 1511 1142 documentum
1534 1104 1646 1142 etiam
1676 1102 1754 1143 filio
1777 1102 1884 1142 dedit

67 1162 249 1214 Philippo
268 1161 452 1201 Secundo
478 1173 489 1205 ε
519 1160 714 1214 praesentia
744 1162 847 1201 enim
868 1162 1083 1202 libertatem
1115 1161 1278 1213 impedit
1298 1192 1310 1211 ,
1340 1161 1377 1201 &
1395 1161 1517 1201 ansam
1536 1162 1625 1202 dare
1644 1162 1738 1202 solet
1757 1163 1886 1202 adula-

65 1223 175 1264 noni.
235 1220 288 1262 Et
303 1221 451 1261 tametsi
469 1223 507 1262 in
528 1221 678 1272 majoris
697 1222 885 1261 momenti
906 1222 1070 1275 negotiis
1087 1221 1284 1273 praesentia
1305 1221 1490 1273 Principis
1504 1235 1689 1275 perquam
1709 1225 1808 1263 utilis
1825 1224 1884 1262 vi-

64 1280 200 1320 deatur
222 1311 233 1329 ‚
264 1281 314 1321 eb
344 1280 452 1332 quod
476 1293 555 1322 non
585 1279 694 1332 aeque
716 1283 883 1321 animum
897 1280 1080 1322 instruant
1101 1281 1398 1321 consultationes
1417 1281 1524 1321 iezitae
1539 1312 1551 1331 ,
1581 1295 1626 1323 ac
1648 1282 1779 1322 coram
1817 1283 1885 1323 ha-

65 1340 156 1380 bitae
175 1353 188 1386 ς
219 1342 257 1379 in
292 1340 430 1390 quibus
452 1341 614 1391 plurima
634 1339 802 1379 addiscet
825 1369 838 1388 ,
869 1342 906 1380 &
921 1343 1086 1394 negotiis
1106 1342 1276 1392 {incipiet
1298 1341 1393 1381 affici
1416 1354 1428 1389 ;
1457 1341 1666 1394 perspeffis
1688 1344 1831 1382 naturis
1846 1342 1887 1381 &

64 1399 206 1440 finibus
228 1409 363 1439 eorum
380 1428 394 1446 ‚
425 1399 490 1450 qui
519 1398 587 1449 ipsi
609 1397 631 1437 a
652 1397 816 1439 consiliis
849 1400 947 1444 sunt,
1020 1400 1169 1439 Verum
1200 1402 1238 1440 in
1262 1400 1489 1441 declaranda
1510 1402 1573 1441 sua
1594 1412 1726 1442 mente
1753 1402 1889 1442 admm

69 1460 161 1500 dum
183 1469 337 1499 cautum
364 1468 524 1510 oportet
546 1456 620 1497 esse
639 1457 877 1511 Principem,
905 1472 956 1501 ne
984 1459 1065 1500 fors
1085 1458 1247 1500 eandem
1264 1460 1433 1499 adulatio
1448 1462 1625 1512 sequatur
1640 1492 1651 1510 ,
1681 1472 1747 1501 aut
1766 1472 1887 1501 vene-

63 1521 161 1561 ratio
181 1549 194 1569 ,
223 1528 289 1558 aut
302 1529 439 1559 metus.
501 1518 600 1571 Quae
621 1518 730 1559 causa
754 1518 828 1559 fuit
850 1549 864 1570 ,
893 1533 960 1560 cur
985 1519 1068 1559 Piso
1087 1516 1264 1560 accusato
1291 1519 1510 1570 Marcello,
1541 1520 1649 1573 quod
1665 1520 1814 1561 sublato
1825 1533 1888 1560 ca-

64 1581 148 1633 pite
165 1578 295 1619 statuae
307 1576 468 1630 Augusti
484 1606 497 1626 ‚
527 1579 630 1618 suam
653 1577 828 1618 erexisset
853 1608 865 1628 ,
894 1580 1117 1620 sententiam
1135 1590 1290 1632 rogatus
1310 1579 1469 1619 Tiberio
1495 1580 1642 1622 diceret
1661 1594 1673 1620 :
1710 1579 1800 1637 (a)
1821 1594 1888 1634 quo

65 1640 129 1681 loco
157 1635 293 1690 censebit
320 1634 436 1689 Ccesar
455 1639 475 1676 ,9
494 1635 531 1688 fi
538 1640 676 1689 primus
695 1669 707 1686 ,
736 1638 840 1678 haheo
860 1639 952 1692 quod
959 1637 1091 1693 sequar
1111 1653 1120 1678 :
1140 1639 1179 1691 si
1188 1637 1266 1692 pqst
1285 1651 1394 1678 omnes
1412 1670 1425 1689 ,
1455 1653 1601 1689 vereor,
1626 1654 1668 1680 ne
1691 1642 1887 1693 inprudens

65 1696 252 1754 dg'ffi’ntiam
272 1712 283 1737 .·
314 1697 582 1751 Quamobrem
606 1697 802 1737 laudatum
828 1701 942 1738 etiam
958 1698 1031 1738 fuit
1052 1698 1222 1750 ejusdem
1235 1698 1479 1750 Imperatoris
1502 1700 1699 1740 decretum
1712 1713 1792 1752 quo
1811 1699 1889 1753 (b)

65 1761 190 1800 exemit
213 1754 369 1809 Drufitm
394 1756 513 1796 filium
539 1759 646 1799 suum
668 1754 833 1808 Cmszklem
850 1757 889 1797 de
903 1766 1054 1810 ignatum
1084 1757 1229 1797 dicenda»
1242 1760 1358 1810 primo
1385 1758 1447 1799 loco
1456 1757 1636 1811 ftntentice
1654 1790 1667 1810 ,
1695 1774 1737 1800 ne
1752 1762 1887 1800 certeris

66 1816 272 1869 affintlendi
298 1817 468 1872 neceffitas
489 1814 609 1870 fieret.
687 1817 823 1871 Ingens
849 1817 947 1858 istud
976 1819 1188 1870 periculum
1215 1817 1269 1857 est
1285 1818 1349 1858 sed
1384 1830 1458 1858 nec
1480 1821 1605 1860 minus
1623 1820 1821 1861 commodi
1835 1831 1887 1859 ex

70 1891 123 1920 eo
138 1910 149 1927 ‚
179 1878 209 1918 fi
227 1878 409 1930 Princeps
425 1888 499 1917 nec
523 1875 612 1917 ante
633 1907 644 1925 ,
674 1888 748 1917 nec
764 1876 851 1930 post
870 1879 909 1917 in
929 1878 1269 1918 consultationibus
1292 1877 1398 1919 suum
1418 1881 1590 1931 apperiat
1605 1882 1773 1920 animum
1795 1894 1805 1918 :
1834 1881 1889 1919 ita

71 1941 175 1979 enim
212 1937 346 1989 majori
389 1947 481 1976 cum
523 1936 673 1976 secreto
702 1936 900 1977 confilium
947 1937 1039 1977 illud
1078 1937 1144 1976 suo
1180 1946 1358 1990 tempore
1395 1940 1538 1990 exequi
1572 1942 1743 1991 poterit,
1779 1939 1888 1990 quod

68 1998 266 2038 videbitur
297 1996 504 2048 optimum.
590 1993 787 2035 Henricus
805 1995 1008 2037 Lufitaniae
1037 1997 1126 2036 Rex
1153 1996 1257 2036 tanta
1281 2009 1368 2036 cum
1388 1996 1592 2048 prudentia
1616 2001 1771 2051 negotia
1793 2011 1887 2051 pro-

70 2057 244 2112 ponebat
260 2058 299 2096 in
329 2053 501 2096 Consilio
524 2083 538 2104 ,
565 2064 609 2094 ut
629 2053 757 2107 neque
780 2054 801 2095 e
821 2057 975 2107 verbis,
1004 2068 1133 2107 neque
1150 2067 1199 2096 ex
1222 2058 1304 2108 ipso
1322 2058 1433 2096 vultu
1454 2058 1604 2110 agnosci
1633 2058 1780 2111 posset,
1807 2072 1888 2111 quo

69 2119 217 2158 animus
233 2115 313 2167 ejns
332 2113 541 2155 inclinaret.
617 2114 737 2156 Unde
758 2115 796 2156 &
824 2125 912 2156 nata
934 2115 1174 2157 consuetudo
1200 2145 1213 2165 ‚
1245 2116 1352 2168 quod
1376 2116 1554 2158 Praesides
1569 2118 1607 2158 &
1623 2121 1713 2159 vice
1726 2146 1741 2152 -
1758 2119 1890 2173 Reges

68 2179 108 2219 in
136 2175 311 2217 Consiliis
345 2174 516 2228 suffragia
550 2186 630 2214 non
646 2174 771 2216 ferant
790 2205 804 2226 ,
835 2189 919 2228 quae
945 2177 1190 2228 antiquissima
1209 2176 1283 2225 est,
1313 2176 1454 2216 AEtolis
1466 2178 1660 2229 quondam
1679 2180 1827 2220 usitata.

245 2238 299 2276 At
322 2233 523 2275 enimvero
552 2235 590 2274 in
623 2235 708 2275 casu
732 2265 745 2284 ‚
777 2248 856 2287 quo
876 2236 1056 2289 Princeps
1082 2237 1403 2289 approbationem
1429 2236 1560 2289 potius
1589 2248 1760 2291 cuperet,
1771 2238 1887 2291 quam

72 2297 272 2337 confilium
291 2326 304 2344 ,
334 2296 483 2347 poterit
508 2293 596 2334 ante
615 2296 781 2335 animum
811 2296 1001 2348 prodere,
1031 2297 1068 2336 &
1083 2297 1184 2336 suam
1203 2295 1441 2336 manifestare
1461 2299 1707 2349 opinionem5
1737 2300 1887 2351 semper

71 2360 176 2398 enim
195 2356 376 2405 videbit,
406 2356 616 2395 multorum
650 2354 783 2407 postea
801 2358 837 2396 in
857 2357 1018 2397 eandem
1045 2357 1261 2408 conspirare
1290 2356 1491 2410 suffragia,
1522 2367 1587 2398 aut
1618 2360 1706 2411 quia
1733 2362 1887 2412 placere

74 2420 236 2469 cupiunt
250 2447 263 2466 ,
292 2425 357 2455 aut
375 2417 463 2467 quia
491 2412 603 2455 facile
616 2416 894 2468 ejussequimur
918 2426 1074 2466 nutum,
1091 2418 1155 2468 qui
1173 2418 1346 2468 imperat.

223 2476 260 2527 §.
294 2475 334 2515 ln
353 2475 443 2515 belli
468 2476 659 2528 negotiis,
689 2485 770 2516 tum
790 2477 993 2529 praesertim
1012 2507 1026 2527 ,
1059 2477 1146 2518 cum
1177 2476 1357 2528 Princeps
1390 2476 1456 2516 illo
1484 2486 1636 2517 tenetur
1673 2478 1890 2531 implicatus

74 2536 128 2576 ob
152 2537 318 2575 rationes
338 2534 415 2586 jam
438 2534 557 2576 distas
584 2534 698 2576 valde
728 2536 888 2589 expedit
915 2537 1035 2588 ipsum
1064 2537 1405 2577 consultationibus
1434 2537 1658 2588 praesentem
1684 2538 1890 2589 interesse,

73 2607 118 2636 ut
146 2593 218 2635 hac
241 2592 303 2634 su&
321 2592 517 2647 praesentia
538 2593 688 2647 firmet,
719 2606 834 2648 atque
848 2598 950 2637 illico
965 2626 977 2645 ‚
1010 2608 1094 2648 quae
1109 2597 1296 2649 sapienter
1320 2595 1456 2636 statuta
1475 2595 1638 2645 fuerint,
1668 2598 1779 2648 poffit
1795 2610 1885 2639 exe·

76 2655 141 2708 qui
162 2669 174 2704 ς
203 2667 308 2695 neve
323 2656 475 2696 interim
496 2654 600 2695 forte
622 2686 634 2705 ‚
666 2657 756 2697 dum
773 2656 822 2697 de
840 2657 908 2697 illis
933 2656 980 2697 ad
1000 2657 1120 2708 ipsum
1133 2656 1297 2696 refertur
1314 2687 1324 2704 ,
1356 2654 1377 2694 ὲ
1396 2656 1569 2696 manibus
1589 2658 1759 2697 elabatur
1777 2670 1890 2697 occa-

77 2716 147 2756 slo.
211 2713 308 2754 Illud
329 2723 457 2755 tamen
484 2715 698 2768 Principem
713 2717 804 2757 scire
822 2719 938 2757 velim
956 2748 966 2766 ,
999 2718 1140 2756 multos
1161 2716 1234 2756 esse
1251 2714 1494 2755 Consiliarios
1512 2746 1522 2764 ‚
1553 2717 1619 2767 qui
1639 2729 1767 2757 coram
1787 2717 1890 2758 Prin·

0 2772 2 2778 '
37 2788 39 2790 ¹
75 2777 165 2828 cipe
188 2774 310 2814 fortes
332 2773 454 2814 videri
471 2777 652 2826 cupiunt,
682 2779 878 2832 magisque
897 2776 1054 2819 animosi
1078 2806 1090 2826 ‚
1118 2775 1230 2828 quam
1248 2774 1486 2827 prudente83
1517 2785 1632 2828 atque
1647 2777 1746 2818 adeo
1769 2786 1889 2818 teme·

77 2837 173 2876 raria
191 2833 383 2874 interdum
408 2834 610 2887 suggerunt
634 2838 786 2878 consilia
803 2868 815 2886 ‚
845 2835 934 2878 licet
954 2835 1143 2877 ordinarie
1162 2835 1231 2887 ipsi
1249 2847 1294 2875 ea
1323 2847 1404 2875 non
1420 2835 1566 2875 soleant
1595 2840 1749 2889 exequi,
1768 2839 1888 2878 immo

77 2897 144 2936 vel
165 2892 332 2935 maxime
363 2906 442 2947 prae
462 2896 541 2934 aliis
564 2897 773 2948 periculum
793 2897 951 2951 fugiant.
1011 2896 1244 2948 Exemplum
1263 2896 1300 2935 in
1321 2896 1364 2935 iis
1385 2894 1469 2943 fuit,
1491 2897 1556 2946 qui
1575 2895 1735 2937 Vitellio
1756 2896 1889 2936 aucto-

77 2966 138 2996 res
168 2954 319 2995 fuerant
340 2984 353 3002 ‚
384 2964 426 2994 ut
458 2965 560 2994 arma
582 2955 784 3008 susciperet
803 2990 815 3007 ‚
846 2957 914 3011 (c)
928 2954 994 3008 fhd
1005 2955 1096 3011 quod
1111 2958 1147 2996 in
1166 2953 1325 3009 ejusmodi
1353 2954 1456 2995 rebus
1473 2955 1595 2996 accidit
1613 2986 1626 3005 ,
1659 2958 1830 3010 Corfilium
1845 2957 1892 2998 ab

77 3015 226 3057 omnihus
253 3014 372 3057 datum
392 3011 440 3067 est
455 3045 468 3063 ,
490 3015 679 3067 periculum
689 3015 983 3070 paucifimfflscfre.

230 3073 265 3126 §.
296 3073 469 3126 Quaestio
494 3074 676 3126 frequens
697 3076 751 3116 est
773 3080 871 3117 inter
891 3077 1073 3117 Politicos
1089 3105 1102 3123 ‚
1119 3075 1307 3115 deceatne
1317 3074 1532 3126 Principem
1551 3078 1587 3116 in
1611 3076 1699 3126 ipsis
1716 3073 1891 3127 praefide-

84 3145 126 3174 re
154 3134 403 3176 tribunalibus
424 3134 472 3175 ad
495 3133 673 3186 justitiam
698 3138 964 3178 exercendam.
1054 3135 1105 3175 Et
1125 3134 1211 3175 sane
1235 3136 1361 3188 gravis
1383 3137 1558 3175 nimirum
1585 3135 1738 3174 videtur
1772 3145 1892 3173 occu-

1086 3195 1214 3249 Qqq
1752 3194 1890 3246 pam,

345 3268 1110 3283 ————-———.—a————

182 3304 240 3347 (a)
263 3303 350 3342 Tac.
366 3304 477 3350 lib-1.
495 3306 627 3348 Armal.
694 3305 756 3353 (b)
784 3307 887 3347 Idem
908 3306 972 3348 lib.
995 3321 1031 3357 3.
1054 3308 1186 3348 Annal-
1239 3311 1299 3358 (c)
1326 3308 1500 3356 [demi-3.
1528 3305 1659 3348 Annas
