2132 3730
523 248 1498 299 SYMBOLAPOLITJCA.
1818 271 1899 308 209

111 339 308 393 agnoscere
321 333 420 373 visus
437 331 510 387 (a)
537 332 604 375 est.
663 333 786 387 Quod
802 333 831 373 si
853 334 1031 388 Princeps
1060 339 1195 377 oculos
1220 341 1367 389 aperire
1384 341 1538 393 incipiat
1553 369 1567 389 ,
1597 338 1672 381 una
1688 340 1802 379 etiam
1827 353 1898 392 po-

105 399 278 443 tentiam,
309 403 422 445 quarn
436 394 592 445 privato
603 393 803 439 conceffit,
833 395 967 436 timere
984 397 1128 449 incipit.
1190 397 1290 450 Quae
1306 400 1414 439 causa
1431 398 1503 440 fuit
1518 429 1532 449 ,
1561 411 1630 440 cur
1646 398 1802 439 Tacitus
1819 399 1894 439 hae-

105 463 205 498 reret
217 452 354 493 dubius
367 479 382 502 ,
411 450 580 505 magisne
594 451 770 492 Tiberius
786 464 928 495 amaret
951 454 1138 507 Sejanum‚
1158 467 1204 496 an
1235 455 1303 513 (b)
1328 468 1530 508 metueret,
1554 459 1592 500 δε
1608 471 1697 501 cum
1721 459 1834 499 antea
1848 459 1899 500 de

103 514 216 569 gratia
234 511 315 564 ejus
342 510 484 554 tuenda
500 510 597 553 esset
612 511 791 552 sollicitus
803 543 815 563 ,
835 513 967 566 postea
987 515 1066 566 ejus
1082 515 1214 555 odium
1231 518 1348 570 magis
1367 517 1563 558 laborabat
1581 519 1826 575 restinguere.

243 585 347 627 Istud
368 587 544 627 nimirum
570 584 626 628 est
647 598 888 629 momentum
910 591 1081 630 criticum
1107 591 1296 644 singularis
1318 594 1414 633 illius
1434 593 1629 635 :Amicitias
1643 626 1656 645 ‚
1687 598 1736 638 in⁵
1755 607 1835 649 quo
1853 607 1896 635 o·

94 658 203 690 mnes
221 657 339 700 grave
361 647 573 700 periculum
596 648 786 696 subeunt,
816 660 902 689 nam
922 661 1048 701 neque
1071 650 1251 704 Princeps
1272 650 1493 693 diffimulare
1517 657 1652 703 novit,
1680 655 1709 696 si
1730 656 1798 697 fibi
1813 667 1895 697 non

93 706 160 749 fiat
173 705 258 747 satis
275 736 289 755 ,
317 717 446 759 neque
458 709 629 758 privatus
646 708 685 748 in
704 719 749 747 ea
766 707 947 762 Principis
970 707 1229 762 indignatione
1246 712 1344 751 tueri
1367 712 1404 752 se
1424 711 1553 763 potest
1566 743 1578 763 ,
1609 714 1647 753 &
1666 713 1771 756 fasto
1790 718 1891 757 inter

94 765 180 808 illos
200 765 344 806 diffidio
362 796 376 817 ‚
403 764 663 807 familiaritatis
684 769 880 808 vinculum
905 766 1127 809 dissolvitur.
1185 771 1358 810 Intuetur
1382 773 1576 823 privatum
1606 773 1786 827 Princeps
1802 806 1814 824 ,
1847 785 1893 815 ut

90 827 207 880 gratia
238 825 301 866 sua
325 826 362 866 δε
377 824 515 866 favore
532 826 724 880 indignum
744 840 757 875 ς
787 830 817 867 is
835 839 929 867 vero
948 827 1182 880 Principem,
1199 840 1243 870 ut
1262 832 1448 882 ingratum
1466 841 1526 871 tot
1557 832 1770 885 obsequiis:
1800 836 1889 887 quia

90 883 218 927 tamen
239 884 445 934 existimat,
481 886 585 926 hunc
610 898 728 939 opera
747 887 809 927 sua
823 898 950 926 carere
980 899 1059 928 non
1080 888 1216 940 poss'e,
1246 900 1361 942 atque
1382 890 1473 930 ideo
1504 892 1541 932 se
1569 892 1797 946 propediem
1833 905 1893 933 re-

91 945 313 986 vocandum
333 975 346 995 ,
376 943 550 985 subducit
566 946 641 986 sese
665 946 713 986 ad
731 956 895 998 tempu5‚
918 946 957 986 &
974 949 1103 987 locum
1127 949 1214 999 dat,
1244 959 1287 989 ut
1312 951 1405 989 alius
1425 951 1557 1003 aliquis
1576 953 1613 992 in
1634 955 1789 1006 negotia
1807 953 1889 992 sub-

85 1005 317 1058 ingrediatur
334 1035 347 1055 ,
379 1005 416 1045 &
433 1006 513 1045 illas
531 1007 744 1046 animorum
762 1006 1007 1046 alienationes
1027 1005 1176 1048 foveat.
1237 1009 1330 1062 Quo
1349 1010 1546 1050 celerrime
1555 1010 1598 1051 fit
1616 1041 1629 1059 ‚
1660 1024 1702 1053 ut
1715 1014 1833 1065 gratia
1851 1013 1890 1053 in

87 1074 265 1105 mutuum
296 1074 545 1105 convertatur
568 1066 698 1106 odium
717 1094 731 1114 ,
759 1065 835 1118 ipsa
853 1067 993 1118 privati
1020 1067 1254 1119 impatientia
1283 1070 1497 1120 opitulante
1512 1099 1525 1118 ‚
1555 1081 1599 1111 ut
1620 1072 1681 1111 illa
1705 1081 1814 1112 tanto
1836 1074 1892 1112 ci·

87 1125 164 1165 tius
186 1123 419 1168 dissolvatur,
481 1124 600 1165 Volat
618 1124 720 1166 illico
739 1124 839 1165 fama
853 1155 866 1174 ,
895 1126 1002 1177 quod
1027 1129 1141 1180 gratia
1164 1127 1369 1168 exciderit:
1400 1129 1436 1168 δε
1453 1141 1590 1170 omnes
1606 1129 1697 1170 faeti
1712 1132 1893 1173 audacio-

83 1196 146 1224 res
165 1216 179 1235 ,
207 1183 427 1224 insolentius
446 1185 484 1224 in
500 1195 588 1225 eum
611 1184 786 1226 insultant
807 1215 820 1234 ,
851 1186 902 1225 ita
921 1196 963 1226 ut
980 1198 1028 1226 ne
1043 1174 1121 1238 ipse
1140 1186 1294 1239 quidem
1308 1187 1489 1241 Princeps
1507 1190 1544 1230 ei
1566 1192 1620 1231 rei
1637 1190 1781 1232 mederi
1803 1190 1891 1244 poi:

84 1243 143 1283 fit.
199 1242 363 1296 Cognati
382 1243 420 1282 &
446 1245 555 1283 amici
573 1247 700 1285 animo
714 1247 858 1285 ruinam
876 1245 954 1296 ejus
973 1246 1228 1297 praevidentes
1246 1277 1259 1297 ,
1290 1247 1328 1287 &
1345 1249 1557 1300 periculum
1576 1281 1587 1299 ‚
1618 1250 1725 1302 quod
1742 1251 1831 1291 inde
1845 1251 1891 1291 fi-

80 1303 123 1342 bi
140 1302 332 1350 imminet,
356 1299 454 1342 male
465 1310 643 1343 metuunt
658 1334 671 1353 ,
698 1315 749 1344 ne
765 1305 880 1343 ruinae
897 1304 1021 1344 eidem
1039 1306 1108 1356 ipfi
1129 1318 1286 1358 quoque
1305 1306 1371 1361 (c)
1396 1309 1657 1350 involvantur.
1718 1309 1817 1350 Non
1832 1311 1888 1350 se·

82 1373 151 1401 cus
176 1372 221 1400 ac
244 1361 357 1400 arbor
378 1362 500 1411 aliqua
517 1373 565 1401 ex
582 1363 751 1402 altissimo
780 1373 913 1402 monte
935 1363 1120 1403 devoluta
1141 1366 1178 1404 in
1197 1377 1388 1417 praeceps,
1417 1369 1572 1408 arbores
1584 1370 1671 1408 alias
1684 1399 1695 1417 ,
1725 1382 1810 1422 quae
1820 1369 1887 1409 sub

82 1420 216 1461 umbra
231 1418 327 1460 illius
343 1429 451 1460 erant
467 1450 479 1469 ,
510 1419 636 1460 secum
661 1422 788 1461 trahit.
847 1423 978 1474 Atque
1001 1424 1054 1462 illi
1085 1424 1240 1475 quidem
1273 1427 1444 1466 omnium
1464 1429 1577 1478 primi
1606 1430 1752 1468 ruinam
1779 1428 1888 1469 istam

33 1491 36 1493 ’
84 1487 390 1534 promovent,ut
398 1479 515 1520 semet
530 1483 568 1520 in
583 1490 668 1521 tuto
680 1482 888 1531 collocent,
898 1482 936 1522 ἃ
951 1482 1090 1522 deinde
1098 1483 1335 1524 collaborant
1346 1497 1494 1535 omnes,
1509 1488 1672 1539 aliquiut
1681 1489 1814 1537 amici,
1825 1488 1888 1528 alii

77 1549 124 1579 ut
140 1536 396 1588 hostes,nihil
416 1551 646 1592 exoptantes
673 1540 784 1589 aliud,
796 1541 908 1592 quam
926 1553 969 1581 ut
992 1544 1191 1583 inclinatus
1210 1545 1272 1584 ille
1301 1547 1424 1596 paries
1445 1546 1599 1599 penitus
1618 1546 1697 1601 (d)
1717 1556 1884 1588 corruat.

9 1622 11 1650 g
78 1598 263 1651 Princeps
287 1628 301 1648 ,
330 1609 445 1650 quem
469 1598 604 1640 suimet
622 1599 767 1653 pudet,
797 1597 889 1640 illud
912 1602 1099 1642 servitutis
1112 1602 1244 1655 jugum
1267 1614 1450 1645 excutere
1475 1607 1629 1655 nititur,
1659 1607 1697 1646 δε
1715 1607 1818 1646 suam
1839 1606 1887 1647 fi-

76 1659 118 1698 bi
134 1657 399 1699 auCtoritatem
425 1657 633 1699 restituere.
698 1658 816 1699 Unde
835 1662 985 1712 culpam
1006 1672 1161 1701 omnem
1177 1664 1364 1702 malorum
1389 1666 1667 1715 praeteritorum
1693 1667 1733 1705 in
1756 1661 1906 1705 Priva?

10 1730 11 1759 ς
77 1726 162 1759 tum
182 1716 336 1758 confert
363 1747 376 1766 ,
406 1728 585 1770 tanquam
606 1720 643 1758 in
663 1718 859 1757 auctorem
873 1721 1120 1770 praecipuum.
1183 1722 1277 1774 Quo
1300 1722 1418 1773 porro
1439 1721 1482 1762 fit
1504 1754 1516 1772 ,
1548 1733 1592 1763 ut
1616 1724 1771 1764 suismet
1793 1726 1883 1764 irre-

10 1807 11 1830 ]
77 1780 194 1818 tiatur
218 1778 360 1817 artibus
378 1789 392 1823 ;
419 1789 493 1817 nec
513 1779 716 1829 quicquam
739 1777 801 1817 sua
823 1779 858 1817 ei
887 1778 1042 1830 prodest
1063 1779 1229 1827 solertia;
1249 1790 1291 1820 ut
1308 1782 1346 1821 in
1363 1781 1499 1833 Sejano
1525 1781 1658 1823 videre
1680 1782 1748 1837 (e)
1764 1785 1882 1833 licuit,

10 1848 11 1851 ’
79 1837 119 1878 &
138 1836 281 1889 quanto
299 1837 416 1889 magis
432 1836 468 1876 se
493 1838 538 1876 iis
554 1836 754 1877 contendit
779 1839 961 1888 eximere,
978 1839 1085 1878 tanto
1099 1842 1214 1891 magis
1236 1841 1336 1880 suam
1351 1843 1536 1881 accelerat
1556 1844 1713 1882 ruinam.
1773 1842 1883 1885 Nam

73 1897 104 1938 si
124 1898 241 1949 gratia
253 1897 366 1937 semel
384 1907 564 1948 aegrotare
573 1897 739 1949 incipiat,
759 1898 922 1948 expirat,
937 1910 1010 1938 nec
1029 1899 1146 1953 ullum
1156 1899 1323 1951 superest
1332 1899 1567 1951 remedium,
1590 1914 1669 1953 quo
1680 1901 1876 1944 sanitatem

75 1954 268 2010 pristinam
289 1964 504 2006 recuperet.
1383 1965 1387 1969 ·

232 2014 269 2066 ς,
300 2015 430 2064 Atque
449 2025 500 2053 ex
529 2012 574 2052 iis
600 2042 613 2061 ,
643 2024 728 2065 quae
744 2011 929 2054 haeftenus
954 2012 1140 2064 diximus,
1171 2013 1254 2057 satis
1273 2015 1422 2069 liquet,
1451 2018 1660 2060 maximum
1686 2016 1879 2074 singularis

11 2074 13 2079 ⁴
74 2076 173 2115 illius
196 2073 454 2115 familiaritatis
471 2074 683 2126 periculum
708 2072 782 2113 esse
806 2073 827 2112 ὲ
845 2075 956 2113 variis
978 2076 1046 2114 illis
1080 2076 1204 2116 modis
1222 2106 1235 2126 ,
1266 2079 1404 2128 quibus
1427 2080 1584 2119 ambitio
1606 2092 1815 2132 perennem
1840 2082 1879 2122 St.

73 2133 246 2176 stabilem
270 2146 354 2174 eam
378 2133 539 2174 reddere
565 2134 719 2184 cogitat.
806 2132 914 2173 idem
937 2135 1082 2186 quippe
1107 2136 1294 2186 ejusmodi
1314 2139 1442 2178 amicis
1470 2139 1686 2191 Principum
1711 2141 1878 2190 accidit,

75 2194 184 2247 quod
203 2196 270 2241 iis,
300 2195 364 2246 qui
382 2192 641 2247 valetudinem
665 2193 765 2232 suam
784 2193 894 2233 nimis
910 2204 1041 2233 curant
1056 2194 1233 2244 sollicite,
1253 2198 1317 2247 qui
1335 2196 1427 2237 dum
1444 2198 1605 2238 eandem
1621 2199 1876 2240 medicamen—

12 2246 14 2262 ²
75 2256 123 2294 tis
141 2256 253 2294 variis
272 2254 498 2294 conservare
527 2251 700 2299 student,
730 2251 1070 2304 destruuntpotiiis
1090 2284 1103 2302 ,
1132 2254 1171 2294 Rc
1191 2258 1279 2295 vitae
1296 2256 1367 2296 suae
1383 2257 1542 2308 spatium
1566 2260 1819 2307 imminuunt3
1837 2259 1876 2299 δι

72 2314 170 2356 ficut
185 2312 331 2355 nullum
351 2314 607 2366 opportunius
625 2310 679 2352 est
695 2313 919 2361 remedium,
931 2312 1043 2363 quam
1069 2313 1302 2364 abstinentia,
1317 2316 1356 2356 &
1373 2316 1449 2356 aliis
1468 2319 1505 2357 in
1518 2318 1631 2357 rebus
1645 2318 1875 2369 moderatio,

14 2422 16 2427 Ι
73 2372 234 2416 sinendo
252 2375 401 2414 interim
418 2373 630 2420 Naturam,
660 2382 704 2411 ut
725 2373 829 2412 suum
847 2371 962 2412 faciat
985 2373 1170 2414 officium:
1184 2377 1235 2414 ita
1251 2375 1279 2414 fi
1294 2377 1411 2428 gratia
1429 2378 1488 2417 illa
1512 2376 1550 2416 &
1571 2376 1683 2417 favor
1697 2380 1876 2430 languere

74 2439 260 2485 coeperint
279 2464 292 2483 ,
323 2435 513 2486 optimum
538 2431 733 2473 consilium
748 2430 802 2473 est
818 2431 958 2473 nullam
976 2432 1158 2474 adhibere
1181 2436 1409 2475 medicinam
1427 2448 1438 2483 3
1469 2435 1533 2475 sed
1550 2437 1657 2477 bono
1673 2437 1710 2477 &
1725 2437 1876 2478 sincero

75 2492 217 2532 affeetu
233 2522 247 2541 ‚
275 2503 389 2545 atque
407 2495 533 2534 animo
553 2490 574 2531 ὲ
593 2491 801 2544 cupiditate
818 2493 988 2532 utilitatis
1005 2496 1191 2546 propriae,
1210 2495 1247 2535 &
1265 2497 1370 2535 omni
1392 2492 1463 2535 alia
1481 2496 1645 2548 paslione
1665 2498 1786 2536 libero
1801 2498 1874 2537 ser.

73 2553 158 2592 vire
190 2551 378 2605 Principi,
407 2551 667 2606 permittendo
684 2553 833 2592 interim
855 2583 866 2600 ,
897 2561 939 2591 ut
955 2554 1132 2594 meritum
1153 2564 1335 2607 operetur
1349 2584 1362 2605 ,
1388 2555 1425 2595 δε
1446 2557 1585 2594 veritas
1604 2558 1733 2595 secura
1755 2558 1874 2609 magis

74 2611 116 2653 &
138 2610 277 2653 stabilis
294 2642 307 2661 ,
337 2611 451 2664 quam
476 2610 673 2652 artificium
701 2625 713 2660 ;
744 2611 781 2651 δι
804 2610 951 2652 utendo
978 2612 1099 2653 solum
1119 2616 1396 2666 praeservativis
1420 2614 1671 2665 quibusdam,
1703 2627 1787 2666 quae
1807 2625 1874 2656 aut

74 2672 124 2712 ad
141 2671 261 2724 ipsum
282 2673 475 2713 Privatum
488 2673 680 2725 pertinent
700 2682 764 2713 aut
782 2672 830 2712 ad
852 2672 1079 2726 Principem,
1098 2683 1163 2714 aut
1176 2672 1374 2714 Ministros
1382 2672 1568 2724 ejusdem,
1583 2685 1650 2715 aut
1666 2674 1715 2715 ad
1735 2676 1871 2724 auiam,

72 2732 194 2773 autad
209 2733 413 2786 populum,
430 2742 494 2771 aut
511 2731 558 2771 ad
575 2742 741 2776 exteros.

242 2795 280 2842 §.
311 2791 433 2845 Quod
443 2791 489 2831 ad
514 2791 633 2844 ipsum
651 2790 842 2831 Privatum
860 2790 995 2832 attinet
1015 2818 1028 2839 ‚
1059 2802 1148 2831 eum
1172 2789 1368 2832 modestiae
1388 2820 1401 2841 ,
1432 2792 1650 2841 comitatis,
1687 2792 1725 2833 δι
1741 2793 1875 2835 huma—

14 2876 16 2901 2
74 2853 202 2894 nitatis
223 2849 357 2892 statum
373 2851 600 2891 conservare
621 2849 761 2900 debet,
791 2853 828 2892 in
849 2863 928 2903 quo
950 2849 1105 2890 fortuna
1127 2860 1215 2892 eum
1234 2853 1387 2903 reperit.
1449 2851 1666 2903 Dispellata
1690 2852 1820 2894 fronte
1829 2855 1872 2894 il-

13 2992 17 3142 Ι

72 2913 132 2955 los
154 2911 346 2967 singularis
367 2912 540 2952 amicitiae
555 2910 794 2963 splendentes
813 2911 958 2961 radios,
967 2910 1174 3010 guomodo
1195 2910 1361 2952 faciebat
1379 2909 1540 2961 Moyses
1555 2939 1568 2960 ,
1597 2914 1747 2966 populo
1765 2915 1874 2953 locu-

1014 2981 1071 3024 gg
1742 2980 1869 3021 turus,

176 3091 235 3137 (a)
260 3095 389 3142 Perque
403 3087 585 3126 invidiam
601 3114 612 3133 ,
638 3089 695 3124 tui
720 3100 774 3125 me
789 3073 917 3142 qaoque
932 3087 1103 3136 incufhnt.
1133 3091 1219 3127 Tac.
1239 3089 1302 3139 l.4.
1321 3092 1450 3129 Annal.
1503 3092 1564 3140 (b)
1591 3098 1686 3128 Dum
1705 3093 1867 3139 Sejanum

76 3137 227 3184 dilexit,
247 3143 431 3179 timuitve.
462 3141 593 3178 Ideml.
605 3145 638 3177 6.
650 3141 780 3177 Annal.
828 3143 887 3190 (c)
913 3142 1080 3195 Qidam
1099 3142 1191 3179 male
1204 3141 1339 3179 alacres
1361 3171 1371 3185 ‚
1396 3142 1517 3198 quibus
1530 3142 1686 3193 infausta
1705 3145 1870 3182 amicitia

71 3194 206 3244 gramis
224 3196 346 3232 exitus
370 3190 589 3231 imminebat.
610 3191 709 3230 Idem
724 3192 747 3229 l.
764 3206 800 3240 4.
821 3196 946 3234 Annal.
1000 3196 1061 3242 (d)
1086 3198 1275 3248 Quousque
1289 3196 1433 3234 irruitis
1446 3199 1484 3234 in
1493 3195 1686 3233 hominem?
1701 3196 1869 3247 interfici..

14 3258 16 3277 :
77 3243 130 3280 tis
143 3245 300 3302 utriverfi
307 3260 381 3306 ’vos
395 3261 407 3284 ε
432 3257 610 3305 tanquan(
646 3246 757 3305 arieti
770 3245 938 3284 inclinato
954 3273 964 3289 ,
990 3246 1036 3290 έν·
1056 3249 1208 3286 maceriae
1221 3247 1367 3340 dZuffle.
1393 3250 1448 3290 Ps.
1466 3253 1569 3298 6.14.
1619 3253 1636 3294 s
1640 3249 1677 3295 e)
1696 3252 1773 3288 Non
1784 3258 1868 3290 tam

13 3303 15 3334 ;
66 3293 219 3346 solemn
231 3300 373 3353 (quappe
393 3299 517 3339 iisdem
531 3309 608 3338 am
655 3312 672 3336 s
685 3299 807 3338 vidus
828 3297 919 3353 est.)
941 3302 1059 3341 Tacit.
1068 3300 1091 3347 1,
1104 3314 1144 3352 4.
1154 3302 1243 3353 *Ann
1277 3327 1289 3341 .
