2132 3730
499 206 1488 254 SYMBOLAPOLJTJCA.
1824 224 1903 273 165

97 300 204 338 tioris
219 294 334 336 animi·
346 291 495 344 Legum
514 290 782 332 austeritatem
799 291 1044 344 vilipendunt
1057 323 1070 341 ,
1100 292 1138 332 δι
1159 293 1420 336 obedientiam
1443 296 1705 349 aspernantur:
1724 303 1782 340 alii
1805 315 1910 343 men-

94 362 143 399 tis
174 352 326 407 abjeffle
356 351 394 391 &
424 352 598 401 humilis,
630 353 732 391 illam
765 350 969 392 sustentare
997 352 1189 401 nesciunt,
1227 365 1300 393 nec
1319 355 1512 397 infamiam
1545 360 1703 409 timent,
1736 373 1810 401 nec
1835 376 1913 414 poe-

92 430 199 465 nam,
229 413 266 453 &
290 413 425 463 incipit
455 411 530 452 ess'e
559 412 815 452 communitas
842 412 1016 464 quaedam
1044 412 1332 463 Dominorum,
1364 415 1401 455 &
1431 420 1733 471 mancipiorum,
1765 422 1911 473 absque

92 480 170 518 ullo
189 483 315 513 tamen
332 473 432 511 inter
454 470 488 511 sa
510 472 669 521 ordine,
701 473 847 525 quippe
865 475 930 525 qui
953 474 1054 514 sorte
1074 474 1137 513 sua
1164 485 1244 513 non
1272 474 1309 514 se
1339 477 1555 518 metiantur.
1617 480 1696 534 Qui
1722 481 1912 522 inferioris

94 532 322 576 conditionis
339 531 443 581 sunt,
474 531 681 583 majoribus
704 545 815 584 pares
831 533 906 574 effe
926 535 1100 586 cupiunt.
1161 533 1241 586 Qui
1268 535 1306 573 in
1326 547 1400 575 una
1417 539 1539 589 aliqua
1559 551 1600 578 re
1621 544 1783 592 aequales
1804 542 1909 591 sunt,

92 604 155 635 aut
181 593 418 644 superiores,
450 592 639 632 continuo
663 591 733 633 sibi
750 594 1004 646 persuadent,
1035 594 1150 633 etiam
1176 595 1215 633 in
1238 595 1316 633 aliis
1334 598 1519 647 aequales,
1550 610 1614 638 aut
1642 603 1854 653 superiores
1873 602 1912 642 se

89 651 175 694 effe.
235 652 318 705 Qui
336 653 375 692 in
392 653 573 693 omnibus
589 652 767 705 praestant
783 656 861 694 aliis
873 684 886 706 Ἰ
916 655 1012 694 intra
1031 657 1217 693 terminos
1233 658 1434 696 continere
1456 658 1493 697 se
1512 670 1729 710 nequeunt,
1761 663 1798 703 ἅτ.
1821 676 1912 704 cum

88 711 332 764 despicientia
350 713 531 762 aliorum,
564 715 692 753 omnia
714 714 782 754 suo
806 712 954 754 subefl'e
971 715 1117 753 vellent
1139 715 1326 766 imperio,
1357 728 1432 756 nec
1464 719 1687 770 imperantis
1707 721 1912 773 voluntati,

88 782 154 813 aut
179 771 516 812 constitutionibus
552 773 589 812 &
614 775 787 814 moribus
817 775 1057 825 Reipubiicae
1086 774 1163 813 sese
1189 776 1511 824 accommodant3
1542 779 1646 818 unde
1677 782 1783 820 ruina
1816 785 1913 823 illius

85 833 185 874 nasci
205 833 321 883 solet,
352 833 390 872 &
412 832 619 872 conversio
637 835 675 874 in
693 833 837 874 formas
855 834 960 873 alias:
992 843 1129 873 omnes
1155 836 1258 874 enim
1288 834 1365 889 (a)
1396 836 1600 889 suspirant,
1631 839 1668 879 ὅτ.
1691 841 1849 892 inquieti
1870 845 1909 883 in

84 894 146 933 illa
174 894 327 932 vivunt.
389 892 441 932 Et
460 892 551 932 licet
571 892 653 933 fieri
671 895 966 946 haudquaquam
986 894 1121 945 poffit,
1151 904 1195 934 ut
1211 898 1415 936 contentio
1437 897 1626 949 ejusmodi
1651 902 1811 940 omnino
1837 903 1913 942 ces-

83 953 192 993 setin
224 950 543 1005 Rebuspublicis‚
574 964 736 1008 propter
763 953 929 994 diversas
954 953 1200 994 conditiones
1225 957 1412 1007 partium,
1446 958 1586 1009 quibus
1612 960 1684 999 illae
1715 960 1912 1009 constant3

82 1013 145 1053 illa
162 1012 239 1064 ipsa
258 1024 386 1052 tamen
410 1013 708 1063 conservantur,
725 1014 753 1054 fi
769 1013 970 1054 moderata
987 1014 1060 1061 fit3
1091 1025 1156 1054 aut
1176 1013 1323 1067 pessum
1345 1027 1462 1066 eunt,
1493 1018 1520 1057 fi
1540 1020 1668 1063 nimia.
1732 1021 1913 1074 Quomo-

84 1073 136 1113 do
154 1074 383 1125 corporibus
407 1074 582 1114 accidere
607 1074 789 1114 videmus
824 1086 913 1113 cum
932 1083 1098 1125 quatuor
1115 1075 1369 1125 humoribus,
1399 1079 1498 1117 inter
1535 1091 1633 1129 quos
1651 1079 1720 1119 etsi
1741 1081 1910 1121 nobilior

85 1134 163 1172 aliis
182 1132 226 1172 sit
244 1133 388 1185 sanguis
402 1164 412 1181 ‚
443 1135 642 1185 potentior
662 1135 817 1174 cholera
831 1165 843 1182 ‚
872 1133 947 1173 sese
975 1143 1104 1174 tamen
1119 1135 1259 1175 mutuo
1279 1136 1509 1177 conservant
1527 1150 1571 1177 ac
1589 1137 1754 1190 fovent,
1780 1154 1912 1193 quam-

83 1193 148 1232 diu
165 1195 275 1232 unius
291 1195 443 1233 illorum
470 1194 703 1244 inaequalitas
721 1194 876 1234 modica
896 1193 962 1242 est,
1021 1193 1118 1234 Eam
1152 1197 1204 1235 ob
1229 1207 1312 1237 rem
1343 1196 1423 1236 sola
1452 1199 1512 1236 illa
1543 1198 1782 1250 Respublica
1815 1200 1912 1241 stare

38 1263 46 1273 ²
86 1252 152 1291 diu
180 1255 344 1304 poterit,
376 1265 460 1303 quae
478 1254 650 1304 partibus
683 1253 896 1293 constiterit
912 1254 1194 1304 mediocribus,
1226 1268 1300 1295 nec
1332 1256 1544 1297 admodum
1565 1260 1664 1298 inter
1690 1259 1726 1299 se
1745 1262 1912 1313 inaequa-

81 1313 193 1352 libus.
268 1312 377 1363 Opes
402 1313 532 1351 nimiae
546 1313 790 1362 quorundam
823 1315 967 1352 civium
999 1324 1224 1354 everterunt
1248 1314 1559 1357 Florentinorum
1588 1319 1910 1371 Rempublicam,

81 1371 120 1411 &
137 1372 343 1411 etiamnum
360 1370 479 1410 hodie
497 1372 535 1410 in
559 1372 667 1410 causa
696 1373 801 1420 sunt,
834 1385 902 1411 cur
920 1374 1090 1424 inquieta
1115 1375 1160 1414 fit
1191 1374 1342 1415 Genua.
1405 1377 1575 1425 Contra,
1607 1381 1694 1429 quia
1713 1380 1817 1432 apud
1833 1380 1913 1421 Ve-

79 1441 194 1472 netos
210 1432 345 1471 melius
370 1431 496 1470 divisae
515 1443 569 1470 eae
585 1431 689 1480 sunt,
718 1431 809 1471 ideo
826 1433 903 1483 jam
928 1443 989 1472 tot
1003 1433 1138 1472 seculis
1160 1433 1289 1473 Status
1310 1435 1372 1475 ille
1398 1435 1576 1476 constans
1601 1440 1844 1489 perseverat;
1874 1441 1913 1480 δε

77 1492 107 1532 fi
141 1491 295 1543 aliquod
321 1490 536 1543 periculum
560 1490 636 1540 est,
667 1503 733 1531 aut
768 1492 1063 1533 incommodum
1090 1494 1128 1532 in
1160 1494 1332 1545 ejusdem
1358 1496 1662 1548 gubernatione,
1695 1500 1732 1539 id
1757 1504 1829 1539 erit
1857 1502 1910 1540 ob

79 1553 234 1592 nimiam
256 1553 497 1603 quorundam
521 1549 543 1590 ὲ
564 1550 791 1603 Magistratu
813 1554 996 1604 inopiam.
1057 1552 1182 1606 Quod
1204 1554 1232 1594 si
1259 1556 1507 1595 nihilominus
1530 1557 1768 1610 Respublica
1785 1562 1911 1612 aliqua

81 1624 171 1651 cum
188 1613 247 1650 illa
264 1613 428 1663 partium
450 1612 598 1651 suarum
616 1613 872 1663 inaequalitate
889 1611 1048 1652 subsistit
1067 1614 1207 1652 diutius
1222 1643 1235 1662 ,
1265 1616 1414 1654 eximiae
1435 1617 1768 1668 alicuiprudentiae
1786 1622 1824 1661 id
1843 1622 1905 1659 tri-

80 1671 300 1719 buendum,
332 1682 396 1710 aut
412 1671 600 1710 industriae
619 1671 804 1723 Principis
820 1702 833 1720 ,
865 1674 929 1723 qui
952 1673 1091 1710 timore
1119 1673 1232 1724 legis,
1263 1673 1397 1713 aliisve
1416 1677 1559 1715 artibus
1585 1679 1686 1718 illam
1713 1681 1751 1719 in
1777 1681 1907 1719 officio

79 1733 276 1771 continet:
307 1730 520 1782 cujusmodi
542 1731 647 1779 sunt,
677 1733 821 1770 nemini
845 1732 1017 1782 injuriam
1038 1729 1189 1780 facere,
1218 1745 1298 1772 non
1318 1736 1465 1774 violare
1495 1735 1721 1778 inferiorum
1750 1741 1907 1790 privile-

79 1793 161 1844 gia,
192 1792 229 1831 &
262 1791 490 1840 commoda,
521 1789 697 1830 distinere
718 1790 892 1842 Majores
927 1792 964 1830 in
988 1790 1394 1842 administrationibus,
1424 1794 1461 1833 &
1481 1797 1703 1837 muneribus
1730 1799 1908 1850 publicis,

80 1864 161 1892 non
181 1853 427 1903 opprimere,
461 1851 526 1890 sed
542 1850 608 1901 spe
625 1852 770 1902 erigere
799 1863 891 1899 eos,
923 1853 988 1901 qui
1004 1852 1158 1890 altiores
1185 1864 1322 1903 gerunt
1355 1856 1523 1894 animos:
1551 1856 1644 1895 illud
1678 1868 1806 1898 tamen
1835 1860 1906 1899 du-

78 1915 196 1960 rabit,
228 1911 356 1962 quoad
376 1910 586 1960 prudentes
612 1909 899 1948 Gubsrnatores
916 1911 1110 1948 habuerit:
1144 1912 1232 1961 quia
1266 1912 1364 1951 vero
1388 1913 1688 1967 Rebuspublicis
1712 1918 1798 1957 satis
1819 1931 1907 1958 cau.

79 1982 161 2011 tum
183 1968 258 2009 effe
281 1981 360 2008 non
376 1967 506 2021 potest
532 1980 621 2007 cum
642 1970 820 2008 remediis
838 1968 1052 2008 istiusmodi
1069 1972 1309 2021 temporariis
1333 1984 1417 2023 quae
1431 1975 1605 2024 pendent
1631 1975 1651 2014 ὲ
1672 1977 1780 2028 casu,
1809 1992 1906 2031 prae-

78 2030 190 2071 stabit
207 2042 302 2070 mox
326 2030 364 2068 in
389 2029 466 2081 ipsa
492 2029 614 2079 prima
636 2029 782 2068 illarum
810 2027 1048 2069 institutione
1072 2030 1283 2081 providere
1305 2031 1354 2071 de
1376 2036 1522 2086 modo,
1554 2048 1634 2089 quo
1654 2039 1747 2078 tales
1766 2039 1903 2079 abuius

80 2092 119 2131 &
137 2090 385 2131 incommoda
403 2089 607 2129 efficaciter
630 2100 773 2141 queant
794 2090 952 2142 corrigi,
982 2091 1205 2141 priusquam
1221 2093 1424 2138 eveniant.

507 2259 1163 2327 SYMBOLUM
1216 2261 1404 2327 XLII.

191 2409 434 2451 MBLEMA
464 2408 541 2449 hoc
559 2407 706 2447 eximiae
715 2407 941 2448 humanitati
963 2406 1112 2447 Urbani
1132 2406 1275 2448 Oftavi
1291 2408 1490 2451 Pontificis
1506 2408 1674 2452 Maximi
1692 2423 1898 2466 acceptum

79 2407 191 2550 E
220 2471 371 2510 refero:
403 2470 553 2522 dignata
572 2466 627 2507 est
646 2469 792 2519 quippe
815 2469 877 2508 sua
895 2467 1081 2507 Sanctitas
1100 2469 1192 2508 mihi
1221 2469 1442 2521 spedfflndas
1468 2472 1653 2511 exhibere
1671 2474 1709 2513 in
1746 2486 1898 2525 gemma

220 2530 380 2581 quadarn
399 2529 565 2583 pretiosa
586 2528 714 2568 incisas
743 2528 889 2569 effabre
902 2528 978 2579 jam
1000 2528 1089 2568 inde
1120 2529 1389 2571 Romanorum
1415 2533 1657 2584 temporibus
1677 2533 1783 2572 binas
1803 2546 1895 2585 apes

83 2598 248 2630 aratrum
273 2591 466 2630 trahentes
483 2620 496 2639 ,
528 2600 612 2640 quae
641 2600 791 2641 reperta
813 2602 852 2628 m
882 2590 943 2628 illa
961 2598 1072 2628 aetate
1088 2589 1292 2643 praesagiffe
1321 2592 1476 2631 videtur
1506 2589 1645 2631 nobilis
1662 2592 1759 2631 illius
1778 2593 1815 2633 ἃ
1832 2606 1898 2633 an-

81 2649 197 2699 tiquae
218 2648 368 2689 familiae
392 2649 639 2690 evectionem
657 2680 668 2697 ,
697 2649 853 2701 quando
867 2648 1022 2702 insignia
1038 2651 1134 2689 illius
1154 2649 1285 2701 jundia
1308 2649 1418 2691 fuere
1437 2651 1686 2703 triumphanti
1704 2652 1798 2704 jugo
1822 2653 1896 2692 Ec-

81 2708 212 2751 clesiae.
284 2709 356 2764 (b)
386 2710 485 2763 Quae
512 2710 604 2750 dum
634 2713 843 2750 accuratius
877 2708 1167 2762 expenderem,
1198 2712 1306 2750 venit
1343 2712 1436 2752 mihi
1463 2713 1501 2750 in
1524 2721 1694 2751 mentem
1725 2713 1895 2766 prodigii

79 2771 178 2810 illius
195 2770 312 2822 Regis
339 2764 519 2810 Wambae
536 2800 549 2819 ,
580 2768 602 2808 ὲ
619 2769 723 2821 cujus
746 2773 913 2819 vertice,
942 2769 1030 2809 cum
1051 2780 1256 2823 ungeretur
1278 2770 1297 2810 ὲ
1315 2771 1478 2826 Quirico
1497 2771 1657 2812 Praesule
1678 2771 1888 2823 Toletano,

80 2831 162 2882 apis
177 2830 306 2884 egredi
324 2830 399 2870 visa
422 2860 434 2877 ,
464 2832 501 2869 in
518 2830 674 2870 sublime
694 2833 886 2881 evolavit,
909 2841 1089 2882 tanquam
1107 2834 1321 2882 proenuntia
1343 2832 1557 2872 suavissimae
1572 2832 1687 2885 ipsius
1703 2834 1891 2886 guberna—

82 2892 212 2931 tionis.
276 2890 310 2931 E
330 2903 409 2942 quo
429 2890 520 2930 illud
543 2901 700 2943 apparet
721 2922 733 2941 ,
762 2891 923 2932 voluiffe
932 2892 1108 2942 antiquos
1132 2891 1324 2942 Symbolo
1340 2892 1411 2934 isto
1427 2894 1585 2933 innuere
1604 2924 1614 2942 ,
1645 2895 1776 2945 quanti
1795 2893 1893 2933 refe-

80 2960 138 2990 rat
155 2951 246 2990 scire
261 2981 274 3002 ,
306 2949 399 2991 utile
427 2950 584 2991 miscere
602 2950 732 3001 dulci,
761 2951 1005 2992 mellificandi
1032 2951 1172 2993 scilicet
1187 2964 1305 2995 artem
1323 2966 1500 3008 agrorum
1521 2955 1709 3003 cuiturae‚·
1746 2957 1806 2993 cui
1834 2954 1891 2992 rei

83 3010 231 3064 optime
263 3012 423 3064 quadrat
435 3023 509 3065 pro
533 3011 811 3055 lemmateillud
826 3012 1094 3054 Horatianum,

990 3116 1044 3166 T
1074 3128 1094 3168 t
1751 3132 1889 3166 omne

181 3210 219 3253 (a
219 3212 237 3250 )
258 3214 354 3246 Nam
370 3211 430 3262 qui
443 3211 587 3246 virtute
596 3205 780 3271 fraestant,
796 3209 912 3262 iniquo
927 3210 1045 3247 animo
1059 3206 1133 3260 fibi
1157 3190 1372 3262 indigniores
1394 3211 1525 3262 aquari
1539 3217 1752 3260 paterentur
1766 3222 1778 3244 :
1802 3221 1888 3260 qua-

82 3254 231 3295 mobrem
245 3260 324 3312 skpe
336 3259 530 3314 conspirare
543 3289 551 3303 ‚
570 3259 809 3307 &fiditiones
823 3274 1033 3300 commovete
1052 3272 1238 3300 notantur.
1292 3262 1398 3301 Arist.
1408 3263 1472 3300 l.2.
1487 3262 1526 3300 P.
1541 3273 1655 3311 cap.5.
1681 3260 1886 3307 (b)Chr0n.

83 3311 213 3348 Gotto.
230 3314 322 3362 Reg.
344 3316 434 3352 Mar.
445 3317 489 3353 de
502 3317 608 3352 rebus
622 3314 721 3363 Hisp.
734 3315 758 3350 l.
774 3319 809 3351 6.
