2132 3730
205 240 287 290 382
648 232 997 275 DIDACI
1049 232 1584 278 SAAVEDRAE.

202 320 360 371 poribus
394 318 535 357 Tiberii
561 316 827 367 Imperatoris;
857 315 980 355 fluvio
1015 315 1146 357 Tiberi
1183 318 1324 358 scilicet
1366 331 1505 361 venam
1530 320 1606 361 effe
1632 322 1896 370 incidendam,
1925 320 2000 364 alio

202 377 432 418 divertendo
450 378 552 415 lacus
571 374 610 415 δε
629 374 793 425 fluvios,
824 377 887 427 qui
908 377 945 415 in
964 374 1070 416 illum
1089 377 1125 416 se
1144 376 1222 430 (a)
1252 380 1533 428 exonerabant,
1561 391 1606 420 ut
1630 383 1808 423 nimirum
1834 383 1892 422 vis
1922 382 2004 434 eJ'us

202 440 511 484 imminueretur,
541 446 667 486 neque
690 445 850 488 propter
867 436 1134 476 inundationes
1158 436 1341 478 Romaiu
1359 449 1467 480 metu
1490 440 1637 493 semper
1660 440 1699 481 δε
1719 443 1891 494 periculo
1913 454 2001 482 ver-

203 499 349 538 saretur.
412 493 562 535 Verum
591 494 751 535 Senatus
782 494 821 534 id
850 495 977 536 facere
1004 497 1148 544 renuit,
1177 507 1227 536 ue
1255 499 1354 537 illam
1378 499 1509 540 Tiberi
1534 502 1692 553 gloriam
1718 500 1791 556 (h)
1821 503 1999 555 eriperet.

203 557 342 597 Omnia
358 551 423 594 ista
440 553 630 605 Symbolo
653 552 824 607 praesenti
851 556 1092 596 occasionem
1126 553 1288 606 dedere,
1319 558 1565 610 significando
1590 562 1769 602 nimirum
1798 573 1868 613 per
1889 561 2012 602 fluvi-'

203 629 267 656 um
292 617 329 655 in
350 613 513 655 diversas
527 614 690 655 divisum
707 624 858 668 partes,
887 617 1017 668 quanti
1041 615 1186 656 intersit
1219 616 1436 669 Principum
1460 621 1724 670 potentiorum
1749 622 1851 662 vires
1874 620 2004 663 distra-

201 678 318 717 here:
349 686 428 726 quo
450 677 550 715 enim
568 677 744 727 potentia
759 675 878 727 major
897 675 971 725 est,
1001 688 1053 716 eo
1079 676 1283 728 majoribus
1316 677 1481 726 viribus,
1512 678 1801 733 sumptibusque
1831 679 1879 720 ad
1899 680 2004 723 suam

201 733 462 775 defensionem
484 735 652 788 indiget,
682 747 756 776 nec
776 749 849 789 pro
868 749 912 776 ea
929 748 970 776 re
989 737 1130 776 habere
1140 735 1268 788 potest
1286 745 1347 776 tot
1363 737 1498 777 Duces
1517 736 1555 776 &
1574 739 1704 790 copias
1723 741 2006 790 militares‚nee

201 796 298 834 mala
314 796 442 835 omnia
463 805 717 837 antevertere.
779 795 1025 836 Perturbatus
1043 799 1156 837 animi
1173 795 1364 837 fortitudo
1386 796 1424 837 δε
1438 797 1664 850 prudentia,
1694 799 1847 849 quando
1874 798 1897 839 ὲ
1919 812 2005 852 par·

199 855 302 895 tibus
331 864 406 895 tam
424 854 580 895 diversis
598 857 766 907 pericu-la
781 858 1011 896 minitantur.
1070 855 1216 908 Estque
1233 857 1310 896 hoc
1343 857 1605 897 securiffimum
1627 857 1820 908 medium,
1844 859 2008 900 &uten-

200 916 230 954 ti
252 913 408 955 mim'me
441 915 717 967 sumptuosum:
746 917 908 968 majores
928 918 1072 969 quippe
1095 918 1212 957 habet
1240 916 1401 957 effeetus
1427 918 1520 957 tuba
1547 917 1670 969 aliqua
1697 919 1889 969 militaris,
1920 931 2006 971 quae

201 975 239 1015 in
262 975 417 1015 diversis
434 975 557 1028 Regni
577 976 730 1029 alicujus
744 978 916 1031 partibus
938 977 1062 1019 stlbito
1080 978 1129 1019 ad
1157 990 1259 1019 arma
1282 985 1399 1019 vocat
1415 1008 1428 1028 ‚
1457 988 1573 1031 quam
1593 978 1737 1019 bellum
1764 978 1919 1032 aliquod
1944 979 2004 1027 seq·

199 1037 301 1076 lenni
322 1037 397 1076 ritu
420 1034 619 1077 indictum.

370 2479 406 2532 ἕ.
436 2478 575 2521 Tutius
593 2476 793 2534 semper&
817 2478 944 2521 utilius
968 2474 1043 2530 est,
1071 2477 1240 2522 hostium
1270 2478 1373 2520 vires
1402 2475 1596 2527 diffidere,
1628 2474 1666 2519 &
1693 2478 1792 2519 inter
1815 2478 1917 2532 ipsos
1942 2489 2009 2520 eo·

198 2548 285 2579 mm
306 2536 420 2580 status
434 2540 629 2581 discotdiae
656 2541 783 2581 causas
813 2540 881 2595 (c)
911 2542 1060 2582 serere:
1092 2539 1167 2595 (d)
1196 2537 1360 2591 discordia
1385 2543 1469 2580 enim
1495 2538 1678 2591 &seditio
1709 2537 1930 2590 omniafacit
1953 2547 2010 2591 op*-

144 2616 149 2621 ·
192 2601 401 2650 portmziora
422 2600 669 2653 iffigfidiaiztibus.
730 2600 929 2652 Ejusmodi
948 2602 1090 2640 artibus
1109 2600 1348 2640 dominatum
1379 2602 1484 2640 suum
1522 2601 1559 2639 in
1592 2598 1773 2651 Hispania
1793 2595 2009 2639 stabilivere

200 2657 421 2708 Phoenices,
449 2662 487 2700 in
507 2662 628 2701 varias
657 2672 740 2701 eam
758 2660 946 2701 faetiones
966 2659 1222 2703 distrahendo.
1280 2658 1387 2700 Idem
1410 2669 1546 2699 contra
1569 2667 1638 2698 eos
1659 2654 1790 2699 fecere
1811 2659 2008 2711 Carthagi-

199 2717 346 2762 nenses.
403 2719 622 2774 Eapropter
647 2733 726 2761 non
756 2720 976 2773 imprudens
998 2720 1072 2760 fuit
1094 2719 1291 2760 confilium
1315 2718 1556 2759 Marchionis
1572 2717 1774 2768 Gaditani,
1802 2717 1869 2773 (ε)
1890 2729 2008 2770 quan--

201 2775 256 2816 do
273 2788 388 2829 capto
405 2779 592 2821 Boabdile
613 2780 790 2821 Granatae
809 2782 937 2834 Rege,
966 2781 1062 2833 Regi
1087 2779 1325 2820 Ferdinando
1346 2779 1552 2818 Catholico
1572 2777 1771 2827 suadebat,
1800 2787 1845 2819 ut
1859 2789 1948 2818 eum
1966 2776 2009 2816 li—

201 2836 341 2877 bertati
367 2839 573 2890 redderet,
598 2840 650 2881 >ad
670 2839 822 2880 alendas
846 2853 965 2893 porro
988 2839 1197 2888 suffitiones³
1229 2850 1312 2890 quae
1337 2839 1457 2890 ipsum
1485 2840 1583 2878 inter
1604 2838 1641 2877 &
1665 2840 1814 2898 Patrem
1840 2846 1934 2877 ortae
1956 2836 2007 2876 de

205 2895 392 2946 Corona,
423 2899 601 2951 Regnum
622 2903 660 2941 in
689 2901 836 2941 diversa
869 2899 988 2940 studia
1011 2899 1269 2940 distraxerant.
1329 2897 1415 2953 (f)
1452 2898 1666 2950 Urgentibus
1693 2899 1832 2951 Imperii
1859 2897 2008 2937 Romani

194 2954 317 3006 fietis,
344 2959 430 2999 m'hil
439 2961 518 3013 jam
540 2960 715 3015 praestare
723 2957 877 3011 fortuna
895 2962 1006 3014 majus
1025 2964 1163 3012 potuit,
1191 2972 1294 3012 quam
1318 2958 1458 3007 hostium
1484 2956 1688 3010 discordiam.
1745 2956 1865 2997 Nulla
1890 2968 2011 3007 pecu-

204 3018 267 3056 nia
294 3019 442 3058 locatur
464 3019 619 3069 utiliu3‚
643 3031 773 3072 neque
799 3021 937 3061 minori
961 3031 1051 3061 cum
1086 3020 1270 3074 sanguinis
1292 3017 1539 3072 profu-sione,
1567 3028 1632 3058 aut
1666 3018 1862 3071 periculo,
1890 3026 2007 3067 quam

1920 3086 2008 3125 quae

300 3181 317 3220 (
320 3179 358 3222 a)
383 3177 420 3213 Si
432 3178 550 3215 amnis
566 3179 647 3213 Nar
661 3177 684 3225 ζ
691 3175 733 3214 id
754 3179 848 3215 enim
889 3173 1093 3222 arabatur)
1115 3177 1154 3213 in
1168 3177 1267 3213 rivos
1286 3173 1450 3212 didub't'us
1463 3168 1808 3229 staperstagnaviffbr.
1834 3170 1921 3230 T.³c'
1945 3169 2008 3229 lily.

210 3236 243 3262 1.
265 3229 397 3266 Annal.
453 3229 519 3278 (b)
546 3230 653 3280 Qin
681 3227 789 3281 ipsitm
817 3186 952 3267 Ἱΐίζνίη
981 3229 1064 3266 nolle
1091 3226 1228 3280 prorsirs
1247 3226 1369 3264 accolis
1393 3224 1517 3273 fluviis
1537 3222 1716 3265 orbatum,
1742 3235 1869 3260 mmort
1886 3220 2008 3276 glorta

195 3276 323 3330 flucre.
350 3281 442 3318 Ibid.
496 3283 556 3327 (c)
581 3280 770 3319 Prudentis
796 3281 855 3328 effi’
884 3284 992 3319 Ducis
1013 3283 1109 3318 inter
1129 3278 1235 3332 hostes
1254 3278 1422 3325 distordiae
1449 3276 1569 3323 causits
1581 3274 1711 3321 ftrere.
1739 3276 1872 3326 Veget.
1938 3273 2009 3326 (d)

207 3330 345 3371 Livius.
399 3335 469 3384 (e)
493 3335 584 3372 Mar.
601 3330 692 3372 Hist.
713 3330 811 3386 Hisp.
830 3334 892 3373 lib.
915 3347 977 3381 25.
994 3346 1027 3372 c.
1047 3346 1083 3382 4.
1137 3330 1202 3382 (f)
1226 3334 1312 3371 Tac.
1335 3333 1381 3370 de
1403 3342 1507 3370 more
1521 3329 1647 3369 Germ.
