2132 3730
497 225 1471 274 SYMBOLAPOLJTICA.
1801 249 1880 289 143

85 289 1885 310 *mmm—m—

85 315 267 360 retineret,
294 310 332 349 &
351 310 417 360 qui
433 308 545 349 antea
570 310 806 350 suorummet
834 308 1001 350 filiorum
1026 314 1307 354 aemulationem
1334 314 1435 355 ferre
1457 328 1538 356 non
1564 315 1752 368 sustinuit,
1782 319 1889 360 hunc

83 367 452 422 tamen'despeetum
469 370 663 426 toleravit.
721 368 821 410 Non
841 370 1062 423 ignorabat,
1091 374 1223 425 quanti
1239 374 1400 424 periculi
1425 374 1518 416 effer
1543 376 1731 428 ejusmodi
1752 378 1890 418 inobe-

82 428 305 479 dientia‚‘fi·
324 428 430 469 foret
445 431 653 482 impunita3
683 441 820 471 verum
844 430 872 470 si
895 430 932 470 se
955 431 1007 470 illi
1040 434 1282 484 opponeret‘,
1313 433 1391 486 (a)
1419 437 1607 487 refflttabat
1627 437 1798 489 publicum
1817 437 1887 489 fibi

80 493 205 540 odium,
234 488 422 530 'extremam
443 497 600 540 aetatem,
623 491 796 545 magisque
806 487 938 542 fama,
974 491 1077 545 qudm
1095 494 1137 532 vi
1148 490 1254 546 stare
1274 505 1332 532 res
1349 490 1448 544 sicas.
1510 495 1717 547 Perparum
1747 498 1892 538 subditi>

79 548 292 594 fortitudini
322 548 509 589 deberent
539 548 748 602 Principis,
779 550 885 603 cujus
909 558 1006 590 nutu
1026 551 1309 604 gubernantur,
1341 553 1368 592 si
1400 554 1438 592 in
1456 553 1612 595 adversa
1635 556 1803 598 Fortuna
1819 570 1888 598 ne-

77 609 229 651 ceffitati
254 608 357 649 illico
374 607 554 657 cederet3
585 621 721 662 parum
738 611 830 652 item
849 609 1061 664 prudentiae
1078 640 1092 660 ,
1122 610 1151 651 si
1172 610 1262 651 cum
1285 612 1347 651 illa
1367 611 1534 665 superari
1558 627 1745 667 nequeat,
1775 619 1810 658 ei
1830 627 1885 658 ta-

76 669 215 712 mense
241 677 476 722 opponeret.
537 668 819 711 Fortitudinem
843 669 992 711 solertia
1010 669 1049 710 &
1075 671 1253 723 sagacitas
1270 672 1461 712 moderari
1486 673 1616 714 debet.
1679 676 1800 729 Quod
1817 690 1887 730 per

75 732 175 771 vires
190 741 270 769 non
294 731 386 770 licet
398 759 410 777 ,
441 729 563 775 ars&
588 728 766 770 industria
784 731 959 771 efficiant.
1019 728 1119 770 Non
1138 732 1264 771 minor
1282 733 1400 786 gloria
1419 731 1475 772 est
1493 735 1640 773 evitare
1661 738 1890 788 periculum,

73 789 187 842 quam
206 789 300 829 iliud
323 791 494 830 vincere.
554 788 705 844 Fugere
725 790 838 840 illud,
865 790 1014 842 semper
1030 790 1184 843 ignavia
1199 789 1265 831 est.
1323 790 1542 843 Expettare
1563 793 1682 844 vero,
1702 806 1767 835 aut
1784 798 1892 849 igno-

73 851 194 892 rantia
223 849 298 898 est,
329 859 395 889 aut
409 851 557 890 timoris
574 849 774 898 confusio;
802 849 1002 902 desperare
1022 849 1183 891 omninb
1203 851 1401 892 vecordia.
1461 851 1535 905 (b)
1565 853 1687 894 Fortes
1716 853 1769 899 &⁹
1793 855 1890 910 stre-

72 913 133 953 nui
152 911 231 951 viri
245 912 347 951 etiam
362 917 483 950 contra
495 907 683 962 fortunam
702 908 869 966 irfistunt.
926 908 992 949 Ad
1016 910 1184 951 officium
1202 920 1267 951 aut
1286 911 1402 952 finem
1418 911 1602 965 Principis
1621 913 1779 954 minime
1803 928 1890 967 per--

70 972 168 1011 tinet
185 970 236 1010 de
253 969 436 1010 fluCtibus
458 969 562 1021 apud
589 970 887 1022 Rempublicam
913 970 1054 1009 leviter
1089 973 1301 1022 conqueri3
1333 971 1396 1012 sed
1424 970 1525 1013 illam
1556 975 1595 1013 in
1619 984 1776 1026 portum
1797 987 1892 1015 con-2

70 1031 315 1079 servationis,
345 1029 551 1081 salutisque
569 1029 775 1070 deducere.
834 1027 962 1070 Fortis
977 1029 1157 1082 sapientia
1176 1029 1237 1071 illa
1259 1033 1459 1082 censetur,
1491 1045 1576 1085 quae
1591 1045 1640 1073 ex
1659 1034 1807 1075 casibus
1825 1033 1892 1074 ad-

67 1091 187 1131 versis
207 1089 442 1131 beneficium
467 1090 592 1138 elicit;
620 1089 683 1130 illa
705 1092 822 1140 item,
851 1101 938 1142 quae
958 1089 1095 1130 contra
1118 1090 1281 1132 nitendo
1303 1091 1399 1133 fines
1419 1093 1506 1132 suos
1537 1092 1740 1146 assequitur
1765 1095 1892 1136 citius.

71 1149 139 1208 (c)
172 1151 285 1204 Reges
306 1150 450 1190 Domini
465 1162 610 1200 rerum,
638 1157 890 1204 temporumque
907 1151 1055 1191 trahunt
1084 1150 1223 1204 consiliis
1253 1153 1400 1201 cuma,
1427 1150 1708 1207 nonfi‘quuntur.
1766 1153 1891 1195 Nulla

69 1211 125 1251 est
142 1210 291 1250 aedificii
306 1211 431 1257 ruina,
464 1214 549 1260 quae
581 1209 804 1263 fragmentis
830 1209 903 1249 suis
937 1211 1114 1262 aliisque,
1145 1223 1230 1263 quae
1268 1211 1448 1252 industria
1479 1213 1575 1253 solet
1589 1214 1775 1265 adjicere,
1810 1226 1894 1255 non

68 1270 115 1310 ad
130 1271 314 1322 majorem
333 1269 518 1309 fabricam
543 1269 656 1320 possit
675 1268 874 1321 affurgere.
934 1269 1028 1309 Nec
1045 1272 1144 1310 ullus
1173 1270 1303 1312 Status
1331 1274 1384 1313 ita
1415 1272 1464 1312 ab
1494 1275 1601 1313 omni
1624 1272 1796 1314 Fortuna
1828 1274 1899 1314 de-

66 1330 210 1380 sertuS‚
241 1335 358 1381 quem
378 1328 607 1368 conservare
631 1328 670 1368 ὅτ.
693 1330 839 1380 erigere
861 1337 1032 1380 nequeat
1054 1328 1282 1380 Fortitud0,
1314 1331 1342 1372 fi
1364 1331 1611 1373 Prudentiam
1636 1333 1747 1386 super
1772 1344 1895 1374 even·

68 1391 172 1432 tibus
207 1392 329 1430 vocet
349 1391 386 1428 in
397 1387 620 1438 consilium,
650 1389 774 1439 iisque
799 1386 907 1428 reete
932 1389 989 1428 uti
1021 1392 1203 1439 noverit,
1234 1399 1300 1430 aut
1321 1390 1429 1431 certe
1446 1403 1517 1431 eos
1546 1395 1586 1432 in
1607 1392 1715 1433 suum
1736 1402 1892 1433 vertere

65 1449 331 1491 commodum.
391 1448 521 1488 Partiri
544 1449 643 1488 inter
658 1448 695 1488 se
712 1447 865 1488 fuerant
888 1448 1067 1501 Regnum
1086 1447 1397 1503 Neapolitanum
1419 1451 1510 1491 Rex
1530 1450 1795 1493 Ferdinandus
1814 1452 1894 1507 (d)

69 1511 317 1558 Catholicus,
344 1508 382 1549 &
409 1509 499 1548 Rex
521 1507 552 1548 F
554 1509 690 1549 ranciae
723 1507 954 1548 Ludovicus
977 1508 1276 1559 Duodecimus,·
1305 1523 1474 1563 cumque
1505 1512 1636 1563 probe
1660 1511 1893 1565 intelligeret

66 1570 235 1623 Magnus
261 1569 357 1610 Dux
377 1571 415 1609 in
434 1567 602 1608 Coronae
627 1570 773 1609 circulo
793 1581 874 1608 non
895 1568 964 1608 nisi
987 1581 1107 1609 unum
1144 1579 1321 1611 centrum
1347 1570 1425 1611 eise
1447 1570 1577 1623 poss‘e,
1606 1583 1736 1624 neque
1768 1573 1894 1625 Impe-

65 1632 165 1672 rium
186 1630 386 1670 admittere
405 1629 552 1678 socios,
582 1641 665 1669 eam
684 1639 833 1681 partem
850 1640 936 1679 quae
961 1627 1010 1668 ad
1029 1629 1180 1681 Regem
1195 1629 1303 1669 suum
1324 1631 1572 1682 pertinebat,
1600 1643 1696 1672 mox
1721 1634 1894 1684 acquire-

66 1702 110 1731 re
130 1689 296 1739 studuit,
325 1699 369 1728 ut
404 1688 568 1728 subortis
593 1687 727 1739 postea
745 1686 977 1727 offensarum
1009 1687 1317 1737 difficultatibus,
1349 1701 1443 1741 quas
1470 1689 1630 1730 videbat
1655 1690 1762 1731 forte
1790 1693 1890 1732 iuter

66 1751 201 1790 ambos
223 1751 307 1789 illos
322 1749 471 1800 Reges,
501 1747 611 1787 tanto
634 1746 727 1787 esset
763 1747 1009 1799 expeditior,
1038 1748 1161 1798 iisque
1191 1746 1333 1788 deinde
1366 1749 1423 1788 uti
1459 1748 1611 1801 poss'et,
1641 1749 1691 1790 ad
1720 1752 1761 1791 vi
1789 1751 1893 1803 ejici·

66 1810 210 1851 endum
228 1808 321 1864 (uti
343 1807 462 1860 reipsa
478 1806 648 1860 accidit)
669 1807 692 1846 ὲ
713 1806 831 1846 divisa
850 1807 927 1857 jam
947 1815 1058 1857 parte
1074 1806 1197 1858 ipsum
1224 1809 1374 1860 Regem
1394 1807 1540 1848 Galliae.

220 1869 259 1921 ᾗ.
289 1867 361 1907 Vis
384 1868 507 1917 aliqua
529 1865 624 1905 inest
638 1868 676 1905 in
692 1865 861 1911 casibus,
892 1877 966 1903 nos
993 1874 1123 1904 tamen
1148 1867 1221 1905 hos
1235 1877 1301 1905 aut
1320 1867 1483 1918 majores
1499 1867 1660 1908 facimus
1678 1877 1745 1909 aut
1766 1872 1890 1914 minet

9 1919 10 1922 ¹
63 1941 149 1978 res,
178 1941 252 1982 pro
281 1939 331 1966 eo
352 1938 395 1964 ac
420 1927 459 1963 in
484 1926 528 1964 iis
552 1936 625 1963 nos
650 1926 826 1977 gerimus.
889 1920 1106 1975 ignorantia
1127 1924 1255 1965 nostra
1292 1924 1514 1976 Deitatem‚
1545 1926 1586 1966 &
1613 1929 1691 1968 vim
1718 1927 1888 1971 fortunae

2 1975 5 1988 ⁵
65 1990 225 2035 tribuit,
253 1988 342 2038 quia
364 1985 475 2024 variis
501 1983 580 2034 ejus
605 1984 883 2023 mutationibus
912 1984 1050 2023 leviter
1074 1995 1148 2024 nos
1182 1984 1337 2024 sinimus
1367 1987 1503 2039 abripi.
1565 1985 1605 2026 Si
1637 1990 1791 2040 quoties
1824 1993 1887 2031 illa

65 2059 286 2100 temporum
304 2054 427 2085 mutat
448 2046 555 2084 vices
570 2074 581 2092 ‚
610 2055 684 2084 nos
705 2055 834 2083 mores
868 2052 1102 2083 mutaremus
1118 2074 1131 2094 ,
1163 2043 1202 2084 δι
1223 2045 1369 2094 media,
1399 2058 1642 2099 nequaquam
1670 2057 1749 2089 tam
1778 2048 1885 2091 foret

64 2119 227 2163 potens,
256 2117 384 2157 neque
413 2116 485 2144 nos
504 2106 668 2155 imperio
691 2104 772 2155 ejus
798 2102 954 2154 subjecti
983 2112 1201 2156 tantopere,
1260 2104 1438 2146 Vestium
1466 2106 1611 2146 formas
1637 2109 1885 2151 immutamus

62 2182 155 2209 cum
182 2178 379 2219 tempore,
410 2166 577 2205 animum
593 2173 721 2204 autem
746 2163 785 2203 &
809 2175 936 2204 mores
955 2165 1157 2205 immutare
1191 2166 1386 2210 nolumus.
1446 2166 1542 2219 Quo
1576 2167 1733 2208 demum
1759 2179 1884 2211 vento

65 2230 210 2283 peritus
226 2237 340 2267 nauta
365 2238 436 2278 pro
461 2225 524 2265 sua
543 2226 787 2276 navigatione
806 2236 886 2264 non
904 2224 1050 2264 utitur?
1080 2235 1123 2264 ut
1156 2226 1218 2265 ille
1239 2227 1380 2274 variat,
1410 2228 1462 2266 ita
1479 2227 1542 2266 hic
1554 2226 1619 2267 sua
1637 2229 1745 2276 ve1a3
1766 2229 1883 2269 adeo·

67 2300 142 2341 que
164 2289 291 2328 omnia
312 2286 358 2326 ad
376 2285 619 2338 propositum
639 2285 690 2324 illi
709 2283 825 2324 finem
856 2284 1082 2324 conducunt
1106 2285 1144 2324 &
1164 2285 1397 2329 deserviunt.
1456 2285 1624 2326 Habitus
1645 2299 1789 2339 pravos
1799 2289 1883 2330 Na-

64 2358 158 2388 turae
181 2347 317 2389 nostrae
335 2358 477 2386 exuere
496 2347 696 2394 nolumus,
727 2347 816 2397 quia
842 2353 907 2385 aut
934 2357 1041 2385 amor
1070 2347 1248 2398 proprius
1274 2346 1313 2386 id
1338 2354 1467 2396 vetat,
1498 2357 1563 2387 aut
1590 2359 1671 2387 non
1700 2347 1786 2388 finit
1814 2351 1884 2390 im.

67 2407 291 2462 prudentia,
322 2406 358 2447 &
381 2404 515 2458 postea
538 2405 642 2444 casus
668 2405 892 2451 incusamus.
952 2403 1059 2446 Ante
1079 2404 1267 2460 desperati
1295 2406 1648 2457 cadimusanimis,
1679 2420 1794 2460 quam
1821 2422 1882 2449 re-

65 2469 138 2508 bus
155 2465 298 2507 afflictis
324 2477 535 2518 quaeramus
556 2464 790 2515 remedium,
821 2466 860 2506 &
884 2468 1099 2518 pertinaces
1122 2477 1187 2507 aut
1208 2467 1352 2507 incauti
1374 2464 1395 2506 a
1421 2465 1686 2522 desperatione
1703 2481 1774 2508 nos
1792 2469 1879 2511 fini-

68 2539 154 2569 mus
172 2527 352 2579 opprimi.
410 2525 616 2566 Nescimus
644 2527 687 2565 in
711 2527 886 2566 aerumnis
903 2526 1136 2578 superbiam,
1167 2528 1284 2577 iram,
1324 2528 1476 2567 inanem
1510 2525 1694 2581 gloriam,
1724 2527 1881 2570 maledi-

66 2587 230 2627 centiam
245 2615 259 2636 ,
290 2587 436 2638 aliaque
453 2587 546 2626 vitia
559 2585 775 2638 deponere,
806 2599 891 2638 quae
905 2587 1136 2640 prosperitas
1152 2589 1191 2627 in
1207 2588 1321 2627 nobis
1347 2588 1460 2634 aluit3
1490 2599 1565 2627 nec
1579 2599 1624 2628 ea
1637 2586 1750 2628 facile
1758 2601 1876 2642 agno-

60 2642 228 2695 scimus,
260 2658 344 2697 quae
366 2647 405 2686 in
429 2644 568 2686 statum
584 2645 688 2685 illurn
707 2657 785 2687 tam
811 2646 1005 2688 infelicem
1023 2658 1097 2688 nos
1121 2647 1373 2688 detruserunt.
1436 2645 1555 2687 Omni
1577 2659 1805 2699 momento,
1837 2651 1879 2702 in

65 2709 172 2748 omni
193 2706 374 2758 negotio,
405 2718 494 2746 cum
514 2718 746 2758 quocunque
775 2707 1015 2748 subditorum
1045 2709 1166 2761 egerit
1190 2706 1393 2760 Princeps,
1424 2704 1446 2746 ὲ
1476 2707 1596 2760 seipso
1626 2708 1780 2749 differre
1800 2709 1881 2749 de-

63 2768 152 2812 bet.
179 2767 218 2807 &
244 2774 416 2805 naturam
438 2767 648 2807 immutare.
708 2766 855 2820 Neque
878 2779 922 2807 ea
941 2768 980 2808 in
998 2779 1040 2808 re
1067 2778 1204 2821 magna
1228 2767 1384 2808 scientia
1414 2779 1514 2820 opus
1549 2767 1630 2810 est:
1662 2768 1727 2809 sed
1755 2769 1878 2813 soliim

64 2827 311 2879 dispositione
338 2826 479 2877 aliqua,
509 2835 552 2865 ut
578 2826 616 2867 se
644 2826 790 2869 casibus
813 2826 1106 2878 accommodet,
1137 2827 1176 2868 δι
1199 2827 1426 2880 prudentia,
1457 2840 1542 2880 quae
1577 2840 1647 2869 eos
1677 2827 1766 2870 ante
1787 2842 1878 2883 pro-

66 2888 88 2928 s
109 2889 210 2928 icere
238 2887 406 2926 noverit.

80 2901 105 2941 p
238 2945 274 2999 §.
305 2945 377 2986 Uti
399 2954 528 2986 autem
546 2947 585 2986 in
599 2944 766 2987 Fortuna
788 2946 1024 3001 improspera
1049 2945 1287 3000 naufragium
1307 2945 1491 2996 facimus,
1515 2945 1566 2988 eb
1585 2945 1692 3000 quod
1717 2945 1875 2987 affectu-

66 3017 131 3046 um
146 3006 184 3047 ὅ(
196 3007 406 3059 passionum
425 3007 512 3046 vela
533 3006 760 3047 contrahere
778 3008 1011 3057 nesciamus,
1042 3007 1080 3048 &
1100 3008 1152 3048 illi
1170 3006 1219 3047 ad
1248 3017 1402 3060 tempus
1417 3007 1578 3055 cedere;
1609 3010 1659 3048 ita
1673 3009 1785 3047 etiam
1803 3018 1875 3046 no-

69 3066 126 3104 bis
141 3067 228 3118 ipfis
251 3066 289 3107 &
312 3065 550 3119 Principibus
571 3067 730 3106 exitium
760 3067 1009 3114 accersimus,
1038 3067 1129 3108 dum
1156 3067 1441 3121 imprudentes,
1471 3067 1510 3108 δε
1533 3067 1709 3108 obstinati
1729 3066 1872 3107 horum

69 3126 297 3176 commoda,
329 3125 511 3177 affectus,
539 3127 800 3180 pastionesque
830 3128 1049 3169 commodis
1064 3127 1219 3178 nostris,
1248 3127 1453 3181 nostraque
1483 3139 1615 3169 natura
1648 3127 1773 3166 metiri
1800 3137 1874 3166 vo-

920 3187 965 3229 N
982 3201 1009 3229 n
1042 3201 1065 3229 2
1816 3187 1873 3227 lu-

174 3265 234 3309 (a)
257 3266 373 3307 Tacit.
389 3267 451 3305 lib.
469 3272 502 3305 6.
526 3269 657 3305 Annal.
712 3252 900 3314 <b5‘ffiem
920 3269 983 3307 lib.
999 3283 1036 3308 2.
1054 3249 1872 3319 Risi-mm

0 3329 7 3379 χ’
72 3316 133 3359 lib.
152 3327 214 3362 27.
237 3328 314 3367 cap.
328 3331 365 3364 9.
