2132 3730
245 250 332 289 242
676 227 1031 273 ‘DJDACJ
1081 230 1617 273 SAAVEDRAE.

244 319 496 373 viresferant,
526 315 712 369 impendere
736 322 916 366 neqzaezmt.
973 314 1024 355 Et
1038 310 1167 353 Status
1183 315 1336 366 alicujus
1353 314 1580 367 gubernatio
1605 317 1732 356 multis
1754 316 1898 369 indiget
1922 317 2011 356 viris
2032 349 2048 368 ‚

2118 0 2132 101 ''u‘7

244 392 283 422 at
307 391 383 421 tam
402 376 580 419 modestis
599 405 612 424 ,
643 376 679 414 δε
699 374 745 414 ab
772 375 876 414 omni
896 374 1105 429 arrogantia
1127 372 1254 413 alienis
1270 404 1282 424 ,
1311 384 1355 414 ut
1373 386 1422 415 ex
1437 375 1503 424 iis,
1533 387 1617 427 quae
1634 374 1770 416 statuta
1799 376 1943 417 fuerint
1959 405 1971 425 ,
1994 378 2050 416 ni-
2118 402 2120 408 ,

244 442 298 482 hil
323 443 388 482 suo
412 438 577 478 tribuant
599 434 784 483 consilio,
827 436 890 476 sed
909 436 1021 476 solius
1045 433 1250 486 Pnincipis.
1307 434 1471 475 Laboris
1494 435 1584 475 socii
1605 435 1698 486 fint,
1727 449 1807 476 non
1832 437 2018 491 potentia:
2035 468 2048 488 ‚

243 500 428 546 Ministri,
458 509 538 537 non
556 496 709 548 Imperii
730 496 938 537 consortes.
1002 496 1131 536 Sciant
1155 497 1372 547 Principem
1398 497 1542 547 absque
1568 498 1612 535 iis
1638 498 1826 549 imperare
1855 495 1983 549 poss‘e‚
2012 497 2051 538 se
2118 493 2120 541 ἶ

244 561 340 602 vero
367 561 513 608 absque
526 559 591 598 illo
621 556 789 598 minime.
848 557 930 597 Ubi
959 555 1201 609 Majestatem
1236 556 1339 597 suam
1375 559 1667 609 potentiamque
1690 570 1871 598 exercere
1903 561 2050 610 poterit
2118 549 2120 566 ³

243 622 322 662 fine
343 621 427 673 opis
445 620 596 659 alterius
627 618 880 667 adminiculo,
910 619 946 659 se
968 619 1048 658 solo
1071 619 1109 659 id
1139 627 1236 672 agat.
1297 619 1339 659 In
1363 618 1560 671 AEgypt0‚
1584 619 1650 658 ubi
1667 620 1856 660 efficacior
1872 619 1928 660 est
1945 621 2048 659 calo·
2116 618 2118 653 ἑ

240 682 291 722 ris
311 682 393 732 vis,
424 678 563 722 eoelum
589 681 761 722 animalia
773 678 948 734 perfecta
969 681 1115 733 absque
1147 679 1301 721 alterius
1333 681 1519 721 concursu
1553 689 1745 734 procreat.
1806 679 1846 721 Si
1868 680 2051 733 Princeps
2116 684 2132 742 γ’

1220 1674 1276 1715 llllllll

662 1498 679 1545 Ϊξ
786 1504 787 1507 ’

661 1556 683 1599 ¹}
796 1559 816 1603 χχχ

671 1617 787 1667 '1354ng
829 1629 840 1653 ‘x
870 1622 886 1636 ζ’.-
1018 1638 1038 1652 ὲ

916 1673 1020 1718 llllllllllll

752 1797 821 1829 ‚lt—«⁶¹²²

240 2132 371 2173 omnia
390 2141 478 2170 cum
500 2131 580 2170 aliis
600 2127 798 2178 conferat,
830 2126 1076 2168 Consulrator
1092 2129 1163 2168 erit
1182 2128 1311 2180 potius
1323 2156 1336 2176 ,
1357 2123 1470 2178 quam
1489 2122 1684 2178 Princeps.
1755 2124 1859 2167 Perit
1877 2124 2054 2179 Principa

240 2190 304 2232 tus
327 2194 411 2241 vis,
439 2189 508 2230 nifi
527 2201 650 2229 rerum
670 2189 812 2228 summa
836 2188 884 2228 ad
905 2200 1023 2227 unum
1048 2187 1122 2242 (a)
1150 2197 1369 2227 revocetur.
1428 2185 1662 2228 Monarchia
1693 2183 1714 2225 ὲ.
1739 2188 1888 2227 coeteris
1913 2188 2052 2240 guber·

241 2252 357 2293 nandi
374 2251 584 2290 rationibus
607 2251 645 2289 in
674 2261 724 2289 eo
741 2247 995 2301 distinguitur,
1027 2247 1134 2298 quod
1164 2259 1262 2287 unus
1295 2247 1395 2286 solus
1423 2247 1606 2298 imperet,
1638 2245 1821 2288 obediant
1847 2248 1928 2297 alii,
1956 2247 1994 2287 &
2021 2244 2051 2285 fi

240 2311 451 2365 permiserit
466 2310 668 2362 Princeps,
700 2317 744 2348 ut
772 2310 901 2361 plures
925 2309 1171 2360 praecipiant,
1201 2318 1281 2346 non
1313 2306 1544 2345 Monarchia
1568 2308 1660 2358 erit,
1692 2305 1756 2344 sed
1788 2305 2048 2346 Aristocratia.

240 2371 324 2411 Ubi
352 2373 541 2421 imperant
562 2368 693 2417 multi,
722 2380 839 2408 nemo
858 2370 1030 2420 imperat.
1094 2367 1256 2419 Spiritus
1282 2363 1427 2405 sanetus
1455 2378 1578 2418 poenae
1601 2367 1640 2408 &
1669 2363 1921 2418 castigationis
1958 2367 2051 2405 loco

239 2432 279 2472 id
300 2429 368 2486 (b)
400 2431 538 2479 habet,
567 2429 605 2469 &
626 2427 759 2468 contra
773 2427 1086 2468 benedictionem
1102 2428 1390 2478 interpretatur,
1422 2426 1448 2466 fi
1478 2437 1598 2478 penes
1630 2437 1747 2466 unum
1777 2427 1897 2465 solum
1929 2426 2053 2477 irnpe-

241 2493 338 2531 rium
363 2489 432 2545 (c)
461 2490 519 2534 fit.
579 2488 702 2543 Quod
720 2487 746 2528 ss
765 2485 930 2528 Ministri
950 2487 1165 2538 Principem
1200 2496 1275 2526 tam
1300 2487 1480 2537 ignavum
1502 2484 1580 2526 *effe
1615 2482 1974 2535 animadverterint,
2005 2493 2049 2524 ut

243 2553 336 2591 alios
361 2549 457 2591 sinat
474 2561 618 2601 regere,
648 2549 851 2588 maximam
868 2549 1015 2588 sibimet
1032 2546 1298 2587 auotoritatem
1322 2555 1508 2597 arrogant.
1571 2545 1752 2599 Augescit
1776 2546 1874 2585 inter
1900 2557 1968 2586 eos
1995 2544 2052 2584 su-

240 2611 373 2664 perbia
406 2610 444 2651 &
481 2610 685 2657 aemulatio.
745 2608 920 2661 Quilibet
951 2606 974 2647 e
1000 2608 1115 2659 pallio
1141 2607 1265 2659 Regio
1303 2605 1466 2645 detrahit
1495 2606 1656 2657 aliquid,
1687 2605 1864 2658 adeoque
1894 2606 2050 2658 penitus

242 2672 397 2712 tandem
419 2673 456 2710 in
475 2668 590 2710 frusta
608 2668 833 2709 distrahitur.
895 2668 1008 2708 Plebs
1030 2665 1188 2707 confusa
1204 2668 1302 2706 inter
1319 2674 1379 2705 tot
1397 2661 1593 2705 Dominos
1618 2678 1753 2707 verum
1775 2677 1818 2705 ac
1833 2667 2047 2718 legitimum

242 2729 404 2782 amplius
427 2742 507 2770 non
526 2729 714 2782 agnoscit,
746 2728 782 2768 &
802 2729 1119 2782 gubernationem
1142 2736 1391 2766 contemnere
1408 2727 1559 2778 incipit:
1587 2726 1680 2766 nihil
1711 2726 1811 2767 enim
1836 2724 1942 2766 reete
1969 2726 2050 2777 geri

240 2789 453 2835 existimat,
483 2789 550 2829 nisi
575 2789 681 2841 quod
702 2788 920 2842 aPrincipis
939 2788 990 2828 sui
1012 2797 1141 2828 mente
1166 2784 1356 2838 proficisci
1384 2781 1532 2834 credit,
1562 2786 1665 2826 unde
1691 2786 1728 2826 &
1765 2787 1805 2825 vi
1835 2784 2049 2826 remedium

240 2860 359 2904 parat.
420 2848 608 2900 Exempla
628 2848 776 2888 funesta
794 2849 874 2901 ejus
909 2850 963 2888 rei
989 2845 1328 2901 apudssHistoricos
1350 2845 1483 2885 videre
1507 2847 1596 2885 licet
1626 2847 1665 2886 in
1692 2845 1881 2887 amiffione
1901 2844 2050 2895 Regni,

241 2909 317 2964 (d)
349 2908 386 2948 &
409 2918 535 2948 morte
563 2908 703 2948 Garfiae
731 2908 907 2950 Galaeciae
937 2909 1076 2961 Regis,
1109 2908 1172 2958 qui
1192 2917 1241 2945 ne
1266 2905 1431 2945 indicem
1454 2905 1608 2956 quidem
1632 2918 1744 2959 agere
1775 2905 1923 2952 voluit,
1954 2901 2051 2944 defi-

242 2967 394 3024 gnando
414 2968 699 3022 gubernationis
714 2979 866 3016 motus;
895 2968 960 3009 sed
982 2967 1030 3008 ad
1049 2979 1169 3008 unum
1188 2965 1375 3016 aliquem,
1404 2977 1521 3017 quem
1544 2977 1624 3017 prae
1647 2968 1725 3006 aliis
1753 2964 1907 3004 charum
1931 2964 2049 3005 habe-

1958 3025 2046 3074 bat,
2097 3069 2100 3074 ,

338 3149 355 3187 ζ
359 3145 396 3189 a)
422 3148 522 3182 Neve
547 3141 700 3180 Tiberius
722 3144 802 3180 vim
812 3147 1035 3197 Principatus
1056 3145 1257 3192 refilveret,
1281 3148 1410 3184 cunila
1429 3146 1481 3185 ad
1496 3153 1662 3184 Senatum
1683 3145 1853 3187 vocando,
1879 3158 1959 3183 eam
1974 3155 2048 3179 con·
2096 3143 2099 3156 ³

243 3195 410 3234 ditionem
425 3195 484 3244 ‘ff’
499 3195 711 3249 imperandi,
736 3206 778 3231 ut
796 3210 862 3233 non
885 3200 994 3235 aliter
1017 3199 1113 3235 ratio
1138 3197 1280 3249 constet,
1304 3199 1455 3253 quamsi
1471 3201 1536 3237 uni
1562 3197 1745 3236 reddatur.
1776 3199 1892 3237 Tacit.
1920 3197 1982 3237 lib.
2008 3206 2042 3231 1·
2095 3232 2098 3238 .

243 3250 371 3287 Annal.
422 3251 484 3298 (b)
509 3254 648 3301 Propter
656 3257 802 3300 peccata
817 3259 916 3286 terrae
931 3251 1039 3288 multi
1053 3252 1225 3303 Principes
1247 3253 1329 3299 (jus.
1356 3254 1466 3289 Prov.
1490 3259 1552 3293 28.
1583 3265 1619 3288 2.
1671 3251 1730 3298 (c)
1755 3245 2049 3298 Etsttstitabofu-
2095 3278 2097 3283 .

235 3311 373 3356 pereas
386 3299 558 3354 Pastorem
574 3316 681 3340 unum
701 3303 761 3355 qui
774 3303 899 3356 pastat
925 3317 995 3342 eas.
1022 3305 1149 3341 Ezech«.
1173 3316 1229 3351 34.
1248 3317 1310 3351 23.
1364 3305 1432 3353 (d)
1457 3306 1547 3342 Mar.
1558 3302 1648 3341 Hist.
1657 3302 1756 3355 Hisp
1778 3317 1854 3355 cap.
1875 3311 1907 3348 8.
1924 3305 1988 3345 lib.
2001 3310 2042 3346 9·
2095 3301 2098 3305 ’
