2132 3730
477 236 1456 284 SYMBOLAPOLITJCA.
1788 258 1869 299 341

86 300 1871 318 *ῄξ-Ή--Ἥ

11 356 13 358 ,
72 321 180 372 quod
196 322 260 360 uni
280 320 388 357 alicui
405 320 675 360 dominationis
704 324 834 373 generi
850 324 1062 375 parendum
1078 325 1144 367 sit:
1175 336 1368 376 nunquam
1397 328 1499 366 enim
1528 325 1680 366 libertas
1696 329 1782 379 plus
1807 341 1873 380 pa-

11 393 15 417 l

0 3310 6 3370 l

0 3381 3 3396 l

0 3401 1 3419 l

0 3422 4 3431 u

72 382 164 420 titur
181 379 417 427 detrimenti,
449 390 562 429 quam
588 381 626 419 in
643 380 832 431 ejusmodi
861 385 1148 424 mutationibus.
1211 384 1434 438 Cogitamus
1464 385 1657 426 interdum
1688 386 1874 439 guberna·

13 477 17 487 ,
69 441 216 479 tionem
235 438 385 477 efficere
409 440 609 478 meliorem
631 440 725 479 &in
747 443 855 482 aliam
870 443 1043 495 pejorem
1066 443 1288 491 incidimus3
1319 447 1374 485 uti
1403 446 1446 485 iis
1467 445 1629 494 accidit,
1660 448 1726 497 qui
1757 446 1875 487 Tibe-

69 500 128 539 rio
149 499 187 537 ὅτ
213 497 307 548 Cajo
337 496 492 537 suerunt
521 496 611 553 (a)
636 499 869 553 superstites:
899 503 938 543 δι
956 505 1046 544 licet
1072 502 1177 544 forte
1206 506 1319 545 etiam
1347 504 1571 545 redderetur
1595 507 1756 556 melior,
1790 508 1877 547 lon-

68 556 118 611 ge
143 567 269 597 tamen
294 559 466 610 graviora
490 558 576 598 sunt
609 558 764 610 damna,
795 574 880 614 quae
911 563 1105 604 tranfitum
1141 564 1247 605 illum
1281 565 1328 603 ab
1359 576 1438 604 uno
1463 564 1663 605 dominatu
1689 566 1738 606 ad
1758 567 1875 608 alium

14 631 20 662 ς
69 619 244 658 comitati
260 616 402 666 solent,
432 616 610 671 adeoque
627 620 739 661 satius
758 621 813 662 est
829 623 1053 674 praesentem
1074 625 1259 672 tolerare,
1287 624 1355 664 etii
1387 625 1537 676 iniquus
1568 624 1642 678 (b)
1673 628 1738 677 sit,
1767 626 1807 667 δε
1835 629 1875 668 in

13 700 17 732 ·i
67 676 161 718 Deo
180 676 402 727 confidere,
433 679 498 730 qui
523 679 552 718 fi
569 679 749 733 Princeps
773 681 819 722 fit
837 684 979 731 malus,
1010 685 1122 723 alium
1144 685 1320 735 largietur
1354 682 1431 737 (c)
1461 685 1674 725 meliorem.
1734 686 1799 727 Ad
1819 686 1876 727 di·

66 739 196 777 vinam
216 738 313 777 illius
332 737 616 790 providentiam
632 743 799 793 pertinet
821 741 908 782 dare
929 743 1087 795 Regna,
1115 742 1153 782 &
1182 743 1311 783 divina
1335 743 1415 794 ejus
1436 742 1591 783 decreta
1616 745 1874 796 improbaret,

68 797 417 849 quisquis'obedite
431 801 552 838 nollet
569 799 827 853 Principibus,
859 814 957 854 quos
983 803 1051 842 suo
1088 805 1178 842 loco
1204 804 1343 857 posuit,
1402 802 1546 855 Impius
1570 803 1660 844 Rex
1686 815 1768 844 erat
1791 805 1876 846 Na-

67 857 387 907 buchodonosor,
416 858 455 898 &
475 858 587 899 Deus
601 869 728 901 tamen
746 873 880 914 graves
896 874 1027 914 poenas
1054 864 1384 911 comminabatur,
1413 863 1441 903 si
1469 864 1553 915 quis
1579 865 1614 904 ei
1645 876 1779 916 parere
1795 864 1873 918 (d)

67 917 266 958 recusaret.
325 917 354 970 ζ
363 918 414 970 e)
445 918 860 975 Qiomodosterilitatem,
889 928 953 962 aut
965 924 1083 962 nimios
1114 923 1258 973 imbres,
1289 922 1340 968 &⁹
1361 931 1489 963 caetera
1519 929 1657 964 naturae
1679 925 1794 973 mala3
1821 928 1876 965 ita

67 977 199 1026 luxum,
228 979 440 1026 avaritiam,
471 990 536 1018 aut
556 980 649 1019 alios
669 980 909 1022 dominantium
932 980 1109 1021 defeetus
1136 983 1282 1023 tolerare
1308 983 1506 1023 debemus.
1571 982 1668 1025 Vitia
1692 992 1797 1024 erunt
1819 984 1876 1024 do-

65 1049 123 1075 nec
148 1038 303 1077 homines.
362 1037 460 1092 Quis
490 1039 707 1092 Principum
724 1041 860 1082 abillis
883 1042 1044 1082 omnino
1057 1043 1234 1083 immunis
1255 1045 1328 1084 erit
1347 1043 1366 1082 ἓ
1396 1040 1482 1099 (f)
1513 1042 1586 1083 Sed
1592 1057 1700 1097 neque
1713 1046 1785 1085 haec
1798 1057 1881 1091 conq

66 1098 184 1146 timia,
201 1096 252 1142 &⁹
264 1098 432 1138 meliorum
454 1101 658 1141 interventu
664 1097 869 1153 perdantur.

377 1251 951 1341 SYMBOL
1003 1277 1186 1343 ΗΜ
1278 1278 1563 1344 LXXIX.

66 1412 276 1551 NUlla
298 1462 426 1501 avium
452 1463 490 1501 in
511 1458 714 1502 formanda
736 1473 840 1502 voce
872 1465 1068 1505 articulata
1090 1466 1209 1521 magis
1232 1467 1430 1507 hominem
1457 1469 1645 1516 imitatur,
1676 1479 1721 1507 ac
1746 1465 1877 1507 Psitta-

213 1532 293 1563 cus,

240 1601 268 1664 <
283 1600 360 1669 g)
395 1601 448 1651 Si
465 1618 540 1651 me
557 1618 651 1651 non
670 1597 844 1653 videas
857 1638 872 1659 ,
899 1598 978 1670 effe
996 1603 1188 1671 negabis
1206 1621 1368 1655 avem.

67 1689 188 1729 Tanta
213 1690 291 1741 ejus
310 1688 363 1728 est
383 1689 553 1735 solertia,
584 1699 627 1728 ut
652 1688 795 1729 fuerint
814 1691 912 1730 inter
936 1689 1213 1742 philosophos,
1243 1695 1307 1744 qui
1335 1693 1578 1742 dubitarent,
1607 1705 1698 1733 num
1717 1695 1875 1734 rationis

67 1749 159 1790 esset
185 1751 387 1801 particeps.
448 1748 642 1789 Cardanus
659 1749 707 1788 de
723 1760 773 1788 eo
791 1749 844 1789 s1c
861 1750 1005 1790 scribit:
1035 1750 1109 1804 (h)
1140 1751 1240 1791 Inter
1261 1765 1350 1792 aves
1373 1755 1498 1805 ingenio
1508 1750 1764 1808 sagacitateque
1777 1762 1875 1805 prco-

54 1808 156 1864 stat,
170 1807 173 1809 ’
185 1809 278 1863 quod
295 1808 425 1861 grandi
432 1809 482 1862 fit
495 1811 621 1861 capite,
651 1816 756 1862 atque
772 1811 808 1849 in
829 1809 931 1850 India
959 1811 1034 1850 coelo
1039 1809 1170 1862 sincero
1189 1808 1370 1862 vastatur,
1400 1812 1487 1853 unde
1505 1813 1621 1853 didicit
1637 1811 1813 1864 nonfhlum
1829 1814 1873 1853 lo-

66 1873 144 1924 qui,
162 1866 229 1920 fied
255 1871 356 1909 etiam
379 1868 537 1909 meditari
571 1869 609 1908 ob
636 1867 784 1921 studium
811 1869 943 1922 gloria.
1002 1871 1100 1910 Avis
1128 1869 1183 1910 est
1207 1871 1416 1912 admodum
1448 1873 1591 1912 sincera
1616 1873 1653 1913 ὅτ.
1686 1872 1873 1921 candida,

68 1929 174 1981 quod
190 1941 414 1982 magnorum
431 1930 671 1980 ingeniorum
687 1927 743 1968 est
767 1931 981 1980 proprium.
1039 1930 1223 1970 Attamen
1253 1931 1396 1970 candor
1416 1931 1512 1971 illius
1533 1932 1660 1985 decipi
1677 1933 1714 1972 se
1731 1945 1810 1972 non
1830 1933 1876 1972 si-

66 1991 122 2029 nit
137 2019 149 2038 ,
179 1991 270 2039 quin
289 1990 419 2040 potius
437 1990 603 2038 tempori
621 1988 734 2027 dolos
749 1990 863 2028 novit
885 2000 1128 2030 antevertere
1150 2020 1161 2036 ,
1194 1988 1293 2030 adeo
1309 2000 1352 2030 ut
1368 1991 1577 2044 serpentis,
1614 1994 1783 2033 animalis
1805 1994 1875 2032 eti-

66 2061 128 2089 am
150 2047 349 2087 astutillirni
371 2049 410 2088 &
433 2047 599 2088 maxime
633 2047 832 2101 prudentis
854 2078 866 2097 ,
897 2049 1028 2089 illudat
1049 2060 1168 2088 artes:
1200 2062 1287 2090 nam
1308 2060 1351 2090 ut
1377 2052 1423 2090 ab
1451 2051 1590 2091 insidiis
1612 2050 1708 2094 illius
1741 2053 1875 2095 nidum

68 2109 173 2149 suum
194 2117 345 2147 tueatur
367 2139 377 2156 ,
410 2109 567 2147 mirabili
589 2109 788 2160 sagacitate
803 2120 893 2148 eum
910 2121 959 2149 ex
977 2111 1149 2149 altiffimis
1171 2111 1349 2150 arborum
1367 2113 1476 2150 ramis
1496 2111 1712 2163 suspendit3
1742 2124 1874 2163 quem·

69 2167 277 2208 admodum
313 2168 474 2219 praesens
503 2166 731 2216 Symbolum
752 2168 910 2207 exhibet
926 2199 938 2216 ,
968 2170 1022 2207 uti
1043 2169 1071 2207 fi
1087 2168 1189 2207 forte
1210 2181 1278 2221 per
1299 2171 1383 2209 illos
1410 2171 1562 2222 serpens
1587 2169 1742 2210 tentarit
1766 2171 1873 2211 adre-

67 2239 187 2282 pere‚
218 2226 265 2267 ad
284 2226 502 2277 enecandos
519 2228 646 2278 pullos
662 2255 674 2273 ‚
705 2226 854 2266 suomet
884 2227 1058 2279 pondere
1083 2227 1260 2268 deorsum
1291 2228 1455 2270 decidat.
1533 2229 1590 2270 Ita
1616 2231 1730 2270 decet
1754 2241 1875 2272 artem

69 2298 149 2327 arte
173 2317 186 2336 ‚
216 2287 415 2326 confilium
443 2286 602 2326 consilio
624 2285 792 2327 eludere.
854 2285 944 2340 Qua
964 2289 1002 2327 in
1027 2300 1069 2327 re
1086 2288 1248 2327 eximius
1266 2288 1483 2342 Principum
1505 2288 1689 2343 Magister
1703 2290 1776 2330 fuit
1789 2291 1877 2332 Rex

69 2346 331 2387 Ferdinandus
348 2346 572 2386 Catholicus
600 2349 657 2387 uti
680 2347 719 2386 in
739 2347 916 2387 omnibus
936 2348 1098 2387 consiliis
1116 2347 1188 2386 suis
1207 2348 1290 2388 satis
1310 2348 1477 2389 ostendit
1499 2380 1512 2398 ,
1544 2360 1625 2390 tum
1658 2350 1874 2402 praesertim,

70 2407 158 2446 cum
184 2406 416 2447 Germanam
442 2405 490 2446 de
509 2405 594 2445 Fox
609 2405 804 2446 Ludovici
821 2406 1059 2447 Duodecimi
1073 2406 1237 2447 Franciae
1257 2409 1374 2462 Regis
1390 2408 1434 2449 N
1437 2420 1567 2461 eptem
1577 2411 1615 2450 in
1628 2422 1792 2451 uxorem
1807 2409 1878 2450 du-

70 2468 128 2507 xit
149 2495 162 2515 ,
192 2465 240 2505 ad
259 2465 535 2507 dissolvendam
550 2467 734 2506 unionem
756 2466 792 2505 δε
811 2466 954 2507 foedera
971 2498 982 2517 ‚
1012 2480 1096 2519 quae
1117 2468 1182 2506 illo
1207 2469 1324 2508 inscio
1342 2499 1354 2517 ‚
1384 2469 1421 2509 δε
1445 2471 1482 2508 in
1497 2470 1576 2520 ejus
1611 2470 1873 2522 praeJ‘udicium

69 2526 241 2566 fecerant
271 2527 368 2565 inter
391 2527 428 2566 se
442 2525 641 2579 Hagenoae
661 2526 872 2577 Imperator
889 2558 900 2577 ,
933 2527 970 2566 &
984 2528 1072 2566 Rex
1096 2526 1293 2580 Philippus
1315 2529 1459 2569 Primus
1472 2530 1556 2568 suus
1579 2529 1721 2572 Gener.
1782 2529 1875 2570 Nec

70 2587 209 2628 minori
231 2598 318 2625 cum
342 2587 539 2639 sagacitate
555 2587 640 2627 usus
662 2586 735 2626 fuit
759 2588 961 2628 occasione
984 2583 1044 2626 illa
1064 2617 1075 2634 ‚
1107 2599 1220 2638 quam
1241 2591 1275 2627 ei
1304 2588 1493 2627 offerebat
1523 2588 1751 2629 desiderium
1777 2589 1873 2640 ejus-

71 2645 158 2686 dem
173 2645 290 2698 Regis
305 2644 470 2686 Franciae
492 2677 504 2695 ‚
533 2647 722 2698 cupientis
743 2656 832 2687 cum
857 2660 905 2688 eo
924 2648 1016 2687 inire
1032 2645 1156 2686 foedus
1179 2678 1189 2695 ‚
1222 2658 1264 2687 ut
1281 2647 1388 2687 tanto
1409 2646 1501 2687 effet
1519 2648 1740 2700 expeditior
1757 2649 1803 2688 ad
1815 2650 1867 2688 in-

71 2704 293 2746 vadendum
322 2706 501 2758 Regnum
515 2706 839 2759 Neapolitanum,
871 2708 922 2747 fic
945 2719 1023 2747 rem
1043 2718 1198 2746 omnem
1219 2705 1470 2756 instituendo,
1500 2717 1543 2748 ut
1553 2707 1682 2748 Status
1699 2708 1872 2748 Rossilio—

72 2766 226 2807 nensem
251 2765 289 2804 &
319 2764 516 2805 Cerdaniae
535 2766 607 2806 suae
622 2768 760 2807 iterum
791 2767 969 2818 potestati
993 2766 1219 2817 subjiceret:
1250 2779 1416 2819 cumque
1435 2766 1587 2808 videret
1610 2767 1777 2809 Franciae
1795 2769 1873 2808 Re·

73 2837 162 2880 gem
186 2837 236 2866 eo
256 2825 332 2877 jam
355 2824 433 2865 fine
449 2824 648 2879 ingtess‘um
672 2828 710 2867 in
729 2825 875 2868 Italiam
893 2858 906 2877 ‚
935 2827 974 2868 &
1003 2824 1116 2878 quam
1143 2826 1376 2880 periculosus
1412 2826 1563 2871 futurus
1598 2828 1691 2870 ess'et
1719 2830 1872 2870 vicinus

990 2886 1103 2925 Rrrr
1796 2889 1874 2927 Re-

169 3003 232 3050 (a)
260 3009 321 3040 An
344 3009 512 3040 Neronem
533 3013 731 3040 extremum
746 3006 969 3041 Dominarum
978 3003 1119 3055 putatis
1136 3005 1153 3039 ,Ρ
1179 3002 1270 3039 idem
1291 3003 1513 3041 crediderant
1525 3032 1532 3045 ,
1558 3007 1619 3057 qui
1647 3004 1797 3046 Tiberio,
1813 3008 1874 3058 qui

76 3053 361 3108 Cajostaperstites
374 3054 552 3106 fuerant:
579 3070 655 3093 cum
681 3058 826 3093 interim
844 3055 1074 3107 intestabilior
1088 3082 1097 3095 ,
1126 3054 1170 3097 (ῤ’
1187 3054 1313 3101 ftvior
1335 3061 1477 3093 exortus
1490 3056 1548 3108 est.
1575 3058 1691 3094 Tacit.
1715 3059 1737 3094 l.
1750 3059 1869 3106 4.hist.

74 3108 138 3154 (b)
163 3107 315 3145 Ferenda
329 3114 458 3161 Regum
471 3110 615 3161 ingenia
629 3136 638 3149 ‚
663 3122 768 3160 neque
787 3108 861 3154 ufhi
879 3107 1017 3146 crebras
1036 3109 1259 3145 mutationes.
1301 3109 1386 3145 Tac.
1408 3109 1430 3145 l.
1456 3123 1511 3146 12.
1536 3110 1665 3146 Annal.
1720 3111 1783 3158 (c)
1817 3110 1874 3147 Ul-

75 3159 210 3196 teriora
229 3162 382 3202 mirari,
406 3161 585 3214 prasentia
600 3160 700 3214 stqul
716 3188 724 3202 ‚
749 3159 846 3197 bonos
869 3168 1092 3214 Imperatores
1121 3170 1204 3197 voto
1227 3171 1386 3213 expetere
1400 3188 1408 3201 ,
1441 3160 1684 3213 qualescanque
1711 3161 1872 3202 tolerare.

76 3213 165 3249 Tac.
187 3211 248 3248 lib.
266 3225 305 3262 4.
334 3214 425 3252 Hist.
477 3216 537 3263 (d)
563 3217 772 3267 Qictmque
796 3227 865 3249 non
879 3216 1063 3251 curaverit
1079 3213 1194 3249 collum
1203 3211 1309 3258 ficum
1321 3212 1387 3259 sab
1396 3214 1484 3265 jugo
1502 3216 1600 3265 Regis
1618 3212 1810 3265 Babylonis,
1836 3218 1877 3253 in

78 3261 197 3300 vladio
213 3290 223 3304 ,
249 3263 295 3307 ὀ·
312 3267 351 3302 in
361 3264 491 3316 fame,
518 3264 563 3309 ἄν
586 3270 624 3304 in
634 3265 724 3319 peste
732 3264 881 3311 visitabo
887 3264 991 3319 saper
999 3277 1143 3320 gentem
1155 3265 1252 3302 istam
1265 3292 1273 3306 ,
1294 3268 1350 3303 ait
1368 3267 1545 3303 Dominus.
1569 3267 1638 3315 Jer.
1663 3279 1723 3313 27.
1743 3277 1778 3314 8.
1811 3272 1875 3319 (e)

71 3296 391 3366 ⁴&saal.4.c'mnal.
444 3319 507 3367 (f)
532 3319 682 3357 Ibidem.
733 3321 794 3367 (g)
819 3319 988 3357 Marlalis.
1048 3320 1114 3368 (h)
1143 3319 1297 3355 Cardan.
