2132 3730
273 209 355 250 162
727 190 1671 238 DIDACISAAVEDRAE

443 286 477 337 ς.
510 277 850 334 Quemadmodum
871 285 999 315 autem
1021 276 1340 316 immoderatione
1371 277 1618 327 proemiorum
1643 277 1681 318 δε
1704 280 1926 330 gratiarum,
1956 282 2008 320 ita
2033 281 2072 322 δε

266 348 464 389 nimietate
479 348 673 393 poenarurn
699 337 942 388 delinquitur.
1032 334 1096 375 Ad
1120 333 1236 375 striffl
1262 335 1300 376 &
1324 335 1434 389 rigidi
1453 335 1545 387 juris
1572 348 1746 378 normam
1783 339 1881 378 velle
1919 341 2075 393 exigere

268 408 415 452 omnia,
446 401 493 442 ad
511 396 718 439 ministrum
734 394 890 449 Justitiae
909 395 1077 448 pertinet
1102 396 1252 447 potius,
1282 395 1395 453 quem
1412 395 1460 436 ad
1477 395 1704 448 Principem.
1767 396 1834 439 Ille
1848 398 1902 439 sui
1918 411 1998 440 non
2019 398 2075 440 est

268 466 409 507 arbitrii
429 476 438 500 ε
468 461 531 499 hic
550 459 654 511 leges
676 458 714 497 in
735 457 798 497 sua
824 454 1017 509 potestate
1038 455 1167 496 habet.
1226 454 1369 507 Justitia
1389 469 1471 496 non
1499 455 1576 506 est,
1608 468 1693 508 quae
1712 459 1832 498 nimio
1856 461 1984 513 rigore
2003 460 2076 500 uti·

266 536 349 573 tur3
378 532 450 563 nec
469 518 704 567 Clementia,
735 529 820 569 quae
839 516 999 557 modum
1017 527 1097 555 non
1114 515 1260 563 servat3
1290 515 1328 556 δι
1345 515 1397 556 sic
1416 515 1466 556 de
1485 517 1693 556 virtutibus
1715 518 1878 570 reliquis.

436 579 472 632 ς.
504 577 676 619 Eandem
707 577 1015 617 moderationem
1044 575 1227 619 adhibere
1256 575 1373 616 debet
1402 578 1583 628 Princeps
1615 578 1655 617 in
1678 577 1820 617 artibus
1846 587 1924 619 tam
1946 579 2075 631 pacis,

263 640 376 695 quain
393 638 505 689 belli,
537 641 589 679 ita
609 638 749 678 scilicet
771 638 921 689 imperii
948 636 1136 686 habenas,
1169 635 1207 676 &
1230 646 1383 676 currum
1406 634 1627 685 flectendo,
1655 646 1700 676 ut
1727 637 1823 677 sicut
1846 639 1936 678 olim
1959 641 1996 678 in
2020 640 2077 678 lu-

261 702 318 741 dis
335 701 518 752 antiquis,
550 699 644 739 rotis
670 698 742 737 suis
764 710 845 738 non
869 698 1054 750 impingat
1076 698 1114 736 in
1138 704 1280 744 metaS,
1312 696 1378 735 ubi
1404 696 1507 737 illico
1533 694 1806 737 colliderentur
1826 707 1837 740 ζ
1868 697 2075 738 dexteritas

262 759 409 801 artificii
436 761 532 799 illius
558 761 597 799 in
613 770 663 798 eo
683 767 763 797 erat
781 756 926 809 posita,
952 756 979 796 si
999 758 1082 807 quis
1107 755 1318 796 distantiam
1333 756 1386 794 ita
1405 758 1530 796 metiri
1561 755 1707 807 noss'et,
1736 765 1779 796 ut
1804 766 1974 798 rotarum
1995 758 2078 798 axis

263 831 388 863 metas
402 819 647 873 pertransiret
662 816 864 870 proxime,
894 827 958 856 eas
981 826 1108 856 tamen
1126 829 1206 856 non
1228 824 1415 867 tangeret.

434 880 469 931 §.
501 876 698 931 Praecipue
716 877 813 917 verb
839 874 968 916 istliaec
991 889 1082 917 cura
1104 876 1143 916 δι
1176 876 1369 929 diligentia
1385 885 1485 926 opus
1517 874 1572 915 est
1591 876 1756 929 Principi
1777 877 1817 916 in
1841 875 2076 916 moderatio-

260 951 311 982 ne
346 938 575 988 affectuum,
606 948 711 977 tanta
743 948 832 976 cum
865 936 1070 988 prudentia
1097 948 1167 976 eos
1189 935 1381 989 regende,
1412 944 1456 974 ut
1480 935 1575 974 nihil
1605 946 1782 987 appetat,
1811 936 1955 988 speret,
1974 945 2077 976 amet

259 1011 325 1040 aut
352 999 476 1039 oderit
503 998 642 1038 ardore
668 998 810 1045 nimio,
842 1006 908 1036 aut
936 997 1203 1045 vehementia,
1235 997 1352 1048 magis
1387 996 1564 1047 appetitu
1596 994 1755 1044 duetus,
1780 995 1895 1047 quam
1911 997 2074 1036 ratione.

258 1061 500 1101 privatorum
521 1058 705 1098 desideria
732 1057 936 1109 explentur
964 1055 1078 1096 facile
1108 1069 1187 1096 non
1215 1053 1312 1096 item
1333 1055 1578 1106 Principum,
1608 1056 1695 1106 quia
1722 1056 1782 1095 illa
1801 1054 1911 1095 statui
1940 1068 2077 1095 eorum

259 1121 341 1159 sunt
363 1119 637 1166 consentanea;
667 1118 750 1158 haec
771 1113 959 1156 ordinarie
983 1116 1127 1168 majora
1156 1115 1244 1168 ipsis
1263 1118 1377 1156 etiam
1400 1116 1587 1168 potentiae
1603 1115 1773 1162 viribus,
1803 1117 1853 1154 ita
1879 1115 1927 1154 ad
1951 1123 2077 1154 extre-

258 1193 320 1220 ma
340 1181 601 1219 connituntur.
665 1177 803 1217 Omnis
819 1175 903 1215 fere
926 1175 1148 1229 Principum
1174 1177 1305 1224 ruina,
1336 1186 1401 1214 aut
1419 1174 1557 1214 damna
1573 1176 1747 1227 graviora
1765 1173 1786 1214 a
1816 1175 1932 1214 nimia
1959 1174 2078 1214 ambi-

257 1242 366 1280 tione
383 1241 487 1279 sunt:
518 1237 738 1290 acquirendi
762 1238 864 1277 enim
883 1235 1072 1288 cupiditas
1087 1234 1232 1276 infinita
1250 1233 1352 1287 pene
1370 1232 1424 1275 est
1445 1235 1481 1274 in
1497 1227 1748 1281 hominibu's3
1777 1234 1816 1274 id
1832 1234 1951 1284 vero,
1968 1233 2077 1287 quod

259 1300 340 1341 fieri
360 1298 488 1351 potest
502 1330 514 1348 ,
545 1300 658 1338 certis
680 1296 998 1337 circumscribitur
1027 1297 1218 1345 terminis,
1248 1295 1286 1335 &
1311 1294 1397 1335 raro
1419 1294 1577 1346 quidem
1597 1295 1676 1334 hoc
1692 1293 1879 1346 posterius
1905 1306 1954 1334 ex
1973 1295 2078 1345 prio·

258 1362 289 1400 ri
311 1362 376 1399 illo
398 1359 603 1411 penditur,
635 1367 699 1398 aut
715 1359 815 1397 inter
830 1366 1038 1407 utrumque
1061 1354 1200 1408 justitia
1225 1354 1440 1394 intercedit.
1501 1353 1564 1393 Ex
1593 1355 1671 1393 hoc
1699 1353 1811 1394 fonte
1836 1352 1935 1393 nasci
1959 1353 2078 1403 solet,

258 1420 366 1472 qued
385 1420 557 1459 nonnulli
576 1420 703 1458 varios
726 1425 895 1468 quaerant
912 1416 1047 1455 titulos
1073 1415 1110 1455 &
1137 1416 1304 1454 rationes
1326 1414 1364 1453 in
1393 1413 1559 1465 speciem
1589 1424 1837 1465 apparentes,
1868 1412 1915 1452 ad
1942 1414 2081 1465 exspo-

257 1479 427 1520 liandum
448 1479 639 1527 vicinum,
668 1475 788 1518 imme
811 1475 848 1516 &
871 1473 1039 1515 maxime
1062 1476 1225 1515 amicnm
1242 1506 1253 1523 ‚
1284 1483 1328 1513 ut
1353 1473 1626 1513 dominationis
1650 1471 1745 1512 fines
1769 1472 1968 1524 proferant
1993 1474 2078 1513 lon-

260 1542 342 1591 gius
359 1570 370 1588 ,
401 1539 439 1578 &
467 1539 552 1578 suos
583 1546 747 1589 augeant
776 1534 892 1575 status
918 1536 1064 1586 absque
1091 1546 1141 1574 eo
1162 1533 1271 1586 quod
1292 1544 1458 1585 corpora
1482 1532 1545 1572 sua
1572 1532 1737 1585 propriis
1763 1534 1968 1572 metiantur
1986 1534 2076 1572 viri-

256 1599 350 1647 bus,
380 1598 418 1637 &
437 1598 757 1649 gubernationem
778 1596 991 1646 capacitate
1013 1595 1200 1642 humana,
1237 1605 1318 1644 quae
1335 1602 1415 1632 tam
1439 1593 1582 1641 multa,
1615 1602 1732 1644 atque
1746 1593 1888 1643 acquiri
1908 1590 2079 1643 poffunt,

255 1660 355 1698 tueri
384 1669 465 1696 non
501 1655 642 1708 potest.
701 1655 954 1705 Imperiorum
983 1664 1083 1692 onus
1109 1652 1148 1692 &
1174 1651 1389 1704 amplitudo
1417 1652 1456 1690 in
1477 1653 1659 1705 proprios
1675 1651 1864 1703 zipsorum
1890 1652 2080 1692 incumbit

254 1717 463 1765 humeros,
490 1715 688 1767 &semper
704 1713 849 1765 lapsum
869 1714 1054 1761 minatur,
1084 1711 1153 1751 suo
1178 1721 1335 1765 gravata
1362 1710 1554 1763 pondere.
1612 1711 1655 1750 In
1678 1723 1728 1751 eo
1748 1713 1878 1762 itaque
1902 1710 2078 1752 elaboret

254 1777 438 1829 Princeps
453 1806 465 1825 ,
496 1786 539 1814 ut
560 1773 697 1815 statum
714 1772 940 1821 conservet,
970 1783 1086 1823 quem
1105 1780 1171 1811 aut
1197 1770 1374 1811 succesfio
1395 1768 1447 1809 illi
1474 1770 1604 1820 dedit,
1635 1781 1700 1810 aut
1725 1770 1889 1819 electio-‚3
1921 1772 2029 1823 quod
2049 1771 2080 1812 si

252 1836 350 1889 justa
370 1836 446 1877 sese
466 1835 604 1874 offerat
621 1835 726 1874 illum
745 1832 949 1884 ampliandi
970 1831 1124 1871 occasio
1142 1861 1155 1880 ,
1183 1840 1312 1871 utatur
1335 1830 1491 1881 licebit,
1521 1831 1566 1870 iis
1590 1839 1719 1871 tamen
1743 1831 1987 1873 cautionibus
2013 1831 2078 1872 ad-

257 1898 410 1944 hibitis,
442 1907 535 1946 quas
564 1893 669 1933 casus
687 1891 930 1944 prudentiam
956 1890 1130 1933 docebit,

436 1953 472 2005 §.
502 1953 595 1993 Nec
612 1951 823 2005 periculosa
846 1949 971 1989 minus
996 1948 1050 1989 est
1066 1948 1225 1988 ambitio
1242 1947 1295 1986 ob
1317 1948 1476 1986 timores
1496 1949 1656 1997 nimios,
1685 1959 1802 2000 atque
1829 1951 1881 1989 ob
1904 1949 1985 1989 suas
2010 1962 2077 2003 ap-

258 2016 468 2070 petitiones
486 2015 586 2053 circa
607 2025 652 2052 ea
671 2010 898 2064 praesertim,
928 2021 1013 2060 quae
1033 2006 1233 2060 ingeniose
1264 2007 1302 2046 &
1325 2019 1396 2058 per
1420 2008 1500 2046 vim
1526 2007 1706 2051 obtinuit,
1765 2006 1932 2049 Nullum
1957 2011 2079 2050 niedi-

259 2088 326 2116 um
344 2076 462 2114 timor
479 2073 670 2125 suggerit,
700 2070 808 2123 quod
830 2069 878 2108 ad
895 2069 947 2108 sui
974 2068 1309 2108 conservationem
1331 2078 1410 2106 non
1439 2064 1541 2106 illice
1569 2065 1681 2105 detur
1708 2065 1876 2107 effectui·
1938 2068 2077 2110 Nemo

261 2137 460 2189 quisquam
487 2133 688 2185 despoliari
719 2130 924 2183 sanguine,
954 2137 1020 2168 aut
1045 2128 1168 2176 illius,
1197 2127 1264 2178 qui
1288 2125 1336 2165 ad
1361 2124 1497 2165 statum
1513 2125 1574 2176 jus
1598 2125 1754 2177 aliquod
1780 2125 1911 2177 potest
1938 2129 2079 2170 obten-

258 2196 351 2236 dere
371 2224 384 2243 ,
415 2203 493 2233 tam
513 2203 685 2232 remotus
702 2189 777 2239 est,
809 2191 902 2241 quin
921 2186 1061 2228 merito
1079 2188 1269 2227 timeatur.
1330 2183 1520 2235 Tyrannis
1537 2184 1725 2225 ordinaria
1746 2188 1920 2227 omnium
1943 2188 2078 2230 suadet

259 2255 557 2307 extirpationem
574 2266 587 2293 .·
618 2252 655 2292 δε
671 2251 806 2291 docuit
821 2249 914 2290 illud
943 2248 1062 2302 reipsa
1083 2245 1291 2297 Mucianus
1308 2245 1464 2298 quando
1486 2243 1632 2286 Vitellii
1651 2244 1878 2298 filiumjuffit
1896 2248 2076 2300 interfici,

263 2312 338 2372 (a)
358 2310 552 2365 mansuram
570 2308 765 2364 discordiam
785 2310 965 2351 obtendens
979 2341 992 2358 ‚
1022 2310 1058 2349 m'
1066 2304 1195 2359 semina
1209 2305 1283 2347 belli
1301 2303 1538 2362 restrinxzffet.
1597 2304 1704 2346 Idem
1721 2317 1881 2358 quoque
1898 2305 2077 2349 Machia.

259 2376 352 2415 velli
369 2372 544 2413 dostrina
560 2372 722 2413 consulit
736 2402 747 2420 ,
778 2371 885 2422 cujus
908 2369 1080 2422 discipuli
1102 2369 1349 2408 immemores
1371 2364 1461 2406 faeti
1490 2364 1654 2406 David-is
1669 2394 1683 2413 ‚
1713 2367 1778 2418 qui
1803 2366 1842 2405 in
1863 2364 2076 2409 domum&

261 2435 445 2477 familiam
462 2432 584 2472 Saulis
605 2430 800 2485 inquisivit
820 2460 832 2480 ,
848 2439 909 2485 ‚ut
930 2430 1033 2470 suam
1059 2429 1103 2468 iis
1131 2425 1427 2469 misericordiam
1470 2424 1547 2480 (b)
1575 2427 1854 2478 impertiretur,
1883 2430 2079 2481 exemplis

257 2503 418 2535 utuntur
436 2497 678 2545 quorundam
697 2501 947 2542 tyrannorum
963 2520 976 2539 ,
1007 2487 1167 2542 perInde
1191 2486 1295 2540 quasi
1315 2496 1394 2526 non
1415 2497 1551 2528 ornnes
1569 2487 1673 2526 malis
1701 2486 1745 2525 iis
1763 2486 1906 2527 artibus
1921 2488 2073 2541 peffum

257 2553 381 2597 iissent
399 2585 412 2604 ‚
441 2553 472 2596 si
496 2555 580 2606 quis
599 2550 704 2594 forte
722 2551 843 2592 evasit
859 2551 1061 2591 incolumis
1080 2579 1093 2600 ‚
1123 2547 1164 2589 id
1183 2547 1273 2589 ideo
1297 2545 1370 2587 fuit
1396 2543 1472 2602 (ut
1491 2557 1586 2587 mox
1602 2545 1812 2600 dicemus)
1843 2548 1929 2598 quia
1958 2560 2021 2588 eas
2032 2550 2074 2590 in

261 2617 440 2657 meliores
457 2615 664 2655 convertit.
726 2612 862 2665 Regna
874 2612 1058 2664 pleraque
1077 2609 1323 2662 usurpatione
1348 2608 1513 2661 primum
1542 2607 1776 2648 incrementa
1801 2604 2037 2660 sumpserunt
2055 2639 2073 2660 ‚

258 2675 393 2730 poste‘a
413 2676 511 2714 tueri
529 2674 566 2714 se
581 2682 780 2727 coeperunt
797 2670 954 2723 justitia,
985 2670 1023 2711 δε
1040 2682 1130 2711 cuin
1152 2679 1330 2722 tempore
1346 2668 1526 2720 paulatim
1546 2665 1646 2707 faeta
1655 2667 1928 2718 suntlegitima.
1987 2668 2072 2709 Ex..

258 2746 380 2775 trema
404 2735 589 2774 violentia
619 2765 632 2783 ,
663 2743 880 2774 extremum
909 2732 1123 2785 periculum
1141 2728 1208 2770 est.
1268 2726 1574 2780 CyrusgLydiam
1595 2728 1833 2779 occupavit,
1866 2727 1902 2766 &
1920 2728 2071 2780 Regem

259 2795 430 2834 Croesum
445 2795 558 2833 bonis
577 2794 630 2834 sui
641 2794 747 2834 exuit
768 2807 777 2833 ε
808 2792 916 2845 qued
930 2792 958 2833 fi
977 2791 1030 2832 illi
1051 2790 1234 2831 Politicus
1256 2788 1388 2839 aliquis
1415 2788 1524 2839 hujus
1544 2789 1728 2840 temporis
1757 2784 1882 2826 fuiss‘et
1901 2786 1923 2826 ὲ
1947 2788 2071 2828 consi.

259 2856 316 2896 liis
332 2885 345 2905 ,
376 2851 537 2893 suasiss‘et
561 2854 655 2894 illud
673 2854 788 2894 etiam
810 2884 823 2902 ,
851 2862 895 2892 ut
918 2864 990 2905 pro
1010 2850 1143 2902 majori
1161 2846 1223 2890 sua
1237 2849 1436 2889 securitate
1454 2850 1571 2888 vitam
1587 2848 1752 2901 spoliato
1768 2848 1953 2898 eriperet3
1985 2846 2067 2898 Cy-

260 2927 324 2956 rus
351 2925 479 2954 tamen
497 2926 613 2953 unam
635 2916 686 2954 illi
710 2915 907 2952 civitatem
936 2911 1155 2965 patrimonii
1180 2909 1235 2949 sui
1261 2906 1420 2948 restituit
1447 2938 1459 2957 ,
1490 2908 1628 2960 quibus
1651 2907 1887 2960 Dignitatem
1923 2909 2068 2959 regiain

261 2973 558 3027 quoquomodo
574 2972 778 3014 sustentare
793 2971 928 3024 posset.
989 2970 1061 3024 (c)
1082 2970 1205 3022 Atque
1230 2968 1302 3008 haec
1330 2968 1500 3008 clementia
1526 2981 1593 3009 non
1610 2969 1722 3008 minus
1737 2966 1864 3007 viam
1889 2969 1993 3020 quclm
2010 2970 2070 3009 ὐἱ-ς

262 3035 315 3076 &o
334 3034 429 3075 utilis
439 3029 519 3085 fuit
539 3046 552 3072 :
580 3040 701 3074 tantus
726 3034 828 3072 enim
862 3030 969 3084 Croefi
987 3043 1082 3071 arnor
1110 3027 1206 3083 apud
1222 3041 1331 3069 omnes
1347 3028 1451 3068 urbes
1468 3035 1549 3068 erat
1564 3057 1577 3078 ,
1606 3035 1647 3068 ut
1652 3022 1815 3080 pcfftrus
1849 3024 1965 3079 Cyrus
1981 3040 2068 3080 gra--

2024 3101 2072 3128 ve

362 3213 418 3255 (a)
440 3207 589 3246 Tacit.l.
607 3222 643 3256 4.
662 3207 752 3244 Hist.
804 3211 822 3254 ζ
834 3209 882 3253 b)
914 3204 1240 3261 Nunquidficperest
1254 3206 1385 3261 aliquis
1406 3207 1449 3245 de
1467 3206 1563 3246 domo
1581 3205 1670 3245 Saul
1682 3232 1691 3246 ‚
1715 3215 1758 3243 ut
1766 3202 1916 3258 faciam
1938 3217 2015 3241 cum
2029 3217 2067 3240 eo

268 3256 536 3304 misericordiam
552 3262 643 3297 Dei?
669 3274 703 3297 2.
722 3263 811 3310 Reg.
829 3273 863 3305 9.
891 3273 921 3306 3.
979 3262 1037 3308 (c)
1060 3260 1144 3309 Just.
1159 3259 1237 3297 hist.
1257 3260 1281 3297 l.
1304 3274 1335 3298 1.
