2132 3730
0 66 2 92 ι
18 77 19 81 ,

0 94 1 122 l

445 204 1430 251 SYMBOLAPOLJTJCA.
1775 228 1858 270 199

15 272 19 283 ι
70 269 1857 285 Wffl—mss———Qm

16 294 17 328 ἶ
63 296 195 335 tribuit
210 323 224 343 ,
252 291 360 331 facile
388 290 578 342 corrigere
594 292 736 342 poterit
756 291 1039 341 gubernationis
1058 289 1233 330 defectus
1254 323 1265 341 ‚
1296 293 1333 332 δι
1351 294 1567 345 Principum
1585 294 1658 348 (a)
1689 308 1859 347 propen.

0 366 17 398 rs
65 355 202 395 fiones.
260 350 437 401 Agricola
467 350 598 402 insigni
625 362 712 389 cum
747 347 895 389 solertia
928 350 1194 391 Domitianum
1225 354 1476 402 continebat,
1515 366 1565 394 ne
1590 356 1628 394 in
1653 356 1743 394 vitia
1763 368 1857 406 prae-

0 429 16 467 ψ
61 426 153 466 ceps
172 418 307 450 rueret.
366 408 534 450 Tametsi
563 409 719 448 Seianus
743 410 864 448 homo
896 412 1093 462 improbus
1109 408 1201 450 effer
1220 439 1230 459 ‚
1263 413 1343 450 suas
1367 423 1493 452 tamen
1517 414 1544 466 ζ
1555 414 1608 468 h>
1633 415 1760 455 obtexit
1774 415 1856 455 :lilli-

0 494 2 517 i
58 472 151 514 dines
175 468 348 507 Tiberius
366 498 378 516 ‚
407 468 487 508 dum
509 482 583 508 eum
597 468 713 508 dilexit
729 499 740 518 ,
772 472 930 509 finiuit-ve
949 500 961 519 ,
984 467 1148 521 pistremo
1164 472 1199 509 in
1212 467 1498 524 stelerafimulac
1512 473 1670 514 dedecora
1679 478 1855 526 prorupif,

0 544 1 547 ¹
46 529 222 588 postquam
243 534 365 567 renwto
375 527 507 580 predere
526 559 537 577 ,
569 527 620 573 ὃ)
643 537 733 568 metu
751 560 764 579 ,
787 527 848 580 fito
869 531 1146 579 tatztrtiizi142·emi0
1166 529 1340 569 utebatur.
1402 530 1452 570 Et
1470 532 1554 571 sane
1576 546 1645 584 per
1668 535 1855 586 ejusmodi

14 635 16 643 Ι
54 588 267 640 Principum
286 588 431 627 amieos
459 588 570 627 Deus
589 588 779 628 interdum
800 591 919 630 totius
950 590 1074 640 Regni
1103 589 1211 627 saluti
1228 590 1399 629 consulit.
1460 591 1514 629 Ita
1532 590 1676 634 factum
1695 594 1855 646 perNa-

53 659 176 689 amum
198 648 236 686 in
261 646 327 702 (c)
355 644 494 697 Syria3
524 650 562 688 in
579 648 756 701 AEgypto
778 662 846 700 per
864 649 1082 700 Josephum.
1147 647 1246 687 Cum
1266 650 1378 701 igitur
1401 651 1593 691 necessum
1617 654 1661 692 fir
1676 685 1687 702 ‚
1718 656 1855 706 guber-

14 742 15 745 ,
51 706 163 748 nandi
185 719 283 747 onus
307 709 437 760 partiri
456 710 557 747 inter
574 708 701 759 plures
719 739 731 757 ‚
764 720 905 748 naturae
934 708 1233 747 consentaneum
1258 707 1336 757 est,
1354 718 1397 748 ut
1425 712 1463 749 in
1490 711 1663 762 adjutore
1692 712 1858 765 legendo

51 765 204 807 affeftui
223 767 460 807 concedatur
476 768 618 819 aliquid
635 799 648 817 ,
679 769 716 809 &
735 771 891 808 occulto
908 767 1102 807 consensui
1123 767 1334 819 sanguinis3
1366 770 1430 820 qui
1455 770 1625 810 delectus
1644 772 1670 812 si
1690 775 1860 824 prudens

48 827 93 867 fit
113 857 124 875 ,
155 838 272 879 atque
289 829 336 867 ab
365 828 522 877 eximiisl
543 830 655 867 animi
681 829 836 868 dotibus
853 857 865 877 ,
895 839 979 878 quae
1001 828 1039 867 in
1074 827 1140 865 illo
1159 827 1308 877 insunt,
1342 839 1470 869 ortum
1499 831 1639 870 habeat
1661 861 1673 881 ‚
1703 834 1796 872 nihil
1813 846 1858 875 ea

48 888 85 926 in
114 898 155 926 re
183 889 306 940 culpae
327 887 382 927 est
403 918 415 936 ‚
446 899 512 927 aut
542 888 699 936 damni3
729 888 846 928 immo
864 886 1023 938 expedit
1050 897 1196 939 gratum
1227 887 1301 928 effe
1323 887 1519 941 principi,
1550 903 1665 942 quem
1689 893 1719 931 is
1743 895 1780 931 in
1807 896 1858 932 la·

11 991 13 996 .
48 946 186 987 borum
213 949 434 988 societatem
450 948 630 991 advocat,
690 948 788 988 Illud
812 948 1070 986 difficultatem
1091 948 1207 986 habet
1228 978 1240 996 ‚
1271 960 1367 987 unus
1394 961 1444 989 ne
1467 951 1598 1002 aliquis
1614 981 1628 1000 .,
1658 963 1704 990 an
1726 955 1860 1004 ,plures

46 1006 94 1045 ad
117 1007 157 1047 id
175 1007 353 1060 eligendi.
413 1007 451 1048 Si
473 1009 602 1060 plures
626 1007 724 1057 sint,
754 1007 887 1059 aequali
905 1005 996 1046 loco
1017 1007 1136 1046 habiti
1160 1037 1170 1054 ,
1202 1007 1239 1046 &
1257 1010 1337 1059 pari
1361 1011 1535 1060 potentia
1557 1040 1568 1058 ‚
1599 1013 1743 1051 orietur
1760 1014 1860 1053 inter

47 1078 117 1106 eos
135 1069 326 1108 aemulatio
341 1097 354 1117 ‚
386 1069 550 1108 consiliis
573 1069 642 1108 suis
663 1069 773 1108 ibunt
800 1069 838 1107 in
862 1068 1051 1106 contraria
1065 1096 1078 1114 ‚
1109 1067 1146 1106 &
1171 1067 1280 1107 bono
1300 1069 1459 1120 publico
1481 1072 1694 1121 periculum
1713 1074 1860 1112 creabi-

45 1135 119 1165 tur.
182 1128 377 1180 Adeoque
392 1127 516 1167 ordini
532 1130 690 1168 naturali
707 1130 825 1180 magis
856 1127 1067 1166 consonum
1089 1126 1243 1166 videtur
1268 1157 1282 1177 ,
1313 1138 1356 1168 ut
1385 1131 1540 1181 negotia
1564 1132 1628 1170 uni
1649 1131 1715 1171 soli
1742 1132 1860 1172 Mini-

47 1184 123 1225 stro
145 1189 435 1228 committantur
458 1218 470 1236 ‚
502 1190 567 1238 qui
591 1190 761 1239 invigilet
782 1188 861 1226 aliis
879 1218 889 1235 ,
920 1198 1068 1239 perque
1098 1190 1203 1237 cujus
1224 1199 1357 1228 manus
1380 1191 1546 1229 materia:
1572 1202 1705 1231 omnes
1724 1191 1794 1230 rite
1813 1205 1859 1231 ac

45 1245 180 1285 ordine
201 1246 353 1299 digestae
377 1247 585 1287 deveniant
611 1249 657 1287 ad
675 1249 888 1298 Principem
905 1276 917 1294 ‚
948 1248 1013 1298 qui
1032 1246 1198 1297 denique
1214 1248 1342 1288 vicem
1366 1249 1475 1299 hujus
1494 1250 1610 1289 obeat
1631 1253 1666 1290 in
1687 1253 1784 1290 curis
1801 1253 1859 1291 so-

44 1304 123 1343 lum
141 1335 151 1352 ,
181 1317 261 1344 non
284 1308 322 1345 in
344 1304 551 1357 potentia3
582 1308 620 1345 in
648 1307 988 1346 consultationibus
1006 1336 1017 1353 ‚
1047 1319 1124 1345 non
1156 1308 1193 1345 in
1213 1309 1339 1358 gratiis
1363 1309 1573 1360 largiendis.
1634 1311 1702 1350 Sol
1726 1313 1858 1350 unicus

10 1372 12 1374 ·
43 1365 221 1404 universo
255 1365 402 1404 mundo
426 1363 551 1403 lucem
576 1367 765 1416 impertit,
787 1367 939 1416 quoties
965 1365 1062 1404 vero
1077 1366 1150 1404 ¹sub
1171 1367 1347 1406 occasum
1371 1369 1417 1406 ab
1435 1369 1588 1420 aspectu
1613 1371 1689 1409 hoc
1712 1370 1859 1420 nostro,

42 1425 140 1473 abit,
170 1437 251 1465 non
276 1427 404 1478 plures
425 1424 494 1464 fibi
512 1424 700 1464 substituit
723 1423 848 1464 noctis
869 1424 1046 1464 Praefides
1066 1454 1078 1474 ‚
1109 1424 1173 1464 sed
1193 1425 1309 1465 sOlam
1332 1425 1480 1466 Lunam
1498 1428 1535 1466 &
1559 1429 1715 1479 quidem
1740 1430 1856 1480 majo-

39 1485 69 1523 ri
91 1485 184 1524 lucis
214 1497 304 1525 cum
319 1486 491 1524 claritate
509 1516 520 1533 ,
551 1497 664 1536 quam
685 1484 806 1524 sidera
827 1484 972 1536 reliqua
993 1513 1006 1533 ,
1045 1496 1129 1535 quae
1162 1486 1283 1524 veluti
1305 1485 1472 1526 Ministri
1506 1487 1707 1528 inferiores
1730 1489 1861 1533 eidem

9 1586 10 1591 ¹
43 1543 234 1584 assistunt:
265 1554 434 1584 attamen
450 1557 524 1584 nec
547 1546 585 1583 in
618 1545 676 1584 his
695 1575 707 1594 ,
737 1557 810 1584 nec
835 1546 874 1584 in
903 1542 963 1583 illa
980 1545 1110 1583 nativa
1130 1545 1194 1584 lux
1221 1543 1296 1594 est,
1328 1545 1365 1585 &
1382 1549 1537 1598 propria
1553 1578 1566 1597 ‚
1596 1548 1659 1588 sed
1686 1559 1861 1590 mutuata.

41 1603 186 1652 solum,
218 1617 331 1655 quam
350 1605 439 1644 ideo
458 1615 557 1644 terra
580 1605 660 1644 Soli
685 1615 886 1657 acceptam
903 1603 1034 1643 refert.
1096 1602 1312 1643 Istiusmodi
1331 1605 1493 1645 affectus
1519 1608 1711 1658 privatus,
1742 1609 1778 1648 δε
1805 1609 1862 1649 fa-

43 1675 114 1702 vor
149 1663 391 1715 Majestatem
414 1677 493 1704 non
511 1664 677 1703 dedecet
702 1694 714 1712 ‚
745 1663 901 1715 quando
916 1663 1097 1713 Princeps
1129 1664 1256 1702 oneris
1279 1665 1424 1715 publici
1453 1676 1601 1716 partem
1627 1669 1663 1706 in
1693 1670 1861 1711 amicum

40 1723 92 1762 fic
112 1723 262 1763 derivat
283 1754 295 1773 ,
326 1734 368 1764 ut
389 1724 458 1763 sibi
480 1734 609 1763 tamen
631 1724 826 1763 arbitrium
850 1723 888 1761 δε
916 1721 1183 1761 auctoritatem
1206 1721 1417 1774 supremam
1437 1725 1628 1765 reservet:
1661 1729 1742 1766 talis
1754 1730 1858 1769 enim

39 1783 190 1835 privata
208 1785 484 1824 benevolentia
505 1796 583 1823 non
609 1785 726 1837 gratia
743 1783 863 1822 solum
880 1781 935 1822 est
952 1811 964 1831 ‚
996 1781 1061 1821 sed
1087 1781 1279 1829 officiuim
1309 1794 1389 1822 non
1408 1780 1522 1823 favor
1543 1815 1555 1833 ‚
1581 1785 1646 1825 sed
1681 1787 1858 1829 laborum

42 1846 358 1885 communicatio.
421 1842 513 1883 Nec
536 1843 742 1894 tantopere
752 1845 791 1882 in
809 1841 962 1882 invidiae
972 1842 1183 1880 incurreret
1202 1843 1340 1881 oculos
1355 1843 1406 1891 ,fi
1419 1843 1612 1895 Principes
1632 1846 1862 1896 prudentio-

39 1913 100 1942 res
118 1915 203 1943 eam
227 1906 302 1943 alio
321 1900 504 1942 vestirent
523 1905 682 1941 nomine
698 1931 711 1950 ,
742 1903 854 1952 quale
876 1900 988 1947 effer,
1007 1900 1117 1939 verbi
1134 1902 1265 1951 gratia,
1285 1914 1425 1940 munus
1452 1903 1677 1954 praesidendi
1699 1907 1734 1945 in
1754 1907 1859 1947 Con«

39 1961 126 2001 filiis
153 1962 191 2001 &
206 1962 476 2002 Tribunalibus
497 1973 510 2007 3
540 1961 636 2000 ficut
653 1959 828 2000 Praefeeti
848 1960 952 1999 urbis
968 1960 1108 1999 Romae
1123 1960 1216 2000 olim
1232 1970 1341 2000 extra
1365 1962 1549 2003 invidiam
1569 1965 1799 2013 erant,licet
1809 1968 1858 2007 al-

39 2023 110 2062 teri
135 2020 254 2061 essent
278 2021 454 2061 Caesares.

191 2081 444 2121 Subditorum
466 2077 628 2119 felicitas
649 2081 689 2118 in
707 2089 756 2118 eo
774 2076 942 2118 consistit
961 2107 973 2126 ‚
1003 2077 1111 2129 quod
1133 2077 1317 2130 Princeps
1342 2092 1422 2120 non
1449 2080 1638 2122 adamanti
1664 2081 1791 2125 similis
1809 2086 1856 2126 fit

38 2143 105 2195 qui
125 2140 269 2182 ferrum
286 2141 333 2181 ad
361 2141 397 2181 se
418 2139 596 2187 attrahit,
628 2139 665 2178 δι
685 2151 818 2179 aurum
844 2139 1008 2190 respuit3
1038 2138 1104 2177 sed
1121 2137 1228 2189 quod
1238 2141 1351 2179 talem
1370 2142 1496 2192 legere
1512 2142 1601 2180 sciar
1620 2142 1855 2194 Minimum,

39 2203 104 2254 qui
125 2202 154 2242 fi
171 2202 263 2254 quid
285 2203 386 2242 bene
408 2199 725 2251 laudabiliterque
753 2198 819 2238 fiat
836 2229 846 2247 ‚
877 2199 935 2238 uti
963 2197 1001 2237 &
1021 2199 1157 2251 gratias
1180 2210 1316 2238 omnes
1340 2199 1503 2252 Principi
1527 2203 1667 2241 tribuat
1690 2216 1701 2250 3
1735 2216 1855 2245 onera

38 2262 137 2302 vero
152 2294 166 2312 ‚
196 2263 233 2303 &
253 2261 342 2302 odia
367 2262 504 2314 populi
521 2261 560 2299 in
582 2257 618 2299 se
636 2258 808 2312 suscipiat
827 2269 841 2310 ς
874 2260 939 2310 qui
957 2267 1107 2297 attento
1128 2257 1176 2298 ad
1195 2258 1342 2299 bonum
1359 2261 1560 2311 publicum
1577 2264 1704 2302 animo
1722 2265 1771 2302 illi
1789 2267 1853 2304 ad-

39 2322 86 2361 sit
103 2324 142 2362 in
166 2324 378 2370 omnibus3
410 2322 475 2373 qui
502 2319 579 2360 sine
597 2320 806 2359 ambitione
832 2328 939 2358 curet
958 2319 1137 2370 negotia:
1169 2318 1247 2358 fine
1274 2318 1424 2360 fastidio
1443 2321 1570 2360 audiat
1586 2351 1599 2369 ‚
1624 2322 1700 2361 sine
1719 2325 1851 2375 pallio—

42 2394 92 2421 ne
104 2383 294 2423 consultet
310 2413 322 2432 ‚
353 2382 392 2422 &
415 2382 518 2422 nulla
540 2379 666 2420 damni
686 2381 751 2420 vel
773 2378 972 2420 commodi
996 2380 1144 2431 proprii
1168 2379 1297 2420 habita
1321 2382 1470 2421 ratione
1494 2381 1695 2431 decernat,
1716 2396 1760 2421 ac
1782 2383 1851 2423 sta-

42 2451 126 2481 tuat
151 2453 164 2486 t
197 2444 263 2494 qui
283 2443 450 2494 denique
471 2440 518 2481 ad
536 2443 735 2482 utilitatem
755 2441 950 2493 publicam
971 2469 984 2489 ‚
1013 2451 1095 2478 non
1112 2438 1213 2479 suam
1230 2470 1242 2489 ‚
1275 2451 1339 2481 aut
1355 2440 1401 2480 ad
1423 2442 1722 2482 conservandam
1740 2446 1852 2495 grati-

40 2513 103 2541 am
133 2500 170 2541 δε
200 2501 377 2543 favorem
402 2502 608 2552 Principis,
639 2503 792 2554 negotia
819 2500 964 2552 dirigat.
1023 2497 1121 2538 Haec
1146 2500 1317 2539 mensura
1332 2499 1386 2540 est
1407 2531 1418 2549 ‚
1450 2514 1524 2553 qua
1551 2503 1785 2554 cognoscere
1809 2504 1849 2542 li-

41 2571 124 2610 cet,
149 2574 242 2602 num
268 2561 496 2603 familiaritas
515 2563 574 2600 illa
595 2573 644 2600 ex
667 2564 754 2605 zelo
773 2562 818 2600 iit
836 2573 882 2599 an
909 2559 1151 2608 tyrannidem
1169 2559 1327 2612 specstet.
1387 2561 1428 2599 ln
1447 2561 1638 2600 elecftione
1670 2564 1750 2601 talis
1773 2563 1851 2602 Mi-

41 2621 145 2661 nistri
170 2634 343 2674 magnam
362 2635 491 2662 curam
515 2634 559 2660 ac
588 2621 817 2675 diligentiam
840 2619 1023 2659 adhibere
1050 2618 1195 2659 debent
1212 2619 1405 2672 Principes
1430 2633 1440 2667 ‚'
1471 2619 1598 2659 dando
1618 2634 1788 2672 operam,
1809 2632 1851 2662 ut

42 2694 93 2722 ne
116 2694 165 2722 ex
180 2681 260 2721 solo
288 2681 430 2722 affeetu
448 2692 512 2722 aut
540 2683 695 2723 levitate
710 2682 922 2723 voluntatis
946 2678 985 2718 id
1002 2677 1069 2718 fiat
1091 2709 1102 2727 ,
1132 2679 1195 2719 sed
1212 2690 1374 2732 propter
1399 2681 1554 2719 eximias
1572 2680 1684 2720 dotes
1704 2695 1747 2720 ac
1770 2695 1851 2721 me-

41 2743 111 2782 rita
133 2756 142 2781 :
173 2741 363 2782 interdum
389 2745 489 2782 enim
524 2744 672 2792 privata
697 2740 886 2794 ejusmodi
908 2740 1183 2779 benevolentia
1200 2751 1280 2779 non
1299 2739 1319 2779 a
1335 2739 1492 2779 consilio
1510 2738 1585 2789 est,
1617 2740 1681 2780 sed
1704 2741 1723 2780 a
1750 2743 1849 2788 casu;

41 2800 158 2843 nona
183 2803 299 2854 gratia
320 2831 332 2850 ‚
363 2801 426 2841 sed
442 2802 464 2842 a
489 2802 679 2855 diligentia
695 2833 708 2853 ,
738 2803 776 2843 δι
795 2798 984 2842 industria.
1064 2798 1280 2839 Concursus
1302 2800 1433 2851 aliquis
1467 2801 1560 2845 aulae
1591 2802 1735 2853 erigere
1754 2802 1850 2841 solet

43 2861 83 2902 &
102 2861 260 2902 adorare
280 2861 427 2901 idolum
449 2892 460 2910 ‚
491 2864 553 2902 cui
576 2872 717 2903 certam
730 2862 923 2916 quandam
948 2860 1172 2912 dignitatem
1188 2889 1199 2907 ,
1231 2859 1268 2899 δε
1289 2859 1500 2911 Majestatis
1525 2860 1765 2912 splendorem
1788 2864 1851 2901 tri-

43 2921 129 2963 buit
150 2924 359 2963 multorum
381 2924 505 2961 cultus
526 2953 537 2971 ,
569 2924 634 2974 qui
663 2923 768 2964 flexo
789 2924 939 2976 poplite
955 2919 1048 3019 ilgud
1071 2929 1324 2970 venerantur,
1344 2921 1539 2960 luminaria
1554 2921 1605 2961 illi
1625 2922 1847 2969 incendunt,

916 2980 957 3020 D
1014 2979 1037 3019 d
1054 2991 1075 3018 2
1809 2980 1847 3019 &

150 3080 167 3119 ζ
170 3078 207 3122 a)
231 3077 316 3128 Qi
332 3077 372 3113 in
387 3077 486 3128 regiae
490 3073 773 3127 familiaritatis
779 3072 982 3122 sturmium
998 3072 1261 3114 admittuntur,
1281 3072 1397 3111 multa
1403 3069 1530 3124 facere
1537 3075 1671 3131 pqffimt
1687 3072 1732 3117 ὠ
1758 3074 1847 3112 dice-

47 3137 103 3166 re,
125 3126 245 3179 quibus
259 3139 451 3182 pauperum
473 3126 647 3180 necfftas
657 3125 864 3173 sublevetur
877 3156 886 3169 ,
903 3126 1084 3178 foveatur
1106 3125 1246 3178 religio,
1267 3125 1347 3176 fiat
1371 3128 1525 3178 aequitas.
1592 3125 1735 3175 Ecclcfia
1755 3127 1846 3164 dila-

48 3187 156 3216 tetur.
181 3183 307 3218 Petrus
322 3180 410 3220 Bles.
431 3180 536 3232 Epist.
565 3192 648 3226 150.
697 3181 758 3226 (b)
784 3180 900 3218 Tacit.
921 3181 983 3217 lib.
1005 3185 1039 3217 6.
1060 3179 1189 3218 Annal.
1242 3180 1302 3227 (b)
1328 3184 1500 3215 Naaman
1532 3181 1689 3231 Princeps
1712 3179 1848 3217 militia

48 3231 149 3282 Regis
163 3233 273 3282 syria,
305 3244 386 3270 erat
406 3236 470 3271 vir
484 3245 634 3286 magnus
660 3231 755 3285 apud
779 3235 965 3272 Dominum
987 3233 1108 3280 fitam,
1135 3229 1180 3272 ἄν·
1200 3228 1408 3270 honoratus:
1425 3241 1490 3285 per
1513 3230 1611 3270 illum
1634 3233 1727 3270 enim
1744 3232 1846 3271 dedit

50 3282 217 3324 Dominus
229 3282 383 3330 fhlutem
398 3289 507 3343 syria.
533 3301 569 3336 4.
586 3288 678 3335 Reg.
707 3297 740 3332 5.
770 3298 802 3321 1.

0 3354 3 3381 l
