<?xml version="1.0" encoding="UTF-8"?>
<!DOCTYPE html PUBLIC "-//W3C//DTD XHTML 1.0 Transitional//EN"
    "http://www.w3.org/TR/xhtml1/DTD/xhtml1-transitional.dtd">
<html xmlns="http://www.w3.org/1999/xhtml" xml:lang="en" lang="en">
 <head>
  <title>
</title>
<meta http-equiv="Content-Type" content="text/html;charset=utf-8" />
  <meta name='ocr-system' content='tesseract 3.04.00' />
  <meta name='ocr-capabilities' content='ocr_page ocr_carea ocr_par ocr_line ocrx_word'/>
</head>
<body>
  <div class='ocr_page' id='page_1' title='image "./didacisaavedraef00saav_0158.png"; bbox 0 0 2132 3730; ppageno 0'>
   <div class='ocr_carea' id='block_1_1' title="bbox 266 213 1660 273">
    <p class='ocr_par' dir='ltr' id='par_1_1' title="bbox 266 213 1660 273">
     <span class='ocr_line' id='line_1_1' title="bbox 266 213 1660 273; baseline 0.002 -18"><span class='ocrx_word' id='word_1_1' title='bbox 266 227 346 273; x_wconf 69' lang='lat'><strong>133</strong></span> <span class='ocrx_word' id='word_1_2' title='bbox 719 213 1660 258; x_wconf 75' lang='lat' dir='ltr'><em>DJDACISAAVEDRAE.</em></span> 
     </span>
    </p>
   </div>
   <div class='ocr_carea' id='block_1_2' title="bbox 239 295 2074 2926">
    <p class='ocr_par' dir='ltr' id='par_1_2' title="bbox 239 295 2070 880">
     <span class='ocr_line' id='line_1_2' title="bbox 257 295 2064 352; baseline -0.003 -6"><span class='ocrx_word' id='word_1_3' title='bbox 257 306 419 347; x_wconf 85' lang='lat' dir='ltr'><strong>Animus</strong></span> <span class='ocrx_word' id='word_1_4' title='bbox 447 310 602 351; x_wconf 80' lang='lat' dir='ltr'><strong>magnus</strong></span> <span class='ocrx_word' id='word_1_5' title='bbox 623 298 661 335; x_wconf 89' lang='lat'>&amp;</span> <span class='ocrx_word' id='word_1_6' title='bbox 679 295 885 347; x_wconf 85' lang='lat' dir='ltr'><strong>generosus</strong></span> <span class='ocrx_word' id='word_1_7' title='bbox 902 297 1039 335; x_wconf 85' lang='lat' dir='ltr'><strong>coelum</strong></span> <span class='ocrx_word' id='word_1_8' title='bbox 1060 296 1182 348; x_wconf 86' lang='lat' dir='ltr'><strong>ipsum</strong></span> <span class='ocrx_word' id='word_1_9' title='bbox 1207 299 1420 349; x_wconf 84' lang='lat' dir='ltr'><strong>propitium</strong></span> <span class='ocrx_word' id='word_1_10' title='bbox 1447 298 1575 338; x_wconf 86' lang='lat' dir='ltr'><strong>habet.</strong></span> <span class='ocrx_word' id='word_1_11' title='bbox 1638 299 1706 339; x_wconf 90' lang='lat' dir='ltr'><strong>Ne</strong></span> <span class='ocrx_word' id='word_1_12' title='bbox 1723 298 1868 341; x_wconf 80' lang='lat' dir='ltr'><strong>temere</strong></span> <span class='ocrx_word' id='word_1_13' title='bbox 1890 300 2064 352; x_wconf 78' lang='lat' dir='ltr'><strong>desperet</strong></span> 
     </span>
     <span class='ocr_line' id='line_1_3' title="bbox 256 356 2066 417; baseline -0.004 -11"><span class='ocrx_word' id='word_1_14' title='bbox 256 364 438 413; x_wconf 85' lang='lat' dir='ltr'>Princeps</span> <span class='ocrx_word' id='word_1_15' title='bbox 467 360 518 397; x_wconf 86' lang='lat' dir='ltr'><strong>ob</strong></span> <span class='ocrx_word' id='word_1_16' title='bbox 538 356 709 408; x_wconf 87' lang='lat' dir='ltr'><strong>pericula</strong></span> <span class='ocrx_word' id='word_1_17' title='bbox 725 356 846 394; x_wconf 85' lang='lat' dir='ltr'><strong>aliena</strong></span> <span class='ocrx_word' id='word_1_18' title='bbox 862 384 877 404; x_wconf 85' lang='lat'><strong>‚</strong></span> <span class='ocrx_word' id='word_1_19' title='bbox 907 364 972 394; x_wconf 88' lang='lat' dir='ltr'><strong>aut</strong></span> <span class='ocrx_word' id='word_1_20' title='bbox 1001 367 1045 395; x_wconf 84' lang='lat' dir='ltr'><strong>ea</strong></span> <span class='ocrx_word' id='word_1_21' title='bbox 1065 385 1077 404; x_wconf 86' lang='lat'><strong>,</strong></span> <span class='ocrx_word' id='word_1_22' title='bbox 1107 368 1192 406; x_wconf 84' lang='lat' dir='ltr'><strong>quae</strong></span> <span class='ocrx_word' id='word_1_23' title='bbox 1209 356 1359 397; x_wconf 84' lang='lat' dir='ltr'>fortuiti</span> <span class='ocrx_word' id='word_1_24' title='bbox 1384 357 1487 397; x_wconf 89' lang='lat' dir='ltr'><strong>casus</strong></span> <span class='ocrx_word' id='word_1_25' title='bbox 1503 358 1632 397; x_wconf 86' lang='lat' dir='ltr'><strong>secum</strong></span> <span class='ocrx_word' id='word_1_26' title='bbox 1653 360 1827 401; x_wconf 88' lang='lat' dir='ltr'><strong>afferunt.</strong></span> <span class='ocrx_word' id='word_1_27' title='bbox 1888 358 1961 414; x_wconf 79' lang='lat' dir='ltr'><strong>(a)</strong></span> <span class='ocrx_word' id='word_1_28' title='bbox 1988 360 2066 417; x_wconf 65' lang='lat' dir='ltr'><strong>ngi</strong></span> 
     </span>
     <span class='ocr_line' id='line_1_4' title="bbox 255 410 2070 475; baseline -0.001 -14"><span class='ocrx_word' id='word_1_29' title='bbox 255 421 412 475; x_wconf 53' lang='lat' dir='ltr'><strong>observat</strong></span> <span class='ocrx_word' id='word_1_30' title='bbox 427 424 567 458; x_wconf 76' lang='lat' dir='ltr'><strong>ventum</strong></span> <span class='ocrx_word' id='word_1_31' title='bbox 580 446 593 464; x_wconf 90' lang='lat'><strong>,</strong></span> <span class='ocrx_word' id='word_1_32' title='bbox 623 426 688 454; x_wconf 77' lang='lat' dir='ltr'><strong>non</strong></span> <span class='ocrx_word' id='word_1_33' title='bbox 697 410 873 465; x_wconf 54' lang='lat' dir='ltr'><strong>seminam</strong></span> <span class='ocrx_word' id='word_1_34' title='bbox 903 414 956 459; x_wconf 67' lang='lat'><strong>&amp;⁹</strong></span> <span class='ocrx_word' id='word_1_35' title='bbox 973 417 1033 468; x_wconf 78' lang='lat' dir='ltr'><strong>qui</strong></span> <span class='ocrx_word' id='word_1_36' title='bbox 1049 414 1232 466; x_wconf 48' lang='lat' dir='ltr'><strong>considerat</strong></span> <span class='ocrx_word' id='word_1_37' title='bbox 1255 430 1429 472; x_wconf 73' lang='lat' dir='ltr'><strong>nunquam</strong></span> <span class='ocrx_word' id='word_1_38' title='bbox 1457 424 1569 457; x_wconf 77' lang='lat' dir='ltr'><strong>meter.</strong></span> <span class='ocrx_word' id='word_1_39' title='bbox 1626 416 1726 459; x_wconf 91' lang='lat' dir='ltr'><strong>Non</strong></span> <span class='ocrx_word' id='word_1_40' title='bbox 1742 419 1953 468; x_wconf 84' lang='lat' dir='ltr'><strong>existimet,</strong></span> <span class='ocrx_word' id='word_1_41' title='bbox 1979 419 2070 459; x_wconf 80' lang='lat' dir='ltr'><strong>affli-</strong></span> 
     </span>
     <span class='ocr_line' id='line_1_5' title="bbox 254 474 2065 533; baseline -0.003 -10"><span class='ocrx_word' id='word_1_42' title='bbox 254 480 447 523; x_wconf 68' lang='lat' dir='ltr'><strong>ctionibus</strong></span> <span class='ocrx_word' id='word_1_43' title='bbox 466 476 538 516; x_wconf 89' lang='lat' dir='ltr'><strong>suis</strong></span> <span class='ocrx_word' id='word_1_44' title='bbox 561 474 599 514; x_wconf 91' lang='lat' dir='ltr'><strong>se</strong></span> <span class='ocrx_word' id='word_1_45' title='bbox 623 485 858 526; x_wconf 85' lang='lat' dir='ltr'><strong>quemquam</strong></span> <span class='ocrx_word' id='word_1_46' title='bbox 876 475 1058 527; x_wconf 87' lang='lat' dir='ltr'><strong>obligare.</strong></span> <span class='ocrx_word' id='word_1_47' title='bbox 1139 474 1334 516; x_wconf 84' lang='lat' dir='ltr'>Lamentis</span> <span class='ocrx_word' id='word_1_48' title='bbox 1352 477 1390 517; x_wconf 89' lang='lat'>&amp;</span> <span class='ocrx_word' id='word_1_49' title='bbox 1407 476 1585 527; x_wconf 85' lang='lat' dir='ltr'>lacrymis</span> <span class='ocrx_word' id='word_1_50' title='bbox 1604 507 1616 527; x_wconf 94' lang='lat'><strong>,</strong></span> <span class='ocrx_word' id='word_1_51' title='bbox 1647 477 1723 518; x_wconf 87' lang='lat' dir='ltr'><strong>sese</strong></span> <span class='ocrx_word' id='word_1_52' title='bbox 1736 482 1897 533; x_wconf 84' lang='lat' dir='ltr'>turpiter</span> <span class='ocrx_word' id='word_1_53' title='bbox 1907 477 2065 529; x_wconf 85' lang='lat' dir='ltr'><strong>dedere,</strong></span> 
     </span>
     <span class='ocr_line' id='line_1_6' title="bbox 252 532 2069 592; baseline -0.001 -12"><span class='ocrx_word' id='word_1_54' title='bbox 252 539 438 583; x_wconf 85' lang='lat' dir='ltr'><strong>muliebre</strong></span> <span class='ocrx_word' id='word_1_55' title='bbox 454 534 537 575; x_wconf 88' lang='lat' dir='ltr'><strong>est:</strong></span> <span class='ocrx_word' id='word_1_56' title='bbox 567 546 649 575; x_wconf 90' lang='lat' dir='ltr'><strong>non</strong></span> <span class='ocrx_word' id='word_1_57' title='bbox 673 535 746 575; x_wconf 90' lang='lat' dir='ltr'><strong>illis</strong></span> <span class='ocrx_word' id='word_1_58' title='bbox 767 532 939 574; x_wconf 89' lang='lat' dir='ltr'>Fortuna</span> <span class='ocrx_word' id='word_1_59' title='bbox 955 536 1096 586; x_wconf 89' lang='lat' dir='ltr'><strong>placari</strong></span> <span class='ocrx_word' id='word_1_60' title='bbox 1128 534 1234 575; x_wconf 90' lang='lat' dir='ltr'><strong>solet.</strong></span> <span class='ocrx_word' id='word_1_61' title='bbox 1293 537 1454 577; x_wconf 89' lang='lat' dir='ltr'><strong>Animus</strong></span> <span class='ocrx_word' id='word_1_62' title='bbox 1474 536 1646 577; x_wconf 85' lang='lat' dir='ltr'><strong>excelsus</strong></span> <span class='ocrx_word' id='word_1_63' title='bbox 1669 537 1738 579; x_wconf 86' lang='lat' dir='ltr'><strong>fibi</strong></span> <span class='ocrx_word' id='word_1_64' title='bbox 1755 540 1826 592; x_wconf 87' lang='lat' dir='ltr'><strong>ipfi</strong></span> <span class='ocrx_word' id='word_1_65' title='bbox 1853 538 2069 580; x_wconf 85' lang='lat' dir='ltr'><strong>satisfacere</strong></span> 
     </span>
     <span class='ocr_line' id='line_1_7' title="bbox 251 593 2069 651; baseline -0.003 -10"><span class='ocrx_word' id='word_1_66' title='bbox 251 599 405 651; x_wconf 85' lang='lat' dir='ltr'>satagit,</span> <span class='ocrx_word' id='word_1_67' title='bbox 437 604 502 635; x_wconf 89' lang='lat' dir='ltr'><strong>aut</strong></span> <span class='ocrx_word' id='word_1_68' title='bbox 534 595 643 634; x_wconf 86' lang='lat' dir='ltr'><strong>solari</strong></span> <span class='ocrx_word' id='word_1_69' title='bbox 664 594 740 635; x_wconf 92' lang='lat' dir='ltr'><strong>sese</strong></span> <span class='ocrx_word' id='word_1_70' title='bbox 757 593 910 634; x_wconf 69' lang='lat' dir='ltr'><strong>afflone</strong></span> <span class='ocrx_word' id='word_1_71' title='bbox 934 596 1059 646; x_wconf 83' lang='lat' dir='ltr'><strong>aliqua</strong></span> <span class='ocrx_word' id='word_1_72' title='bbox 1080 595 1236 635; x_wconf 76' lang='lat' dir='ltr'><strong>heroica</strong></span> <span class='ocrx_word' id='word_1_73' title='bbox 1257 594 1294 635; x_wconf 72' lang='grc' dir='ltr'><strong>ὅτ,</strong></span> <span class='ocrx_word' id='word_1_74' title='bbox 1317 597 1498 649; x_wconf 84' lang='lat' dir='ltr'><strong>generosa</strong></span> <span class='ocrx_word' id='word_1_75' title='bbox 1514 628 1527 646; x_wconf 93' lang='lat'>‚</span> <span class='ocrx_word' id='word_1_76' title='bbox 1557 599 1614 636; x_wconf 92' lang='lat' dir='ltr'><strong>uti</strong></span> <span class='ocrx_word' id='word_1_77' title='bbox 1636 596 1732 638; x_wconf 88' lang='lat' dir='ltr'><strong>fecit</strong></span> <span class='ocrx_word' id='word_1_78' title='bbox 1757 600 1937 651; x_wconf 84' lang='lat' dir='ltr'>Agricola</span> <span class='ocrx_word' id='word_1_79' title='bbox 1955 629 1967 648; x_wconf 89' lang='lat'><strong>,</strong></span> <span class='ocrx_word' id='word_1_80' title='bbox 2002 597 2069 638; x_wconf 85' lang='lat' dir='ltr'><strong>filii</strong></span> 
     </span>
     <span class='ocr_line' id='line_1_8' title="bbox 249 651 2069 717; baseline -0.002 -17"><span class='ocrx_word' id='word_1_81' title='bbox 249 661 304 700; x_wconf 85' lang='lat' dir='ltr'><strong>sui</strong></span> <span class='ocrx_word' id='word_1_82' title='bbox 327 666 454 697; x_wconf 87' lang='lat' dir='ltr'><strong>morte</strong></span> <span class='ocrx_word' id='word_1_83' title='bbox 471 653 685 717; x_wconf 63' lang='lat' dir='ltr'><strong>intellecta-5</strong></span> <span class='ocrx_word' id='word_1_84' title='bbox 714 653 791 709; x_wconf 76' lang='lat' dir='ltr'><strong>(h)</strong></span> <span class='ocrx_word' id='word_1_85' title='bbox 801 667 900 708; x_wconf 80' lang='lat' dir='ltr'><strong>quem</strong></span> <span class='ocrx_word' id='word_1_86' title='bbox 916 651 1038 704; x_wconf 59' lang='lat' dir='ltr'><strong>eastun,</strong></span> <span class='ocrx_word' id='word_1_87' title='bbox 1052 669 1156 708; x_wconf 71' lang='lat' dir='ltr'><strong>neque</strong></span> <span class='ocrx_word' id='word_1_88' title='bbox 1176 664 1216 695; x_wconf 76' lang='lat' dir='ltr'><strong>uf</strong></span> <span class='ocrx_word' id='word_1_89' title='bbox 1228 655 1384 710; x_wconf 74' lang='lat' dir='ltr'><strong>plerique</strong></span> <span class='ocrx_word' id='word_1_90' title='bbox 1392 653 1544 707; x_wconf 80' lang='lat' dir='ltr'><strong>fhrtium</strong></span> <span class='ocrx_word' id='word_1_91' title='bbox 1564 660 1722 697; x_wconf 78' lang='lat' dir='ltr'><strong>virorum</strong></span> <span class='ocrx_word' id='word_1_92' title='bbox 1739 659 1934 706; x_wconf 57' lang='lat' dir='ltr'><strong>ambitiose,</strong></span> <span class='ocrx_word' id='word_1_93' title='bbox 1963 671 2069 711; x_wconf 75' lang='lat' dir='ltr'><strong>neque</strong></span> 
     </span>
     <span class='ocr_line' id='line_1_9' title="bbox 239 714 2066 773; baseline -0.001 -16"><span class='ocrx_word' id='word_1_94' title='bbox 239 729 310 773; x_wconf 79' lang='lat' dir='ltr'><strong>per</strong></span> <span class='ocrx_word' id='word_1_95' title='bbox 331 718 477 757; x_wconf 76' lang='lat' dir='ltr'><strong>lamenta</strong></span> <span class='ocrx_word' id='word_1_96' title='bbox 498 714 615 766; x_wconf 81' lang='lat' dir='ltr'><strong>rursus</strong></span> <span class='ocrx_word' id='word_1_97' title='bbox 638 746 651 764; x_wconf 90' lang='lat'><strong>,</strong></span> <span class='ocrx_word' id='word_1_98' title='bbox 680 727 720 754; x_wconf 84' lang='lat' dir='ltr'><strong>ac</strong></span> <span class='ocrx_word' id='word_1_99' title='bbox 737 727 913 755; x_wconf 73' lang='lat' dir='ltr'><strong>moerorem</strong></span> <span class='ocrx_word' id='word_1_100' title='bbox 931 714 1141 756; x_wconf 78' lang='lat' dir='ltr'><strong>muliebriter</strong></span> <span class='ocrx_word' id='word_1_101' title='bbox 1166 716 1272 755; x_wconf 72' lang='lat' dir='ltr'><strong>sulit:</strong></span> <span class='ocrx_word' id='word_1_102' title='bbox 1303 714 1354 759; x_wconf 57' lang='grc' dir='ltr'><strong>ἑξ)</strong></span> <span class='ocrx_word' id='word_1_103' title='bbox 1383 718 1419 755; x_wconf 75' lang='lat' dir='ltr'><strong>in</strong></span> <span class='ocrx_word' id='word_1_104' title='bbox 1439 717 1534 757; x_wconf 68' lang='grc' dir='ltr'><em>Ιῑιὲῗιι</em></span> <span class='ocrx_word' id='word_1_105' title='bbox 1551 717 1667 756; x_wconf 75' lang='lat' dir='ltr'><strong>bellum</strong></span> <span class='ocrx_word' id='word_1_106' title='bbox 1692 720 1783 757; x_wconf 76' lang='lat' dir='ltr'><strong>inter</strong></span> <span class='ocrx_word' id='word_1_107' title='bbox 1815 716 1961 757; x_wconf 76' lang='lat' dir='ltr'><strong>remedia</strong></span> <span class='ocrx_word' id='word_1_108' title='bbox 1976 724 2066 756; x_wconf 80' lang='lat' dir='ltr'><strong>erat.</strong></span> 
     </span>
     <span class='ocr_line' id='line_1_10' title="bbox 247 773 2062 828; baseline -0.002 -10"><span class='ocrx_word' id='word_1_109' title='bbox 247 777 362 819; x_wconf 87' lang='lat' dir='ltr'>Nulli</span> <span class='ocrx_word' id='word_1_110' title='bbox 381 776 540 817; x_wconf 91' lang='lat' dir='ltr'><strong>omnino</strong></span> <span class='ocrx_word' id='word_1_111' title='bbox 567 774 782 815; x_wconf 90' lang='lat' dir='ltr'><strong>commodo</strong></span> <span class='ocrx_word' id='word_1_112' title='bbox 812 804 825 824; x_wconf 87' lang='lat'>‚</span> <span class='ocrx_word' id='word_1_113' title='bbox 864 783 929 813; x_wconf 90' lang='lat' dir='ltr'><strong>aut</strong></span> <span class='ocrx_word' id='word_1_114' title='bbox 959 787 1058 815; x_wconf 89' lang='lat' dir='ltr'><strong>vana</strong></span> <span class='ocrx_word' id='word_1_115' title='bbox 1086 777 1205 828; x_wconf 87' lang='lat' dir='ltr'><strong>gloria</strong></span> <span class='ocrx_word' id='word_1_116' title='bbox 1236 773 1328 815; x_wconf 88' lang='lat' dir='ltr'><strong>effet</strong></span> <span class='ocrx_word' id='word_1_117' title='bbox 1354 774 1451 815; x_wconf 92' lang='lat' dir='ltr'><strong>solet</strong></span> <span class='ocrx_word' id='word_1_118' title='bbox 1471 806 1485 825; x_wconf 88' lang='lat'><strong>,</strong></span> <span class='ocrx_word' id='word_1_119' title='bbox 1523 788 1588 816; x_wconf 88' lang='lat' dir='ltr'><strong>aut</strong></span> <span class='ocrx_word' id='word_1_120' title='bbox 1611 778 1727 818; x_wconf 87' lang='lat' dir='ltr'><strong>nimia</strong></span> <span class='ocrx_word' id='word_1_121' title='bbox 1747 775 1770 817; x_wconf 81' lang='grc' dir='ltr'>ὲ</span> <span class='ocrx_word' id='word_1_122' title='bbox 1790 777 1876 817; x_wconf 88' lang='lat' dir='ltr'><strong>casu</strong></span> <span class='ocrx_word' id='word_1_123' title='bbox 1899 774 2062 817; x_wconf 87' lang='lat' dir='ltr'><strong>conster-</strong></span> 
     </span>
     <span class='ocr_line' id='line_1_11' title="bbox 247 840 368 880; baseline -0.017 0"><span class='ocrx_word' id='word_1_124' title='bbox 247 840 368 880; x_wconf 81' lang='lat' dir='ltr'><strong>natio.</strong></span> 
     </span>
    </p>

    <p class='ocr_par' dir='ltr' id='par_1_3' title="bbox 239 891 2074 1903">
     <span class='ocr_line' id='line_1_12' title="bbox 395 891 2071 948; baseline -0.001 -13"><span class='ocrx_word' id='word_1_125' title='bbox 395 895 437 948; x_wconf 55' lang='grc' dir='ltr'><strong>ς,</strong></span> <span class='ocrx_word' id='word_1_126' title='bbox 467 894 510 934; x_wconf 91' lang='lat' dir='ltr'><strong>In</strong></span> <span class='ocrx_word' id='word_1_127' title='bbox 527 893 749 934; x_wconf 87' lang='lat' dir='ltr'><strong>muneribus</strong></span> <span class='ocrx_word' id='word_1_128' title='bbox 769 891 808 931; x_wconf 70' lang='grc' dir='ltr'><strong>δι</strong></span> <span class='ocrx_word' id='word_1_129' title='bbox 826 891 1047 933; x_wconf 85' lang='lat' dir='ltr'><strong>honoribus</strong></span> <span class='ocrx_word' id='word_1_130' title='bbox 1059 893 1238 946; x_wconf 86' lang='lat' dir='ltr'><strong>petendis</strong></span> <span class='ocrx_word' id='word_1_131' title='bbox 1258 892 1432 934; x_wconf 63' lang='lat' dir='ltr'><strong>doctrina</strong></span> <span class='ocrx_word' id='word_1_132' title='bbox 1444 894 1636 946; x_wconf 85' lang='lat' dir='ltr'><strong>praesentis</strong></span> <span class='ocrx_word' id='word_1_133' title='bbox 1658 894 1910 937; x_wconf 88' lang='lat' dir='ltr'><strong>Emblematis</strong></span> <span class='ocrx_word' id='word_1_134' title='bbox 1933 894 2071 935; x_wconf 85' lang='lat' dir='ltr'><strong>utiliffi.</strong></span> 
     </span>
     <span class='ocr_line' id='line_1_13' title="bbox 245 952 2067 1008; baseline -0.003 -9"><span class='ocrx_word' id='word_1_135' title='bbox 245 969 310 1000; x_wconf 89' lang='lat' dir='ltr'><strong>ma</strong></span> <span class='ocrx_word' id='word_1_136' title='bbox 334 954 400 997; x_wconf 87' lang='lat' dir='ltr'><strong>est.</strong></span> <span class='ocrx_word' id='word_1_137' title='bbox 463 955 544 1008; x_wconf 87' lang='lat' dir='ltr'><strong>Qui</strong></span> <span class='ocrx_word' id='word_1_138' title='bbox 569 952 748 993; x_wconf 87' lang='lat' dir='ltr'><strong>sustinere</strong></span> <span class='ocrx_word' id='word_1_139' title='bbox 769 952 808 992; x_wconf 89' lang='lat'>&amp;</span> <span class='ocrx_word' id='word_1_140' title='bbox 832 952 983 1004; x_wconf 87' lang='lat' dir='ltr'><strong>sperare</strong></span> <span class='ocrx_word' id='word_1_141' title='bbox 1007 955 1122 994; x_wconf 89' lang='lat' dir='ltr'><strong>novit</strong></span> <span class='ocrx_word' id='word_1_142' title='bbox 1142 983 1155 1001; x_wconf 88' lang='lat'><strong>,</strong></span> <span class='ocrx_word' id='word_1_143' title='bbox 1185 953 1381 994; x_wconf 86' lang='lat' dir='ltr'><strong>fortunam</strong></span> <span class='ocrx_word' id='word_1_144' title='bbox 1404 955 1519 994; x_wconf 89' lang='lat' dir='ltr'><strong>novit</strong></span> <span class='ocrx_word' id='word_1_145' title='bbox 1542 956 1801 1007; x_wconf 85' lang='lat' dir='ltr'><strong>triumphare,</strong></span> <span class='ocrx_word' id='word_1_146' title='bbox 1831 957 1869 996; x_wconf 72' lang='grc' dir='ltr'><strong>δε</strong></span> <span class='ocrx_word' id='word_1_147' title='bbox 1891 957 2067 999; x_wconf 71' lang='lat' dir='ltr'><strong>vincere,</strong></span> 
     </span>
     <span class='ocr_line' id='line_1_14' title="bbox 244 1012 2067 1072; baseline -0.002 -15"><span class='ocrx_word' id='word_1_148' title='bbox 244 1020 328 1072; x_wconf 88' lang='lat' dir='ltr'><strong>Qui</strong></span> <span class='ocrx_word' id='word_1_149' title='bbox 349 1027 465 1056; x_wconf 86' lang='lat' dir='ltr'><strong>morae</strong></span> <span class='ocrx_word' id='word_1_150' title='bbox 481 1014 684 1066; x_wconf 84' lang='lat' dir='ltr'><strong>impatiens</strong></span> <span class='ocrx_word' id='word_1_151' title='bbox 701 1013 840 1052; x_wconf 84' lang='lat' dir='ltr'><strong>auxilia</strong></span> <span class='ocrx_word' id='word_1_152' title='bbox 858 1012 897 1051; x_wconf 88' lang='lat'>&amp;</span> <span class='ocrx_word' id='word_1_153' title='bbox 917 1014 1198 1054; x_wconf 86' lang='lat' dir='ltr'><strong>submiffionem</strong></span> <span class='ocrx_word' id='word_1_154' title='bbox 1220 1016 1333 1054; x_wconf 85' lang='lat' dir='ltr'><strong>animi</strong></span> <span class='ocrx_word' id='word_1_155' title='bbox 1352 1015 1539 1054; x_wconf 86' lang='lat' dir='ltr'><strong>vilitatem</strong></span> <span class='ocrx_word' id='word_1_156' title='bbox 1566 1013 1640 1057; x_wconf 84' lang='lat' dir='ltr'><strong>ess&#39;e</strong></span> <span class='ocrx_word' id='word_1_157' title='bbox 1654 1025 1785 1067; x_wconf 84' lang='lat' dir='ltr'><strong>putat,</strong></span> <span class='ocrx_word' id='word_1_158' title='bbox 1816 1024 2067 1067; x_wconf 88' lang='lat' dir='ltr'><strong>contemptus</strong></span> 
     </span>
     <span class='ocr_line' id='line_1_15' title="bbox 241 1071 2069 1131; baseline -0.003 -13"><span class='ocrx_word' id='word_1_159' title='bbox 241 1077 385 1131; x_wconf 85' lang='lat' dir='ltr'><strong>jacebit</strong></span> <span class='ocrx_word' id='word_1_160' title='bbox 406 1105 417 1124; x_wconf 91' lang='lat'>‚</span> <span class='ocrx_word' id='word_1_161' title='bbox 448 1073 486 1114; x_wconf 91' lang='lat'>&amp;</span> <span class='ocrx_word' id='word_1_162' title='bbox 508 1071 714 1113; x_wconf 65' lang='lat' dir='ltr'><strong>derelictus</strong></span> <span class='ocrx_word' id='word_1_163' title='bbox 735 1073 783 1111; x_wconf 91' lang='lat' dir='ltr'><strong>ab</strong></span> <span class='ocrx_word' id='word_1_164' title='bbox 804 1074 998 1113; x_wconf 87' lang='lat' dir='ltr'><strong>omnibus.</strong></span> <span class='ocrx_word' id='word_1_165' title='bbox 1059 1073 1266 1114; x_wconf 81' lang='lat' dir='ltr'><strong>Honorem</strong></span> <span class='ocrx_word' id='word_1_166' title='bbox 1282 1077 1320 1114; x_wconf 88' lang='lat' dir='ltr'><strong>in</strong></span> <span class='ocrx_word' id='word_1_167' title='bbox 1348 1086 1397 1114; x_wconf 88' lang='lat' dir='ltr'><strong>eo</strong></span> <span class='ocrx_word' id='word_1_168' title='bbox 1417 1086 1591 1126; x_wconf 89' lang='lat' dir='ltr'><strong>ponere,</strong></span> <span class='ocrx_word' id='word_1_169' title='bbox 1622 1084 1666 1114; x_wconf 88' lang='lat' dir='ltr'><strong>ut</strong></span> <span class='ocrx_word' id='word_1_170' title='bbox 1683 1076 1788 1114; x_wconf 85' lang='lat' dir='ltr'><strong>alteri</strong></span> <span class='ocrx_word' id='word_1_171' title='bbox 1816 1088 1899 1116; x_wconf 90' lang='lat' dir='ltr'><strong>non</strong></span> <span class='ocrx_word' id='word_1_172' title='bbox 1917 1075 2069 1113; x_wconf 85' lang='lat' dir='ltr'><strong>obtem·</strong></span> 
     </span>
     <span class='ocr_line' id='line_1_16' title="bbox 243 1132 2072 1192; baseline -0.004 -14"><span class='ocrx_word' id='word_1_173' title='bbox 243 1147 385 1192; x_wconf 79' lang='lat' dir='ltr'><strong>peres3</strong></span> <span class='ocrx_word' id='word_1_174' title='bbox 415 1132 470 1174; x_wconf 89' lang='lat' dir='ltr'><strong>est</strong></span> <span class='ocrx_word' id='word_1_175' title='bbox 484 1134 627 1174; x_wconf 89' lang='lat' dir='ltr'><strong>nemini</strong></span> <span class='ocrx_word' id='word_1_176' title='bbox 647 1133 838 1186; x_wconf 83' lang='lat' dir='ltr'><strong>imperare</strong></span> <span class='ocrx_word' id='word_1_177' title='bbox 861 1134 979 1178; x_wconf 84' lang='lat' dir='ltr'><strong>velle.</strong></span> <span class='ocrx_word' id='word_1_178' title='bbox 1018 1132 1157 1173; x_wconf 87' lang='lat' dir='ltr'><strong>Media</strong></span> <span class='ocrx_word' id='word_1_179' title='bbox 1169 1145 1218 1172; x_wconf 81' lang='lat' dir='ltr'><strong>ex</strong></span> <span class='ocrx_word' id='word_1_180' title='bbox 1233 1132 1309 1174; x_wconf 85' lang='lat' dir='ltr'><strong>fine</strong></span> <span class='ocrx_word' id='word_1_181' title='bbox 1326 1134 1534 1177; x_wconf 76' lang='lat' dir='ltr'><strong>metienda.</strong></span> <span class='ocrx_word' id='word_1_182' title='bbox 1596 1133 1634 1173; x_wconf 86' lang='lat' dir='ltr'><strong>Si</strong></span> <span class='ocrx_word' id='word_1_183' title='bbox 1651 1136 1688 1174; x_wconf 88' lang='lat' dir='ltr'><strong>in</strong></span> <span class='ocrx_word' id='word_1_184' title='bbox 1704 1136 1813 1186; x_wconf 80' lang='lat' dir='ltr'><strong>hujus</strong></span> <span class='ocrx_word' id='word_1_185' title='bbox 1831 1134 2072 1174; x_wconf 82' lang='lat' dir='ltr'><strong>consecutio-</strong></span> 
     </span>
     <span class='ocr_line' id='line_1_17' title="bbox 243 1191 2071 1249; baseline -0.003 -12"><span class='ocrx_word' id='word_1_186' title='bbox 243 1209 294 1239; x_wconf 90' lang='lat' dir='ltr'><strong>ne</strong></span> <span class='ocrx_word' id='word_1_187' title='bbox 313 1195 400 1249; x_wconf 86' lang='lat' dir='ltr'><strong>plus</strong></span> <span class='ocrx_word' id='word_1_188' title='bbox 425 1195 584 1235; x_wconf 90' lang='lat' dir='ltr'><strong>honoris</strong></span> <span class='ocrx_word' id='word_1_189' title='bbox 603 1192 689 1233; x_wconf 78' lang='lat' dir='ltr'><strong>insit</strong></span> <span class='ocrx_word' id='word_1_190' title='bbox 711 1222 725 1243; x_wconf 91' lang='lat'><strong>,</strong></span> <span class='ocrx_word' id='word_1_191' title='bbox 754 1191 871 1245; x_wconf 75' lang='lat' dir='ltr'><strong>quam</strong></span> <span class='ocrx_word' id='word_1_192' title='bbox 896 1204 967 1245; x_wconf 90' lang='lat' dir='ltr'><strong>per</strong></span> <span class='ocrx_word' id='word_1_193' title='bbox 985 1195 1046 1233; x_wconf 89' lang='lat' dir='ltr'><strong>illa</strong></span> <span class='ocrx_word' id='word_1_194' title='bbox 1065 1195 1259 1233; x_wconf 88' lang='lat' dir='ltr'><strong>amittatur</strong></span> <span class='ocrx_word' id='word_1_195' title='bbox 1277 1224 1290 1240; x_wconf 92' lang='lat'><strong>,</strong></span> <span class='ocrx_word' id='word_1_196' title='bbox 1322 1195 1481 1234; x_wconf 89' lang='lat' dir='ltr'><strong>omnino</strong></span> <span class='ocrx_word' id='word_1_197' title='bbox 1501 1195 1544 1234; x_wconf 87' lang='lat' dir='ltr'><strong>iis</strong></span> <span class='ocrx_word' id='word_1_198' title='bbox 1562 1196 1761 1234; x_wconf 87' lang='lat' dir='ltr'><strong>convenit.</strong></span> <span class='ocrx_word' id='word_1_199' title='bbox 1823 1192 1948 1234; x_wconf 85' lang='lat' dir='ltr'><strong>Nolle</strong></span> <span class='ocrx_word' id='word_1_200' title='bbox 1967 1191 2071 1232; x_wconf 87' lang='lat' dir='ltr'><strong>susti-</strong></span> 
     </span>
     <span class='ocr_line' id='line_1_18' title="bbox 243 1253 2070 1308; baseline -0.004 -10"><span class='ocrx_word' id='word_1_201' title='bbox 243 1268 340 1299; x_wconf 88' lang='lat' dir='ltr'><strong>nere</strong></span> <span class='ocrx_word' id='word_1_202' title='bbox 353 1256 567 1308; x_wconf 83' lang='lat' dir='ltr'><strong>patienter,</strong></span> <span class='ocrx_word' id='word_1_203' title='bbox 584 1253 698 1293; x_wconf 87' lang='lat' dir='ltr'><strong>animi</strong></span> <span class='ocrx_word' id='word_1_204' title='bbox 720 1253 985 1293; x_wconf 80' lang='lat' dir='ltr'><strong>excelsitatem</strong></span> <span class='ocrx_word' id='word_1_205' title='bbox 1007 1253 1245 1302; x_wconf 83' lang='lat' dir='ltr'><strong>arbitramur,</strong></span> <span class='ocrx_word' id='word_1_206' title='bbox 1264 1253 1302 1294; x_wconf 89' lang='lat'>&amp;</span> <span class='ocrx_word' id='word_1_207' title='bbox 1320 1253 1543 1307; x_wconf 88' lang='lat' dir='ltr'><strong>imprudens</strong></span> <span class='ocrx_word' id='word_1_208' title='bbox 1559 1253 1734 1306; x_wconf 84' lang='lat' dir='ltr'><strong>superbia</strong></span> <span class='ocrx_word' id='word_1_209' title='bbox 1750 1253 1816 1294; x_wconf 86' lang='lat' dir='ltr'><strong>est.</strong></span> <span class='ocrx_word' id='word_1_210' title='bbox 1885 1253 2070 1294; x_wconf 90' lang='lat' dir='ltr'><strong>Obtentis</strong></span> 
     </span>
     <span class='ocr_line' id='line_1_19' title="bbox 241 1311 2072 1365; baseline -0.004 -7"><span class='ocrx_word' id='word_1_211' title='bbox 241 1316 585 1363; x_wconf 87' lang='lat' dir='ltr'><strong>honoribus‚m0x</strong></span> <span class='ocrx_word' id='word_1_212' title='bbox 600 1312 851 1353; x_wconf 86' lang='lat' dir='ltr'><strong>obducuntur</strong></span> <span class='ocrx_word' id='word_1_213' title='bbox 866 1312 1041 1365; x_wconf 85' lang='lat' dir='ltr'><strong>passuum</strong></span> <span class='ocrx_word' id='word_1_214' title='bbox 1057 1311 1388 1365; x_wconf 81' lang='lat' dir='ltr'><strong>vestigia,quibus</strong></span> <span class='ocrx_word' id='word_1_215' title='bbox 1410 1313 1456 1353; x_wconf 89' lang='lat' dir='ltr'><strong>ad</strong></span> <span class='ocrx_word' id='word_1_216' title='bbox 1474 1315 1559 1352; x_wconf 89' lang='lat' dir='ltr'><strong>illos</strong></span> <span class='ocrx_word' id='word_1_217' title='bbox 1582 1314 1772 1353; x_wconf 87' lang='lat' dir='ltr'><strong>ascensum</strong></span> <span class='ocrx_word' id='word_1_218' title='bbox 1794 1314 1879 1353; x_wconf 87' lang='lat' dir='ltr'><strong>fuit.</strong></span> <span class='ocrx_word' id='word_1_219' title='bbox 1941 1311 2072 1352; x_wconf 90' lang='lat' dir='ltr'><strong>Multa</strong></span> 
     </span>
     <span class='ocr_line' id='line_1_20' title="bbox 241 1370 2070 1427; baseline -0.003 -10"><span class='ocrx_word' id='word_1_220' title='bbox 241 1377 345 1419; x_wconf 84' lang='lat' dir='ltr'><strong>serre</strong></span> <span class='ocrx_word' id='word_1_221' title='bbox 366 1374 404 1415; x_wconf 87' lang='lat'>&amp;</span> <span class='ocrx_word' id='word_1_222' title='bbox 417 1376 497 1427; x_wconf 88' lang='lat' dir='ltr'><strong>pati</strong></span> <span class='ocrx_word' id='word_1_223' title='bbox 515 1404 529 1424; x_wconf 91' lang='lat'><strong>,</strong></span> <span class='ocrx_word' id='word_1_224' title='bbox 559 1382 603 1412; x_wconf 90' lang='lat' dir='ltr'><strong>ut</strong></span> <span class='ocrx_word' id='word_1_225' title='bbox 622 1371 757 1424; x_wconf 80' lang='lat' dir='ltr'><strong>postea</strong></span> <span class='ocrx_word' id='word_1_226' title='bbox 773 1371 822 1412; x_wconf 90' lang='lat' dir='ltr'><strong>ad</strong></span> <span class='ocrx_word' id='word_1_227' title='bbox 840 1374 994 1412; x_wconf 87' lang='lat' dir='ltr'><strong>altiores</strong></span> <span class='ocrx_word' id='word_1_228' title='bbox 1014 1374 1210 1413; x_wconf 89' lang='lat' dir='ltr'><strong>honorum</strong></span> <span class='ocrx_word' id='word_1_229' title='bbox 1226 1373 1363 1425; x_wconf 87' lang='lat' dir='ltr'><strong>gradus</strong></span> <span class='ocrx_word' id='word_1_230' title='bbox 1385 1373 1561 1412; x_wconf 88' lang='lat' dir='ltr'><strong>eveharis</strong></span> <span class='ocrx_word' id='word_1_231' title='bbox 1575 1402 1587 1422; x_wconf 90' lang='lat'><strong>,</strong></span> <span class='ocrx_word' id='word_1_232' title='bbox 1618 1385 1698 1413; x_wconf 90' lang='lat' dir='ltr'><strong>non</strong></span> <span class='ocrx_word' id='word_1_233' title='bbox 1714 1375 1800 1412; x_wconf 87' lang='lat' dir='ltr'><strong>vilis</strong></span> <span class='ocrx_word' id='word_1_234' title='bbox 1827 1370 1979 1423; x_wconf 71' lang='lat' dir='ltr'><strong>abjecto</strong></span> <span class='ocrx_word' id='word_1_235' title='bbox 2000 1370 2070 1420; x_wconf 85' lang='lat' dir='ltr'><strong>est,</strong></span> 
     </span>
     <span class='ocr_line' id='line_1_21' title="bbox 243 1431 2072 1486; baseline -0.004 -8"><span class='ocrx_word' id='word_1_236' title='bbox 243 1436 310 1479; x_wconf 89' lang='lat' dir='ltr'><strong>sed</strong></span> <span class='ocrx_word' id='word_1_237' title='bbox 332 1435 515 1476; x_wconf 85' lang='lat' dir='ltr'><strong>eximium</strong></span> <span class='ocrx_word' id='word_1_238' title='bbox 542 1434 657 1472; x_wconf 86' lang='lat' dir='ltr'><strong>animi</strong></span> <span class='ocrx_word' id='word_1_239' title='bbox 682 1432 730 1473; x_wconf 90' lang='lat' dir='ltr'><strong>ad</strong></span> <span class='ocrx_word' id='word_1_240' title='bbox 752 1444 889 1484; x_wconf 87' lang='lat' dir='ltr'><strong>magna</strong></span> <span class='ocrx_word' id='word_1_241' title='bbox 904 1434 1144 1480; x_wconf 45' lang='lat' dir='ltr'><strong>connitentis,</strong></span> <span class='ocrx_word' id='word_1_242' title='bbox 1155 1432 1288 1473; x_wconf 89' lang='lat' dir='ltr'><strong>robur.</strong></span> <span class='ocrx_word' id='word_1_243' title='bbox 1351 1432 1543 1486; x_wconf 65' lang='lat' dir='ltr'><strong>Quaedam</strong></span> <span class='ocrx_word' id='word_1_244' title='bbox 1565 1431 1648 1472; x_wconf 88' lang='lat' dir='ltr'><strong>sunt</strong></span> <span class='ocrx_word' id='word_1_245' title='bbox 1673 1434 1822 1485; x_wconf 86' lang='lat' dir='ltr'><strong>ingenia</strong></span> <span class='ocrx_word' id='word_1_246' title='bbox 1842 1465 1853 1481; x_wconf 91' lang='lat'>‚</span> <span class='ocrx_word' id='word_1_247' title='bbox 1885 1445 1970 1484; x_wconf 83' lang='lat' dir='ltr'><strong>quae</strong></span> <span class='ocrx_word' id='word_1_248' title='bbox 1987 1443 2072 1471; x_wconf 89' lang='lat' dir='ltr'><strong>mo-</strong></span> 
     </span>
     <span class='ocr_line' id='line_1_22' title="bbox 240 1490 2071 1545; baseline -0.004 -7"><span class='ocrx_word' id='word_1_249' title='bbox 240 1509 322 1538; x_wconf 86' lang='lat' dir='ltr'><strong>ram</strong></span> <span class='ocrx_word' id='word_1_250' title='bbox 343 1493 445 1536; x_wconf 81' lang='lat' dir='ltr'><strong>ferre</strong></span> <span class='ocrx_word' id='word_1_251' title='bbox 467 1501 668 1545; x_wconf 90' lang='lat' dir='ltr'><strong>nequeunt</strong></span> <span class='ocrx_word' id='word_1_252' title='bbox 690 1523 703 1542; x_wconf 91' lang='lat'><strong>,</strong></span> <span class='ocrx_word' id='word_1_253' title='bbox 733 1494 875 1545; x_wconf 82' lang='lat' dir='ltr'><strong>exiguo</strong></span> <span class='ocrx_word' id='word_1_254' title='bbox 896 1494 1084 1544; x_wconf 87' lang='lat' dir='ltr'><strong>temporis</strong></span> <span class='ocrx_word' id='word_1_255' title='bbox 1100 1493 1222 1544; x_wconf 88' lang='lat' dir='ltr'><strong>spatio</strong></span> <span class='ocrx_word' id='word_1_256' title='bbox 1249 1494 1379 1533; x_wconf 85' lang='lat' dir='ltr'><strong>omnia</strong></span> <span class='ocrx_word' id='word_1_257' title='bbox 1405 1494 1546 1531; x_wconf 88' lang='lat' dir='ltr'><strong>volunt</strong></span> <span class='ocrx_word' id='word_1_258' title='bbox 1565 1491 1718 1532; x_wconf 89' lang='lat' dir='ltr'><strong>confici.</strong></span> <span class='ocrx_word' id='word_1_259' title='bbox 1778 1492 1834 1531; x_wconf 87' lang='lat' dir='ltr'><strong>Ita</strong></span> <span class='ocrx_word' id='word_1_260' title='bbox 1856 1490 1923 1544; x_wconf 75' lang='lat' dir='ltr'><strong>(c)</strong></span> <span class='ocrx_word' id='word_1_261' title='bbox 1942 1491 2071 1531; x_wconf 76' lang='lat' dir='ltr'><strong>Bruti·</strong></span> 
     </span>
     <span class='ocr_line' id='line_1_23' title="bbox 241 1546 2074 1606; baseline -0.005 -8"><span class='ocrx_word' id='word_1_262' title='bbox 241 1555 334 1599; x_wconf 76' lang='lat' dir='ltr'><strong>dium</strong></span> <span class='ocrx_word' id='word_1_263' title='bbox 362 1553 501 1596; x_wconf 69' lang='lat' dir='ltr'><strong>artibus</strong></span> <span class='ocrx_word' id='word_1_264' title='bbox 523 1551 666 1606; x_wconf 63' lang='lat' dir='ltr'><strong>honestis</strong></span> <span class='ocrx_word' id='word_1_265' title='bbox 686 1549 842 1603; x_wconf 78' lang='lat' dir='ltr'><strong>copiofimz</strong></span> <span class='ocrx_word' id='word_1_266' title='bbox 872 1583 885 1602; x_wconf 92' lang='lat'><strong>,</strong></span> <span class='ocrx_word' id='word_1_267' title='bbox 903 1552 964 1604; x_wconf 79' lang='lat' dir='ltr'><strong>etfi</strong></span> <span class='ocrx_word' id='word_1_268' title='bbox 977 1553 1109 1592; x_wconf 62' lang='lat' dir='ltr'><strong>merum</strong></span> <span class='ocrx_word' id='word_1_269' title='bbox 1131 1555 1200 1593; x_wconf 69' lang='lat' dir='ltr'><strong>iter</strong></span> <span class='ocrx_word' id='word_1_270' title='bbox 1205 1560 1373 1605; x_wconf 82' lang='lat' dir='ltr'><strong>pergeret</strong></span> <span class='ocrx_word' id='word_1_271' title='bbox 1387 1583 1400 1602; x_wconf 92' lang='lat'><strong>,</strong></span> <span class='ocrx_word' id='word_1_272' title='bbox 1430 1551 1479 1591; x_wconf 67' lang='lat' dir='ltr'><strong>acl</strong></span> <span class='ocrx_word' id='word_1_273' title='bbox 1499 1550 1680 1606; x_wconf 69' lang='lat' dir='ltr'><strong>clarrfflma</strong></span> <span class='ocrx_word' id='word_1_274' title='bbox 1707 1565 1852 1605; x_wconf 77' lang='lat' dir='ltr'><strong>quaeque</strong></span> <span class='ocrx_word' id='word_1_275' title='bbox 1876 1553 2006 1590; x_wconf 80' lang='lat' dir='ltr'><strong>iturum</strong></span> <span class='ocrx_word' id='word_1_276' title='bbox 2012 1546 2074 1600; x_wconf 85' lang='lat' dir='ltr'><strong>fe-</strong></span> 
     </span>
     <span class='ocr_line' id='line_1_24' title="bbox 240 1608 2070 1668; baseline -0.005 -11"><span class='ocrx_word' id='word_1_277' title='bbox 240 1618 335 1660; x_wconf 80' lang='lat' dir='ltr'><strong>natio</strong></span> <span class='ocrx_word' id='word_1_278' title='bbox 346 1612 569 1668; x_wconf 79' lang='lat' dir='ltr'><strong>stimulabat,</strong></span> <span class='ocrx_word' id='word_1_279' title='bbox 598 1609 679 1651; x_wconf 74' lang='lat' dir='ltr'><strong>dum</strong></span> <span class='ocrx_word' id='word_1_280' title='bbox 697 1612 847 1664; x_wconf 67' lang='lat' dir='ltr'><strong>aequales</strong></span> <span class='ocrx_word' id='word_1_281' title='bbox 872 1643 885 1660; x_wconf 84' lang='lat'><strong>,</strong></span> <span class='ocrx_word' id='word_1_282' title='bbox 917 1610 994 1650; x_wconf 82' lang='lat' dir='ltr'><strong>dein</strong></span> <span class='ocrx_word' id='word_1_283' title='bbox 1003 1609 1201 1663; x_wconf 69' lang='lat' dir='ltr'><strong>filperiores</strong></span> <span class='ocrx_word' id='word_1_284' title='bbox 1219 1641 1233 1661; x_wconf 89' lang='lat'><strong>,</strong></span> <span class='ocrx_word' id='word_1_285' title='bbox 1254 1610 1422 1665; x_wconf 69' lang='lat' dir='ltr'><strong>pcfflremd</strong></span> <span class='ocrx_word' id='word_1_286' title='bbox 1439 1609 1586 1663; x_wconf 79' lang='lat' dir='ltr'><strong>fimsmet</strong></span> <span class='ocrx_word' id='word_1_287' title='bbox 1610 1608 1682 1663; x_wconf 64' lang='lat' dir='ltr'><strong>spes</strong></span> <span class='ocrx_word' id='word_1_288' title='bbox 1705 1614 1837 1652; x_wconf 70' lang='lat' dir='ltr'><strong>anteire</strong></span> <span class='ocrx_word' id='word_1_289' title='bbox 1850 1618 1977 1664; x_wconf 80' lang='lat' dir='ltr'><strong>parat.</strong></span> <span class='ocrx_word' id='word_1_290' title='bbox 2035 1608 2070 1648; x_wconf 85' lang='lat' dir='ltr'><strong>I-</strong></span> 
     </span>
     <span class='ocr_line' id='line_1_25' title="bbox 239 1669 2071 1727; baseline -0.004 -11"><span class='ocrx_word' id='word_1_291' title='bbox 239 1675 300 1717; x_wconf 89' lang='lat' dir='ltr'><strong>sto</strong></span> <span class='ocrx_word' id='word_1_292' title='bbox 319 1673 468 1727; x_wconf 79' lang='lat' dir='ltr'><strong>abrepti</strong></span> <span class='ocrx_word' id='word_1_293' title='bbox 485 1673 634 1723; x_wconf 87' lang='lat' dir='ltr'><strong>impetu</strong></span> <span class='ocrx_word' id='word_1_294' title='bbox 654 1670 781 1709; x_wconf 89' lang='lat' dir='ltr'><strong>media</strong></span> <span class='ocrx_word' id='word_1_295' title='bbox 800 1670 990 1709; x_wconf 88' lang='lat' dir='ltr'><strong>securiora</strong></span> <span class='ocrx_word' id='word_1_296' title='bbox 1009 1671 1254 1722; x_wconf 86' lang='lat' dir='ltr'><strong>aspernantur</strong></span> <span class='ocrx_word' id='word_1_297' title='bbox 1268 1701 1280 1718; x_wconf 91' lang='lat'><strong>,</strong></span> <span class='ocrx_word' id='word_1_298' title='bbox 1310 1673 1397 1722; x_wconf 88' lang='lat' dir='ltr'><strong>quia</strong></span> <span class='ocrx_word' id='word_1_299' title='bbox 1418 1670 1545 1720; x_wconf 86' lang='lat' dir='ltr'><strong>tarda,</strong></span> <span class='ocrx_word' id='word_1_300' title='bbox 1557 1671 1596 1711; x_wconf 87' lang='lat'>&amp;</span> <span class='ocrx_word' id='word_1_301' title='bbox 1610 1671 1855 1711; x_wconf 89' lang='lat' dir='ltr'><strong>brevioribus</strong></span> <span class='ocrx_word' id='word_1_302' title='bbox 1871 1702 1882 1720; x_wconf 87' lang='lat'><strong>,</strong></span> <span class='ocrx_word' id='word_1_303' title='bbox 1913 1669 1982 1710; x_wconf 81' lang='lat' dir='ltr'><strong>etsi</strong></span> <span class='ocrx_word' id='word_1_304' title='bbox 1994 1680 2071 1709; x_wconf 87' lang='lat' dir='ltr'><strong>ma-</strong></span> 
     </span>
     <span class='ocr_line' id='line_1_26' title="bbox 239 1727 2070 1790; baseline -0.004 -15"><span class='ocrx_word' id='word_1_305' title='bbox 239 1737 297 1790; x_wconf 87' lang='lat' dir='ltr'><strong>gis</strong></span> <span class='ocrx_word' id='word_1_306' title='bbox 314 1730 539 1787; x_wconf 75' lang='lat' dir='ltr'><strong>periculosis</strong></span> <span class='ocrx_word' id='word_1_307' title='bbox 559 1759 572 1779; x_wconf 89' lang='lat'><strong>,</strong></span> <span class='ocrx_word' id='word_1_308' title='bbox 604 1730 661 1768; x_wconf 89' lang='lat' dir='ltr'><strong>uti</strong></span> <span class='ocrx_word' id='word_1_309' title='bbox 681 1727 758 1783; x_wconf 75' lang='lat' dir='ltr'><strong>(d)</strong></span> <span class='ocrx_word' id='word_1_310' title='bbox 775 1731 934 1769; x_wconf 86' lang='lat' dir='ltr'><strong>malunt.</strong></span> <span class='ocrx_word' id='word_1_311' title='bbox 997 1728 1071 1769; x_wconf 90' lang='lat' dir='ltr'><strong>His</strong></span> <span class='ocrx_word' id='word_1_312' title='bbox 1089 1731 1248 1770; x_wconf 85' lang='lat' dir='ltr'><strong>evenire</strong></span> <span class='ocrx_word' id='word_1_313' title='bbox 1272 1729 1369 1771; x_wconf 89' lang='lat' dir='ltr'><strong>solet</strong></span> <span class='ocrx_word' id='word_1_314' title='bbox 1384 1760 1396 1780; x_wconf 90' lang='lat'>‚</span> <span class='ocrx_word' id='word_1_315' title='bbox 1429 1730 1537 1782; x_wconf 87' lang='lat' dir='ltr'><strong>quod</strong></span> <span class='ocrx_word' id='word_1_316' title='bbox 1564 1730 1731 1771; x_wconf 85' lang='lat' dir='ltr'><strong>aedificiis</strong></span> <span class='ocrx_word' id='word_1_317' title='bbox 1756 1732 1883 1771; x_wconf 87' lang='lat' dir='ltr'><strong>subito</strong></span> <span class='ocrx_word' id='word_1_318' title='bbox 1899 1760 1910 1778; x_wconf 83' lang='grc'><em>,</em></span> <span class='ocrx_word' id='word_1_319' title='bbox 1942 1729 1982 1770; x_wconf 89' lang='lat'>&amp;</span> <span class='ocrx_word' id='word_1_320' title='bbox 2009 1738 2070 1768; x_wconf 89' lang='lat' dir='ltr'><strong>tu·</strong></span> 
     </span>
     <span class='ocr_line' id='line_1_27' title="bbox 239 1787 2072 1844; baseline -0.004 -9"><span class='ocrx_word' id='word_1_321' title='bbox 239 1793 448 1838; x_wconf 88' lang='lat' dir='ltr'><strong>multuario</strong></span> <span class='ocrx_word' id='word_1_322' title='bbox 468 1801 589 1843; x_wconf 86' lang='lat' dir='ltr'><strong>opere</strong></span> <span class='ocrx_word' id='word_1_323' title='bbox 611 1787 797 1830; x_wconf 69' lang='lat' dir='ltr'><strong>extructis</strong></span> <span class='ocrx_word' id='word_1_324' title='bbox 819 1799 1026 1841; x_wconf 87' lang='lat' dir='ltr'><strong>antequam</strong></span> <span class='ocrx_word' id='word_1_325' title='bbox 1045 1792 1148 1844; x_wconf 86' lang='lat' dir='ltr'><strong>tigna</strong></span> <span class='ocrx_word' id='word_1_326' title='bbox 1164 1790 1202 1831; x_wconf 73' lang='grc' dir='ltr'><strong>δε</strong></span> <span class='ocrx_word' id='word_1_327' title='bbox 1223 1790 1350 1832; x_wconf 89' lang='lat' dir='ltr'><strong>trabes</strong></span> <span class='ocrx_word' id='word_1_328' title='bbox 1379 1789 1487 1832; x_wconf 64' lang='lat' dir='ltr'><strong>reete</strong></span> <span class='ocrx_word' id='word_1_329' title='bbox 1509 1790 1725 1842; x_wconf 81' lang='lat' dir='ltr'><strong>subsidere,</strong></span> <span class='ocrx_word' id='word_1_330' title='bbox 1742 1791 1780 1832; x_wconf 72' lang='grc' dir='ltr'><strong>δι</strong></span> <span class='ocrx_word' id='word_1_331' title='bbox 1803 1790 1983 1832; x_wconf 85' lang='lat' dir='ltr'><strong>exsiccari</strong></span> <span class='ocrx_word' id='word_1_332' title='bbox 1999 1800 2072 1842; x_wconf 89' lang='lat' dir='ltr'><strong>po-</strong></span> 
     </span>
     <span class='ocr_line' id='line_1_28' title="bbox 242 1849 1055 1903; baseline -0.01 -6"><span class='ocrx_word' id='word_1_333' title='bbox 242 1856 401 1903; x_wconf 85' lang='lat' dir='ltr'><strong>tuerint,</strong></span> <span class='ocrx_word' id='word_1_334' title='bbox 418 1863 503 1903; x_wconf 87' lang='lat' dir='ltr'><strong>quae</strong></span> <span class='ocrx_word' id='word_1_335' title='bbox 522 1861 619 1890; x_wconf 84' lang='lat' dir='ltr'><strong>mox</strong></span> <span class='ocrx_word' id='word_1_336' title='bbox 635 1850 777 1889; x_wconf 90' lang='lat' dir='ltr'><strong>iterum</strong></span> <span class='ocrx_word' id='word_1_337' title='bbox 795 1849 1055 1889; x_wconf 87' lang='lat' dir='ltr'><strong>collabuntur.</strong></span> 
     </span>
    </p>

    <p class='ocr_par' dir='ltr' id='par_1_4' title="bbox 242 1906 2072 2568">
     <span class='ocr_line' id='line_1_29' title="bbox 395 1906 2069 1963; baseline -0.002 -13"><span class='ocrx_word' id='word_1_338' title='bbox 395 1911 432 1963; x_wconf 55' lang='grc' dir='ltr'><strong>ς.</strong></span> <span class='ocrx_word' id='word_1_339' title='bbox 460 1910 504 1950; x_wconf 88' lang='lat' dir='ltr'><strong>ln</strong></span> <span class='ocrx_word' id='word_1_340' title='bbox 527 1908 717 1960; x_wconf 86' lang='lat' dir='ltr'><strong>sperando</strong></span> <span class='ocrx_word' id='word_1_341' title='bbox 745 1907 784 1947; x_wconf 88' lang='lat'>&amp;</span> <span class='ocrx_word' id='word_1_342' title='bbox 815 1906 1035 1947; x_wconf 87' lang='lat' dir='ltr'><strong>sustinendo</strong></span> <span class='ocrx_word' id='word_1_343' title='bbox 1060 1909 1225 1948; x_wconf 81' lang='lat' dir='ltr'><strong>maxima</strong></span> <span class='ocrx_word' id='word_1_344' title='bbox 1257 1909 1407 1959; x_wconf 90' lang='lat' dir='ltr'><strong>imperii</strong></span> <span class='ocrx_word' id='word_1_345' title='bbox 1426 1909 1599 1959; x_wconf 79' lang='lat' dir='ltr'><strong>praesldl&#39;a</strong></span> <span class='ocrx_word' id='word_1_346' title='bbox 1630 1910 1870 1951; x_wconf 77' lang='lat' dir='ltr'><strong>consistunt:</strong></span> <span class='ocrx_word' id='word_1_347' title='bbox 1900 1911 1944 1949; x_wconf 88' lang='lat' dir='ltr'><strong>iis</strong></span> <span class='ocrx_word' id='word_1_348' title='bbox 1965 1910 2069 1948; x_wconf 87' lang='lat' dir='ltr'><strong>enim</strong></span> 
     </span>
     <span class='ocr_line' id='line_1_30' title="bbox 243 1966 2071 2020; baseline -0.004 -7"><span class='ocrx_word' id='word_1_349' title='bbox 243 1972 381 2017; x_wconf 85' lang='lat' dir='ltr'><strong>mediis</strong></span> <span class='ocrx_word' id='word_1_350' title='bbox 399 1969 465 2020; x_wconf 84' lang='lat' dir='ltr'><strong>fit,</strong></span> <span class='ocrx_word' id='word_1_351' title='bbox 494 1979 538 2008; x_wconf 85' lang='lat' dir='ltr'><strong>ut</strong></span> <span class='ocrx_word' id='word_1_352' title='bbox 555 1969 685 2008; x_wconf 86' lang='lat' dir='ltr'><strong>omnia</strong></span> <span class='ocrx_word' id='word_1_353' title='bbox 701 1978 856 2020; x_wconf 85' lang='lat' dir='ltr'><strong>agamus</strong></span> <span class='ocrx_word' id='word_1_354' title='bbox 876 1979 966 2006; x_wconf 89' lang='lat' dir='ltr'><strong>cum</strong></span> <span class='ocrx_word' id='word_1_355' title='bbox 988 1975 1166 2018; x_wconf 89' lang='lat' dir='ltr'><strong>tempore</strong></span> <span class='ocrx_word' id='word_1_356' title='bbox 1189 1996 1202 2015; x_wconf 87' lang='lat'><em>‚</em></span> <span class='ocrx_word' id='word_1_357' title='bbox 1232 1966 1312 2006; x_wconf 84' lang='lat' dir='ltr'><strong>fine</strong></span> <span class='ocrx_word' id='word_1_358' title='bbox 1330 1979 1409 2018; x_wconf 89' lang='lat' dir='ltr'><strong>quo</strong></span> <span class='ocrx_word' id='word_1_359' title='bbox 1425 1979 1486 2007; x_wconf 85' lang='lat' dir='ltr'><strong>res</strong></span> <span class='ocrx_word' id='word_1_360' title='bbox 1513 1968 1616 2008; x_wconf 88' lang='lat' dir='ltr'><strong>nulla</strong></span> <span class='ocrx_word' id='word_1_361' title='bbox 1645 1971 1903 2008; x_wconf 83' lang='lat' dir='ltr'><strong>maturitatem</strong></span> <span class='ocrx_word' id='word_1_362' title='bbox 1929 1967 2071 2018; x_wconf 76' lang='lat' dir='ltr'><strong>assequi</strong></span> 
     </span>
     <span class='ocr_line' id='line_1_31' title="bbox 242 2025 2069 2090; baseline -0.005 -15"><span class='ocrx_word' id='word_1_363' title='bbox 242 2032 387 2090; x_wconf 85' lang='lat' dir='ltr'><strong>potest.</strong></span> <span class='ocrx_word' id='word_1_364' title='bbox 447 2030 643 2077; x_wconf 80' lang='lat' dir='ltr'><strong>Arbores,</strong></span> <span class='ocrx_word' id='word_1_365' title='bbox 673 2039 758 2079; x_wconf 66' lang='lat' dir='ltr'><strong>quae</strong></span> <span class='ocrx_word' id='word_1_366' title='bbox 782 2039 876 2067; x_wconf 85' lang='lat' dir='ltr'><strong>mox</strong></span> <span class='ocrx_word' id='word_1_367' title='bbox 894 2027 940 2065; x_wconf 87' lang='lat' dir='ltr'><strong>ad</strong></span> <span class='ocrx_word' id='word_1_368' title='bbox 965 2028 1129 2078; x_wconf 87' lang='lat' dir='ltr'><strong>primum</strong></span> <span class='ocrx_word' id='word_1_369' title='bbox 1148 2025 1316 2066; x_wconf 85' lang='lat' dir='ltr'><strong>calorem</strong></span> <span class='ocrx_word' id='word_1_370' title='bbox 1339 2026 1456 2067; x_wconf 87' lang='lat' dir='ltr'><strong>flores</strong></span> <span class='ocrx_word' id='word_1_371' title='bbox 1473 2029 1680 2076; x_wconf 88' lang='lat' dir='ltr'><strong>emittunt,</strong></span> <span class='ocrx_word' id='word_1_372' title='bbox 1714 2028 1792 2067; x_wconf 80' lang='lat' dir='ltr'><strong>cito</strong></span> <span class='ocrx_word' id='word_1_373' title='bbox 1815 2027 1975 2067; x_wconf 88' lang='lat' dir='ltr'><strong>eosdem</strong></span> <span class='ocrx_word' id='word_1_374' title='bbox 2003 2026 2069 2066; x_wconf 90' lang='lat' dir='ltr'><strong>de-</strong></span> 
     </span>
     <span class='ocr_line' id='line_1_32' title="bbox 243 2084 2072 2150; baseline -0.004 -17"><span class='ocrx_word' id='word_1_375' title='bbox 243 2093 416 2150; x_wconf 89' lang='lat' dir='ltr'><strong>perdunt</strong></span> <span class='ocrx_word' id='word_1_376' title='bbox 438 2120 451 2139; x_wconf 91' lang='lat'><strong>,</strong></span> <span class='ocrx_word' id='word_1_377' title='bbox 482 2089 532 2128; x_wconf 82' lang='lat' dir='ltr'><strong>eo</strong></span> <span class='ocrx_word' id='word_1_378' title='bbox 550 2086 659 2138; x_wconf 82' lang='lat' dir='ltr'><strong>quod</strong></span> <span class='ocrx_word' id='word_1_379' title='bbox 686 2099 767 2127; x_wconf 91' lang='lat' dir='ltr'><strong>non</strong></span> <span class='ocrx_word' id='word_1_380' title='bbox 784 2086 1103 2139; x_wconf 45' lang='lat' dir='ltr'><strong>affectaverint,</strong></span> <span class='ocrx_word' id='word_1_381' title='bbox 1135 2086 1263 2125; x_wconf 90' lang='lat' dir='ltr'><strong>donec</strong></span> <span class='ocrx_word' id='word_1_382' title='bbox 1290 2085 1442 2134; x_wconf 86' lang='lat' dir='ltr'><strong>hyemis</strong></span> <span class='ocrx_word' id='word_1_383' title='bbox 1465 2086 1642 2137; x_wconf 84' lang='lat' dir='ltr'><strong>asperitas</strong></span> <span class='ocrx_word' id='word_1_384' title='bbox 1674 2084 1922 2138; x_wconf 81' lang='lat' dir='ltr'><strong>praeteriiffet.</strong></span> <span class='ocrx_word' id='word_1_385' title='bbox 1983 2084 2072 2125; x_wconf 89' lang='lat' dir='ltr'><strong>Ne-</strong></span> 
     </span>
     <span class='ocr_line' id='line_1_33' title="bbox 247 2144 2069 2210; baseline -0.005 -17"><span class='ocrx_word' id='word_1_386' title='bbox 247 2146 593 2210; x_wconf 56' lang='lat' dir='ltr'><strong>gotiorumfiructu</strong></span> <span class='ocrx_word' id='word_1_387' title='bbox 613 2146 780 2200; x_wconf 85' lang='lat' dir='ltr'><strong>gaudere</strong></span> <span class='ocrx_word' id='word_1_388' title='bbox 799 2158 880 2186; x_wconf 92' lang='lat' dir='ltr'><strong>non</strong></span> <span class='ocrx_word' id='word_1_389' title='bbox 905 2144 1034 2198; x_wconf 88' lang='lat' dir='ltr'><strong>potest</strong></span> <span class='ocrx_word' id='word_1_390' title='bbox 1052 2176 1065 2194; x_wconf 86' lang='lat'>‚</span> <span class='ocrx_word' id='word_1_391' title='bbox 1096 2147 1161 2196; x_wconf 90' lang='lat' dir='ltr'><strong>qui</strong></span> <span class='ocrx_word' id='word_1_392' title='bbox 1197 2157 1243 2185; x_wconf 90' lang='lat' dir='ltr'><strong>ea</strong></span> <span class='ocrx_word' id='word_1_393' title='bbox 1267 2145 1442 2184; x_wconf 87' lang='lat' dir='ltr'><strong>manibus</strong></span> <span class='ocrx_word' id='word_1_394' title='bbox 1484 2144 1532 2184; x_wconf 89' lang='lat' dir='ltr'><strong>ad</strong></span> <span class='ocrx_word' id='word_1_395' title='bbox 1560 2148 1817 2186; x_wconf 87' lang='lat' dir='ltr'><strong>maturitatem</strong></span> <span class='ocrx_word' id='word_1_396' title='bbox 1853 2145 2069 2199; x_wconf 84' lang='lat' dir='ltr'><strong>perducere</strong></span> 
     </span>
     <span class='ocr_line' id='line_1_34' title="bbox 248 2202 2067 2259; baseline -0.008 -3"><span class='ocrx_word' id='word_1_397' title='bbox 248 2211 465 2256; x_wconf 89' lang='lat' dir='ltr'><strong>contendit.</strong></span> <span class='ocrx_word' id='word_1_398' title='bbox 526 2207 770 2259; x_wconf 87' lang='lat' dir='ltr'><strong>Impatientia</strong></span> <span class='ocrx_word' id='word_1_399' title='bbox 788 2207 994 2246; x_wconf 89' lang='lat' dir='ltr'><strong>abortuum</strong></span> <span class='ocrx_word' id='word_1_400' title='bbox 1017 2205 1126 2245; x_wconf 89' lang='lat' dir='ltr'><strong>causa</strong></span> <span class='ocrx_word' id='word_1_401' title='bbox 1146 2204 1202 2245; x_wconf 88' lang='lat' dir='ltr'><strong>est</strong></span> <span class='ocrx_word' id='word_1_402' title='bbox 1215 2234 1230 2255; x_wconf 91' lang='lat'>‚</span> <span class='ocrx_word' id='word_1_403' title='bbox 1274 2204 1312 2244; x_wconf 89' lang='lat'>&amp;</span> <span class='ocrx_word' id='word_1_404' title='bbox 1328 2206 1497 2258; x_wconf 88' lang='lat' dir='ltr'><strong>pericula</strong></span> <span class='ocrx_word' id='word_1_405' title='bbox 1524 2202 1594 2259; x_wconf 70' lang='lat' dir='ltr'><strong>(e)</strong></span> <span class='ocrx_word' id='word_1_406' title='bbox 1608 2216 1741 2254; x_wconf 76' lang='lat' dir='ltr'><strong>creat3</strong></span> <span class='ocrx_word' id='word_1_407' title='bbox 1775 2207 1812 2246; x_wconf 63' lang='grc' dir='ltr'><strong>ὃς</strong></span> <span class='ocrx_word' id='word_1_408' title='bbox 1830 2207 1918 2258; x_wconf 88' lang='lat' dir='ltr'><strong>quia</strong></span> <span class='ocrx_word' id='word_1_409' title='bbox 1939 2217 1984 2245; x_wconf 87' lang='lat' dir='ltr'><strong>ea</strong></span> <span class='ocrx_word' id='word_1_410' title='bbox 1999 2217 2067 2257; x_wconf 77' lang='lat' dir='ltr'><strong>pa.</strong></span> 
     </span>
     <span class='ocr_line' id='line_1_35' title="bbox 249 2264 2064 2319; baseline -0.006 -3"><span class='ocrx_word' id='word_1_411' title='bbox 249 2278 390 2316; x_wconf 71' lang='lat' dir='ltr'><strong>tientes</strong></span> <span class='ocrx_word' id='word_1_412' title='bbox 409 2269 511 2312; x_wconf 77' lang='lat' dir='ltr'><strong>ferre</strong></span> <span class='ocrx_word' id='word_1_413' title='bbox 527 2279 610 2307; x_wconf 90' lang='lat' dir='ltr'><strong>non</strong></span> <span class='ocrx_word' id='word_1_414' title='bbox 634 2265 832 2319; x_wconf 91' lang='lat' dir='ltr'><strong>possumus</strong></span> <span class='ocrx_word' id='word_1_415' title='bbox 848 2297 861 2316; x_wconf 92' lang='lat'><strong>,</strong></span> <span class='ocrx_word' id='word_1_416' title='bbox 883 2264 948 2305; x_wconf 91' lang='lat' dir='ltr'><strong>sed</strong></span> <span class='ocrx_word' id='word_1_417' title='bbox 970 2277 1019 2305; x_wconf 89' lang='lat' dir='ltr'><strong>ex</strong></span> <span class='ocrx_word' id='word_1_418' title='bbox 1041 2266 1084 2305; x_wconf 86' lang='lat' dir='ltr'><strong>iis</strong></span> <span class='ocrx_word' id='word_1_419' title='bbox 1098 2278 1214 2317; x_wconf 89' lang='lat' dir='ltr'><strong>quam</strong></span> <span class='ocrx_word' id='word_1_420' title='bbox 1230 2266 1396 2318; x_wconf 86' lang='lat' dir='ltr'><strong>primum</strong></span> <span class='ocrx_word' id='word_1_421' title='bbox 1410 2276 1607 2318; x_wconf 87' lang='lat' dir='ltr'><strong>emergere</strong></span> <span class='ocrx_word' id='word_1_422' title='bbox 1633 2268 1829 2317; x_wconf 88' lang='lat' dir='ltr'><strong>cupimus,</strong></span> <span class='ocrx_word' id='word_1_423' title='bbox 1860 2264 2003 2316; x_wconf 86' lang='lat' dir='ltr'><strong>maj0ra</strong></span> <span class='ocrx_word' id='word_1_424' title='bbox 2016 2277 2064 2305; x_wconf 82' lang='lat' dir='ltr'><strong>ea</strong></span> 
     </span>
     <span class='ocr_line' id='line_1_36' title="bbox 249 2325 2068 2378; baseline -0.006 -3"><span class='ocrx_word' id='word_1_425' title='bbox 249 2335 426 2378; x_wconf 85' lang='lat' dir='ltr'><strong>facimus.</strong></span> <span class='ocrx_word' id='word_1_426' title='bbox 487 2326 586 2368; x_wconf 85' lang='lat' dir='ltr'><strong>Eam</strong></span> <span class='ocrx_word' id='word_1_427' title='bbox 612 2328 665 2366; x_wconf 90' lang='lat' dir='ltr'><strong>ob</strong></span> <span class='ocrx_word' id='word_1_428' title='bbox 681 2339 764 2367; x_wconf 89' lang='lat' dir='ltr'><strong>rem</strong></span> <span class='ocrx_word' id='word_1_429' title='bbox 787 2328 827 2367; x_wconf 89' lang='lat' dir='ltr'><strong>in</strong></span> <span class='ocrx_word' id='word_1_430' title='bbox 849 2328 893 2366; x_wconf 85' lang='lat' dir='ltr'><strong>iis</strong></span> <span class='ocrx_word' id='word_1_431' title='bbox 921 2336 1004 2365; x_wconf 89' lang='lat' dir='ltr'><strong>tum</strong></span> <span class='ocrx_word' id='word_1_432' title='bbox 1025 2326 1183 2366; x_wconf 89' lang='lat' dir='ltr'><strong>internis</strong></span> <span class='ocrx_word' id='word_1_433' title='bbox 1212 2355 1224 2375; x_wconf 89' lang='lat'><strong>,</strong></span> <span class='ocrx_word' id='word_1_434' title='bbox 1255 2333 1339 2365; x_wconf 87' lang='lat' dir='ltr'><strong>tum</strong></span> <span class='ocrx_word' id='word_1_435' title='bbox 1360 2327 1527 2365; x_wconf 81' lang='lat' dir='ltr'><strong>externis</strong></span> <span class='ocrx_word' id='word_1_436' title='bbox 1551 2325 1790 2377; x_wconf 76' lang='lat' dir='ltr'><strong>Reipublicte</strong></span> <span class='ocrx_word' id='word_1_437' title='bbox 1807 2326 1914 2367; x_wconf 86' lang='lat' dir='ltr'><strong>malis</strong></span> <span class='ocrx_word' id='word_1_438' title='bbox 1934 2356 1946 2374; x_wconf 91' lang='lat'><strong>‚</strong></span> <span class='ocrx_word' id='word_1_439' title='bbox 1977 2336 2068 2377; x_wconf 75' lang='lat' dir='ltr'><strong>quae</strong></span> 
     </span>
     <span class='ocr_line' id='line_1_37' title="bbox 249 2383 2065 2448; baseline -0.004 -17"><span class='ocrx_word' id='word_1_440' title='bbox 249 2407 321 2448; x_wconf 79' lang='lat' dir='ltr'><strong>per</strong></span> <span class='ocrx_word' id='word_1_441' title='bbox 340 2389 610 2443; x_wconf 84' lang='lat' dir='ltr'><strong>negligentiam</strong></span> <span class='ocrx_word' id='word_1_442' title='bbox 626 2386 793 2427; x_wconf 89' lang='lat' dir='ltr'><strong>nostram</strong></span> <span class='ocrx_word' id='word_1_443' title='bbox 813 2388 1094 2426; x_wconf 90' lang='lat' dir='ltr'><strong>incrementum</strong></span> <span class='ocrx_word' id='word_1_444' title='bbox 1111 2383 1348 2439; x_wconf 88' lang='lat' dir='ltr'><strong>sumpserunt</strong></span> <span class='ocrx_word' id='word_1_445' title='bbox 1365 2415 1378 2433; x_wconf 91' lang='lat'><strong>‚</strong></span> <span class='ocrx_word' id='word_1_446' title='bbox 1409 2384 1616 2425; x_wconf 90' lang='lat' dir='ltr'><strong>consultius</strong></span> <span class='ocrx_word' id='word_1_447' title='bbox 1639 2386 1710 2424; x_wconf 88' lang='lat' dir='ltr'><strong>erit</strong></span> <span class='ocrx_word' id='word_1_448' title='bbox 1729 2385 1850 2426; x_wconf 74' lang='lat' dir='ltr'><strong>sinere</strong></span> <span class='ocrx_word' id='word_1_449' title='bbox 1863 2415 1876 2434; x_wconf 83' lang='lat'>‚</span> <span class='ocrx_word' id='word_1_450' title='bbox 1906 2394 1950 2424; x_wconf 90' lang='lat' dir='ltr'><strong>ut</strong></span> <span class='ocrx_word' id='word_1_451' title='bbox 1980 2397 2065 2424; x_wconf 90' lang='lat' dir='ltr'><strong>cur-</strong></span> 
     </span>
     <span class='ocr_line' id='line_1_38' title="bbox 250 2443 2066 2498; baseline -0.008 0"><span class='ocrx_word' id='word_1_452' title='bbox 250 2457 335 2498; x_wconf 85' lang='lat' dir='ltr'><strong>sum</strong></span> <span class='ocrx_word' id='word_1_453' title='bbox 350 2451 459 2492; x_wconf 89' lang='lat' dir='ltr'><strong>suum</strong></span> <span class='ocrx_word' id='word_1_454' title='bbox 481 2456 639 2489; x_wconf 88' lang='lat' dir='ltr'><strong>teneant:</strong></span> <span class='ocrx_word' id='word_1_455' title='bbox 653 2477 665 2497; x_wconf 86' lang='lat'><strong>,</strong></span> <span class='ocrx_word' id='word_1_456' title='bbox 688 2447 727 2487; x_wconf 90' lang='lat'>&amp;</span> <span class='ocrx_word' id='word_1_457' title='bbox 752 2445 886 2487; x_wconf 77' lang='lat' dir='ltr'><strong>ienfim</strong></span> <span class='ocrx_word' id='word_1_458' title='bbox 916 2455 1096 2486; x_wconf 91' lang='lat' dir='ltr'><strong>curentur</strong></span> <span class='ocrx_word' id='word_1_459' title='bbox 1113 2458 1200 2486; x_wconf 93' lang='lat' dir='ltr'><strong>cum</strong></span> <span class='ocrx_word' id='word_1_460' title='bbox 1228 2455 1408 2498; x_wconf 89' lang='lat' dir='ltr'><strong>tempore</strong></span> <span class='ocrx_word' id='word_1_461' title='bbox 1428 2475 1440 2494; x_wconf 92' lang='lat'><strong>,</strong></span> <span class='ocrx_word' id='word_1_462' title='bbox 1471 2443 1586 2497; x_wconf 77' lang='lat' dir='ltr'><strong>quam</strong></span> <span class='ocrx_word' id='word_1_463' title='bbox 1604 2446 1815 2485; x_wconf 87' lang='lat' dir='ltr'><strong>accelerare</strong></span> <span class='ocrx_word' id='word_1_464' title='bbox 1836 2444 2066 2494; x_wconf 89' lang='lat' dir='ltr'><strong>remedium,</strong></span> 
     </span>
     <span class='ocr_line' id='line_1_39' title="bbox 251 2504 2064 2568; baseline -0.004 -16"><span class='ocrx_word' id='word_1_465' title='bbox 251 2515 281 2558; x_wconf 85' lang='lat' dir='ltr'><strong>fi</strong></span> <span class='ocrx_word' id='word_1_466' title='bbox 298 2515 384 2568; x_wconf 90' lang='lat' dir='ltr'><strong>plus</strong></span> <span class='ocrx_word' id='word_1_467' title='bbox 414 2508 504 2550; x_wconf 84' lang='lat' dir='ltr'><strong>inde</strong></span> <span class='ocrx_word' id='word_1_468' title='bbox 520 2508 682 2562; x_wconf 87' lang='lat' dir='ltr'><strong>periculi</strong></span> <span class='ocrx_word' id='word_1_469' title='bbox 699 2507 758 2548; x_wconf 81' lang='lat' dir='ltr'><strong>sit.</strong></span> <span class='ocrx_word' id='word_1_470' title='bbox 818 2505 858 2546; x_wconf 89' lang='lat' dir='ltr'><strong>Si</strong></span> <span class='ocrx_word' id='word_1_471' title='bbox 872 2514 961 2547; x_wconf 89' lang='lat' dir='ltr'><strong>ante</strong></span> <span class='ocrx_word' id='word_1_472' title='bbox 978 2506 1192 2560; x_wconf 82' lang='lat' dir='ltr'><strong>praevidere</strong></span> <span class='ocrx_word' id='word_1_473' title='bbox 1206 2519 1250 2547; x_wconf 87' lang='lat' dir='ltr'><strong>ea</strong></span> <span class='ocrx_word' id='word_1_474' title='bbox 1265 2517 1346 2546; x_wconf 91' lang='lat' dir='ltr'><strong>non</strong></span> <span class='ocrx_word' id='word_1_475' title='bbox 1362 2507 1581 2557; x_wconf 87' lang='lat' dir='ltr'><strong>potuimus,</strong></span> <span class='ocrx_word' id='word_1_476' title='bbox 1608 2506 1772 2545; x_wconf 88' lang='lat' dir='ltr'><strong>tolerare</strong></span> <span class='ocrx_word' id='word_1_477' title='bbox 1794 2505 1924 2545; x_wconf 86' lang='lat' dir='ltr'><strong>saltem</strong></span> <span class='ocrx_word' id='word_1_478' title='bbox 1947 2504 2064 2545; x_wconf 86' lang='lat' dir='ltr'><strong>disca-</strong></span> 
     </span>
    </p>

    <p class='ocr_par' dir='ltr' id='par_1_5' title="bbox 252 2565 2067 2926">
     <span class='ocr_line' id='line_1_40' title="bbox 252 2565 2067 2625; baseline -0.006 -11"><span class='ocrx_word' id='word_1_479' title='bbox 252 2586 338 2617; x_wconf 86' lang='lat' dir='ltr'><strong>mus</strong></span> <span class='ocrx_word' id='word_1_480' title='bbox 360 2569 506 2625; x_wconf 75' lang='lat' dir='ltr'><strong>postea.</strong></span> <span class='ocrx_word' id='word_1_481' title='bbox 576 2568 641 2609; x_wconf 87' lang='lat' dir='ltr'><strong>Ab</strong></span> <span class='ocrx_word' id='word_1_482' title='bbox 662 2566 912 2620; x_wconf 80' lang='lat' dir='ltr'><strong>oppositione</strong></span> <span class='ocrx_word' id='word_1_483' title='bbox 934 2568 1213 2608; x_wconf 88' lang='lat' dir='ltr'><strong>incrementum</strong></span> <span class='ocrx_word' id='word_1_484' title='bbox 1245 2567 1399 2618; x_wconf 88' lang='lat' dir='ltr'><strong>capiunt</strong></span> <span class='ocrx_word' id='word_1_485' title='bbox 1419 2579 1428 2604; x_wconf 75' lang='grc' dir='ltr'>ε</span> <span class='ocrx_word' id='word_1_486' title='bbox 1458 2578 1503 2606; x_wconf 90' lang='lat' dir='ltr'><strong>ea</strong></span> <span class='ocrx_word' id='word_1_487' title='bbox 1521 2567 1622 2606; x_wconf 88' lang='lat' dir='ltr'><strong>enim</strong></span> <span class='ocrx_word' id='word_1_488' title='bbox 1644 2566 1793 2605; x_wconf 88' lang='lat' dir='ltr'><strong>ratione</strong></span> <span class='ocrx_word' id='word_1_489' title='bbox 1816 2565 1872 2615; x_wconf 91' lang='lat' dir='ltr'><strong>fit,</strong></span> <span class='ocrx_word' id='word_1_490' title='bbox 1888 2574 1931 2604; x_wconf 90' lang='lat' dir='ltr'><strong>ut</strong></span> <span class='ocrx_word' id='word_1_491' title='bbox 1962 2565 2067 2617; x_wconf 91' lang='lat' dir='ltr'><strong>peri·</strong></span> 
     </span>
     <span class='ocr_line' id='line_1_41' title="bbox 255 2623 2063 2683; baseline -0.007 -9"><span class='ocrx_word' id='word_1_492' title='bbox 255 2636 408 2681; x_wconf 88' lang='lat' dir='ltr'><strong>culum,</strong></span> <span class='ocrx_word' id='word_1_493' title='bbox 424 2628 533 2683; x_wconf 91' lang='lat' dir='ltr'><strong>quod</strong></span> <span class='ocrx_word' id='word_1_494' title='bbox 549 2627 661 2668; x_wconf 71' lang='lat' dir='ltr'><strong>antea</strong></span> <span class='ocrx_word' id='word_1_495' title='bbox 682 2638 747 2669; x_wconf 87' lang='lat' dir='ltr'><strong>aut</strong></span> <span class='ocrx_word' id='word_1_496' title='bbox 782 2629 979 2667; x_wconf 85' lang='lat' dir='ltr'><strong>occultum</strong></span> <span class='ocrx_word' id='word_1_497' title='bbox 998 2637 1077 2667; x_wconf 83' lang='lat' dir='ltr'><strong>erat</strong></span> <span class='ocrx_word' id='word_1_498' title='bbox 1093 2658 1106 2677; x_wconf 94' lang='lat'><strong>,</strong></span> <span class='ocrx_word' id='word_1_499' title='bbox 1136 2637 1201 2667; x_wconf 88' lang='lat' dir='ltr'><strong>aut</strong></span> <span class='ocrx_word' id='word_1_500' title='bbox 1219 2628 1343 2668; x_wconf 87' lang='lat' dir='ltr'><strong>minus</strong></span> <span class='ocrx_word' id='word_1_501' title='bbox 1366 2627 1598 2675; x_wconf 88' lang='lat' dir='ltr'><strong>notabatur,</strong></span> <span class='ocrx_word' id='word_1_502' title='bbox 1626 2623 1751 2677; x_wconf 75' lang='lat' dir='ltr'><strong>palam</strong></span> <span class='ocrx_word' id='word_1_503' title='bbox 1774 2625 1866 2675; x_wconf 87' lang='lat' dir='ltr'><strong>fiat,</strong></span> <span class='ocrx_word' id='word_1_504' title='bbox 1890 2623 1928 2665; x_wconf 87' lang='lat'>&amp;</span> <span class='ocrx_word' id='word_1_505' title='bbox 1944 2624 2063 2674; x_wconf 88' lang='lat' dir='ltr'><strong>majo-</strong></span> 
     </span>
     <span class='ocr_line' id='line_1_42' title="bbox 253 2684 2063 2745; baseline -0.008 -8"><span class='ocrx_word' id='word_1_506' title='bbox 253 2708 295 2737; x_wconf 87' lang='lat' dir='ltr'><strong>ra</strong></span> <span class='ocrx_word' id='word_1_507' title='bbox 314 2696 349 2735; x_wconf 87' lang='lat' dir='ltr'><strong>ei</strong></span> <span class='ocrx_word' id='word_1_508' title='bbox 364 2699 486 2745; x_wconf 85' lang='lat' dir='ltr'><strong>ponat</strong></span> <span class='ocrx_word' id='word_1_509' title='bbox 508 2687 854 2740; x_wconf 87' lang='lat' dir='ltr'><strong>obstacula,quem</strong></span> <span class='ocrx_word' id='word_1_510' title='bbox 875 2687 1063 2740; x_wconf 87' lang='lat' dir='ltr'><strong>impedire</strong></span> <span class='ocrx_word' id='word_1_511' title='bbox 1080 2687 1285 2741; x_wconf 86' lang='lat' dir='ltr'><strong>cogitabat.</strong></span> <span class='ocrx_word' id='word_1_512' title='bbox 1342 2685 1476 2726; x_wconf 88' lang='lat' dir='ltr'><strong>Timor</strong></span> <span class='ocrx_word' id='word_1_513' title='bbox 1491 2684 1752 2737; x_wconf 88' lang='lat' dir='ltr'><strong>imprudenter</strong></span> <span class='ocrx_word' id='word_1_514' title='bbox 1771 2695 1946 2731; x_wconf 75' lang='lat' dir='ltr'><strong>armatus,</strong></span> <span class='ocrx_word' id='word_1_515' title='bbox 1968 2694 2063 2722; x_wconf 79' lang='lat' dir='ltr'><strong>con-</strong></span> 
     </span>
     <span class='ocr_line' id='line_1_43' title="bbox 255 2742 2064 2805; baseline -0.008 -10"><span class='ocrx_word' id='word_1_516' title='bbox 255 2766 312 2796; x_wconf 88' lang='lat' dir='ltr'><strong>tra</strong></span> <span class='ocrx_word' id='word_1_517' title='bbox 337 2751 571 2805; x_wconf 86' lang='lat' dir='ltr'><strong>superiorem</strong></span> <span class='ocrx_word' id='word_1_518' title='bbox 591 2747 847 2801; x_wconf 87' lang='lat' dir='ltr'><strong>potestatem,</strong></span> <span class='ocrx_word' id='word_1_519' title='bbox 876 2748 993 2800; x_wconf 86' lang='lat' dir='ltr'><strong>magis</strong></span> <span class='ocrx_word' id='word_1_520' title='bbox 1015 2759 1100 2788; x_wconf 90' lang='lat' dir='ltr'><strong>eam</strong></span> <span class='ocrx_word' id='word_1_521' title='bbox 1119 2746 1300 2800; x_wconf 87' lang='lat' dir='ltr'><strong>fatigat&amp;</strong></span> <span class='ocrx_word' id='word_1_522' title='bbox 1314 2746 1439 2797; x_wconf 88' lang='lat' dir='ltr'><strong>spoliis</strong></span> <span class='ocrx_word' id='word_1_523' title='bbox 1459 2744 1695 2786; x_wconf 86' lang='lat' dir='ltr'><strong>illustriorem</strong></span> <span class='ocrx_word' id='word_1_524' title='bbox 1713 2745 1850 2785; x_wconf 90' lang='lat' dir='ltr'><strong>reddit.</strong></span> <span class='ocrx_word' id='word_1_525' title='bbox 1910 2742 1970 2781; x_wconf 89' lang='lat' dir='ltr'><strong>Eo</strong></span> <span class='ocrx_word' id='word_1_526' title='bbox 1980 2755 2064 2781; x_wconf 76' lang='lat' dir='ltr'><strong>mo-</strong></span> 
     </span>
     <span class='ocr_line' id='line_1_44' title="bbox 258 2805 2061 2859; baseline -0.008 -4"><span class='ocrx_word' id='word_1_527' title='bbox 258 2815 311 2855; x_wconf 90' lang='lat' dir='ltr'><strong>do</strong></span> <span class='ocrx_word' id='word_1_528' title='bbox 329 2811 484 2852; x_wconf 86' lang='lat' dir='ltr'><strong>Cerialis</strong></span> <span class='ocrx_word' id='word_1_529' title='bbox 509 2808 795 2851; x_wconf 79' lang='lat' dir='ltr'><strong>Trevirenfium</strong></span> <span class='ocrx_word' id='word_1_530' title='bbox 817 2808 1036 2859; x_wconf 89' lang='lat' dir='ltr'><strong>composuit</strong></span> <span class='ocrx_word' id='word_1_531' title='bbox 1055 2809 1218 2857; x_wconf 88' lang='lat' dir='ltr'><strong>animos,</strong></span> <span class='ocrx_word' id='word_1_532' title='bbox 1250 2818 1300 2846; x_wconf 86' lang='lat' dir='ltr'><strong>ne</strong></span> <span class='ocrx_word' id='word_1_533' title='bbox 1315 2808 1500 2857; x_wconf 84' lang='lat' dir='ltr'><strong>potentiae</strong></span> <span class='ocrx_word' id='word_1_534' title='bbox 1518 2806 1704 2846; x_wconf 85' lang='lat' dir='ltr'><strong>Romanae</strong></span> <span class='ocrx_word' id='word_1_535' title='bbox 1716 2805 1791 2845; x_wconf 87' lang='lat' dir='ltr'><strong>sese</strong></span> <span class='ocrx_word' id='word_1_536' title='bbox 1804 2811 2061 2857; x_wconf 87' lang='lat' dir='ltr'><strong>opponerent,</strong></span> 
     </span>
     <span class='ocr_line' id='line_1_45' title="bbox 258 2863 2060 2926; baseline -0.008 -11"><span class='ocrx_word' id='word_1_537' title='bbox 258 2871 425 2915; x_wconf 82' lang='lat' dir='ltr'><strong>dicendo</strong></span> <span class='ocrx_word' id='word_1_538' title='bbox 450 2881 461 2913; x_wconf 74' lang='lat' dir='ltr'><strong>t</strong></span> <span class='ocrx_word' id='word_1_539' title='bbox 493 2867 580 2926; x_wconf 80' lang='lat' dir='ltr'><strong>(f)</strong></span> <span class='ocrx_word' id='word_1_540' title='bbox 613 2870 896 2921; x_wconf 62' lang='lat' dir='ltr'><strong>Ot‘Jingentoramz</strong></span> <span class='ocrx_word' id='word_1_541' title='bbox 915 2880 1080 2908; x_wconf 79' lang='lat' dir='ltr'><strong>annorum</strong></span> <span class='ocrx_word' id='word_1_542' title='bbox 1118 2868 1271 2908; x_wconf 59' lang='lat' dir='ltr'><strong>struma</strong></span> <span class='ocrx_word' id='word_1_543' title='bbox 1290 2897 1301 2914; x_wconf 91' lang='lat'>‚</span> <span class='ocrx_word' id='word_1_544' title='bbox 1332 2863 1562 2920; x_wconf 61' lang='lat' dir='ltr'><strong>dlstiplinaqzae</strong></span> <span class='ocrx_word' id='word_1_545' title='bbox 1583 2897 1596 2917; x_wconf 86' lang='lat'><strong>,</strong></span> <span class='ocrx_word' id='word_1_546' title='bbox 1626 2873 1792 2918; x_wconf 56' lang='lat' dir='ltr'><strong>conpages</strong></span> <span class='ocrx_word' id='word_1_547' title='bbox 1821 2864 1891 2902; x_wconf 77' lang='lat' dir='ltr'><strong>haec</strong></span> <span class='ocrx_word' id='word_1_548' title='bbox 1911 2863 2032 2902; x_wconf 71' lang='lat' dir='ltr'><strong>coaluit</strong></span> <span class='ocrx_word' id='word_1_549' title='bbox 2047 2875 2060 2901; x_wconf 77' lang='grc' dir='ltr'><em>ε</em></span> 
     </span>
    </p>
   </div>
   <div class='ocr_carea' id='block_1_3' title="bbox 258 2921 2062 3021">
    <p class='ocr_par' dir='ltr' id='par_1_6' title="bbox 258 2921 2062 3021">
     <span class='ocr_line' id='line_1_46' title="bbox 258 2921 2062 2991; baseline -0.008 -16"><span class='ocrx_word' id='word_1_550' title='bbox 258 2946 337 2991; x_wconf 77' lang='lat' dir='ltr'><strong>qztae</strong></span> <span class='ocrx_word' id='word_1_551' title='bbox 353 2930 489 2972; x_wconf 78' lang='lat' dir='ltr'><strong>convelli</strong></span> <span class='ocrx_word' id='word_1_552' title='bbox 495 2930 568 2981; x_wconf 76' lang='lat' dir='ltr'><strong>stne</strong></span> <span class='ocrx_word' id='word_1_553' title='bbox 589 2931 688 2969; x_wconf 74' lang='lat' dir='ltr'><strong>exitio</strong></span> <span class='ocrx_word' id='word_1_554' title='bbox 704 2928 956 2968; x_wconf 75' lang='lat' dir='ltr'><strong>convellentium</strong></span> <span class='ocrx_word' id='word_1_555' title='bbox 973 2927 1164 2982; x_wconf 68' lang='lat' dir='ltr'><strong>nonpotcst.</strong></span> <span class='ocrx_word' id='word_1_556' title='bbox 1222 2926 1351 2966; x_wconf 85' lang='lat' dir='ltr'><strong>Multa</strong></span> <span class='ocrx_word' id='word_1_557' title='bbox 1370 2939 1450 2966; x_wconf 90' lang='lat' dir='ltr'><strong>non</strong></span> <span class='ocrx_word' id='word_1_558' title='bbox 1472 2937 1581 2978; x_wconf 87' lang='lat' dir='ltr'><strong>aeque</strong></span> <span class='ocrx_word' id='word_1_559' title='bbox 1601 2924 1780 2966; x_wconf 88' lang='lat' dir='ltr'><strong>caderent</strong></span> <span class='ocrx_word' id='word_1_560' title='bbox 1793 2923 1894 2963; x_wconf 83' lang='lat' dir='ltr'><strong>irrita</strong></span> <span class='ocrx_word' id='word_1_561' title='bbox 1917 2921 1985 2962; x_wconf 82' lang='lat' dir='ltr'><strong>nisi</strong></span> <span class='ocrx_word' id='word_1_562' title='bbox 2015 2923 2062 2961; x_wconf 89' lang='lat' dir='ltr'><strong>ti-</strong></span> 
     </span>
     <span class='ocr_line' id='line_1_47' title="bbox 1972 2992 2057 3021; baseline -0.024 0"><span class='ocrx_word' id='word_1_563' title='bbox 1972 2992 2057 3021; x_wconf 90' lang='lat' dir='ltr'><strong>mor</strong></span> 
     </span>
    </p>
   </div>
   <div class='ocr_carea' id='block_1_4' title="bbox 781 276 1037 284">
    <p class='ocr_par' dir='ltr' id='par_1_7' title="bbox 781 276 1037 284">
     <span class='ocr_line' id='line_1_48' title="bbox 781 276 1037 284; baseline 0 3446"><span class='ocrx_word' id='word_1_564' title='bbox 781 276 1037 284; x_wconf 95' lang='lat' dir='ltr'><strong> </strong></span> 
     </span>
    </p>
   </div>
   <div class='ocr_carea' id='block_1_5' title="bbox 1038 277 1199 284">
    <p class='ocr_par' dir='ltr' id='par_1_8' title="bbox 1038 277 1199 284">
     <span class='ocr_line' id='line_1_49' title="bbox 1038 277 1199 284; baseline 0 0"><span class='ocrx_word' id='word_1_565' title='bbox 1038 277 1199 284; x_wconf 95' lang='lat' dir='ltr'><strong> </strong></span> 
     </span>
    </p>
   </div>
   <div class='ocr_carea' id='block_1_6' title="bbox 1202 279 1293 285">
    <p class='ocr_par' dir='ltr' id='par_1_9' title="bbox 1202 279 1293 285">
     <span class='ocr_line' id='line_1_50' title="bbox 1202 279 1293 285; baseline 0 0"><span class='ocrx_word' id='word_1_566' title='bbox 1202 279 1293 285; x_wconf 95' lang='lat' dir='ltr'><strong> </strong></span> 
     </span>
    </p>
   </div>
   <div class='ocr_carea' id='block_1_7' title="bbox 256 277 769 294">
    <p class='ocr_par' dir='ltr' id='par_1_10' title="bbox 256 277 769 294">
     <span class='ocr_line' id='line_1_51' title="bbox 256 277 769 294; baseline 0 3436"><span class='ocrx_word' id='word_1_567' title='bbox 256 277 769 294; x_wconf 95' lang='lat' dir='ltr'><strong> </strong></span> 
     </span>
    </p>
   </div>
   <div class='ocr_carea' id='block_1_8' title="bbox 262 3100 2060 3317">
    <p class='ocr_par' dir='ltr' id='par_1_11' title="bbox 262 3100 2060 3317">
     <span class='ocr_line' id='line_1_52' title="bbox 358 3100 2060 3160; baseline -0.006 -11"><span class='ocrx_word' id='word_1_568' title='bbox 358 3116 416 3160; x_wconf 85' lang='lat' dir='ltr'><strong>(a)</strong></span> <span class='ocrx_word' id='word_1_569' title='bbox 439 3110 535 3148; x_wconf 86' lang='lat' dir='ltr'><strong>Eccl.</strong></span> <span class='ocrx_word' id='word_1_570' title='bbox 551 3123 564 3146; x_wconf 91' lang='lat'>1</span> <span class='ocrx_word' id='word_1_571' title='bbox 578 3122 608 3145; x_wconf 90' lang='lat'><strong>1.</strong></span> <span class='ocrx_word' id='word_1_572' title='bbox 629 3124 666 3157; x_wconf 81' lang='lat'><strong>4.</strong></span> <span class='ocrx_word' id='word_1_573' title='bbox 722 3111 782 3156; x_wconf 82' lang='lat' dir='ltr'><strong>(b)</strong></span> <span class='ocrx_word' id='word_1_574' title='bbox 809 3106 914 3145; x_wconf 83' lang='lat' dir='ltr'><strong>Tacit</strong></span> <span class='ocrx_word' id='word_1_575' title='bbox 926 3106 965 3144; x_wconf 87' lang='lat' dir='ltr'><strong>in</strong></span> <span class='ocrx_word' id='word_1_576' title='bbox 977 3107 1054 3143; x_wconf 82' lang='lat' dir='ltr'><strong>vita</strong></span> <span class='ocrx_word' id='word_1_577' title='bbox 1067 3103 1190 3155; x_wconf 79' lang='lat' dir='ltr'><strong>Agric.</strong></span> <span class='ocrx_word' id='word_1_578' title='bbox 1219 3109 1277 3154; x_wconf 83' lang='lat' dir='ltr'><strong>(c)</strong></span> <span class='ocrx_word' id='word_1_579' title='bbox 1294 3104 1451 3144; x_wconf 78' lang='lat' dir='ltr'><strong>Tac.lib.</strong></span> <span class='ocrx_word' id='word_1_580' title='bbox 1471 3100 1647 3153; x_wconf 23' lang='lat' dir='ltr'><strong>3.Ar1nal.‘</strong></span> <span class='ocrx_word' id='word_1_581' title='bbox 1693 3105 1715 3150; x_wconf 86' lang='lat'><em>(</em></span> <span class='ocrx_word' id='word_1_582' title='bbox 1718 3105 1760 3149; x_wconf 93' lang='lat' dir='ltr'><strong>d)</strong></span> <span class='ocrx_word' id='word_1_583' title='bbox 1785 3102 1919 3140; x_wconf 80' lang='lat' dir='ltr'><strong>Multos</strong></span> <span class='ocrx_word' id='word_1_584' title='bbox 1948 3104 2060 3140; x_wconf 82' lang='lat' dir='ltr'><strong>etiam</strong></span> 
     </span>
     <span class='ocr_line' id='line_1_53' title="bbox 262 3152 2058 3217; baseline -0.007 -15"><span class='ocrx_word' id='word_1_585' title='bbox 262 3163 366 3202; x_wconf 76' lang='lat' dir='ltr'><strong>bonus</strong></span> <span class='ocrx_word' id='word_1_586' title='bbox 389 3162 516 3217; x_wconf 75' lang='lat' dir='ltr'><strong>pefflcm</strong></span> <span class='ocrx_word' id='word_1_587' title='bbox 534 3160 631 3200; x_wconf 81' lang='lat' dir='ltr'><strong>dedit</strong></span> <span class='ocrx_word' id='word_1_588' title='bbox 645 3188 654 3201; x_wconf 88' lang='lat'><strong>,</strong></span> <span class='ocrx_word' id='word_1_589' title='bbox 679 3162 738 3213; x_wconf 81' lang='lat' dir='ltr'><strong>qui</strong></span> <span class='ocrx_word' id='word_1_590' title='bbox 748 3160 877 3214; x_wconf 80' lang='lat' dir='ltr'><strong>spretis</strong></span> <span class='ocrx_word' id='word_1_591' title='bbox 889 3173 956 3212; x_wconf 65' lang='lat' dir='ltr'><strong>qux</strong></span> <span class='ocrx_word' id='word_1_592' title='bbox 970 3157 1083 3196; x_wconf 77' lang='lat' dir='ltr'><strong>tarda</strong></span> <span class='ocrx_word' id='word_1_593' title='bbox 1101 3172 1178 3195; x_wconf 86' lang='lat' dir='ltr'><strong>cum</strong></span> <span class='ocrx_word' id='word_1_594' title='bbox 1189 3157 1383 3205; x_wconf 56' lang='lat' dir='ltr'><strong>securitate</strong></span> <span class='ocrx_word' id='word_1_595' title='bbox 1394 3156 1605 3212; x_wconf 46' lang='lat' dir='ltr'><strong>prlematura‘</strong></span> <span class='ocrx_word' id='word_1_596' title='bbox 1619 3183 1628 3196; x_wconf 90' lang='lat'><strong>,</strong></span> <span class='ocrx_word' id='word_1_597' title='bbox 1653 3156 1718 3193; x_wconf 84' lang='lat' dir='ltr'><strong>vel</strong></span> <span class='ocrx_word' id='word_1_598' title='bbox 1724 3170 1801 3194; x_wconf 78' lang='lat' dir='ltr'><strong>cum</strong></span> <span class='ocrx_word' id='word_1_599' title='bbox 1822 3152 1933 3193; x_wconf 81' lang='lat' dir='ltr'><strong>exitio</strong></span> <span class='ocrx_word' id='word_1_600' title='bbox 1940 3164 2058 3207; x_wconf 84' lang='lat' dir='ltr'><strong>prope·</strong></span> 
     </span>
     <span class='ocr_line' id='line_1_54' title="bbox 263 3206 2054 3305; baseline -0.004 -51"><span class='ocrx_word' id='word_1_601' title='bbox 263 3228 368 3275; x_wconf 40' lang='lat' dir='ltr'><strong>rant..</strong></span> <span class='ocrx_word' id='word_1_602' title='bbox 383 3219 475 3305; x_wconf 51' lang='lat' dir='ltr'><strong>{sao</strong></span> <span class='ocrx_word' id='word_1_603' title='bbox 492 3218 513 3254; x_wconf 86' lang='lat'><strong>1.</strong></span> <span class='ocrx_word' id='word_1_604' title='bbox 528 3229 559 3262; x_wconf 82' lang='lat'><strong>3.</strong></span> <span class='ocrx_word' id='word_1_605' title='bbox 576 3215 706 3251; x_wconf 84' lang='lat' dir='ltr'><strong>Annal.</strong></span> <span class='ocrx_word' id='word_1_606' title='bbox 736 3218 792 3257; x_wconf 84' lang='lat' dir='ltr'><strong>(c)</strong></span> <span class='ocrx_word' id='word_1_607' title='bbox 812 3214 1000 3265; x_wconf 80' lang='lat' dir='ltr'><strong>Impatiens</strong></span> <span class='ocrx_word' id='word_1_608' title='bbox 1018 3208 1216 3264; x_wconf 75' lang='lat' dir='ltr'><strong>operabitur</strong></span> <span class='ocrx_word' id='word_1_609' title='bbox 1223 3209 1441 3264; x_wconf 75' lang='lat' dir='ltr'><strong>stultitiam.</strong></span> <span class='ocrx_word' id='word_1_610' title='bbox 1469 3213 1577 3249; x_wconf 82' lang='lat' dir='ltr'><strong>Prov.</strong></span> <span class='ocrx_word' id='word_1_611' title='bbox 1601 3219 1657 3257; x_wconf 76' lang='lat'><strong>14.</strong></span> <span class='ocrx_word' id='word_1_612' title='bbox 1676 3218 1733 3257; x_wconf 70' lang='lat'><strong>17⁶</strong></span> <span class='ocrx_word' id='word_1_613' title='bbox 1785 3208 1834 3254; x_wconf 90' lang='lat' dir='ltr'><strong>(s)</strong></span> <span class='ocrx_word' id='word_1_614' title='bbox 1848 3207 1964 3245; x_wconf 80' lang='lat' dir='ltr'><strong>Tacit.</strong></span> <span class='ocrx_word' id='word_1_615' title='bbox 1993 3206 2054 3246; x_wconf 86' lang='lat' dir='ltr'><strong>lib.</strong></span> 
     </span>
     <span class='ocr_line' id='line_1_55' title="bbox 265 3271 409 3317; baseline -0.021 -12"><span class='ocrx_word' id='word_1_616' title='bbox 265 3284 301 3317; x_wconf 78' lang='lat'><strong>4.</strong></span> <span class='ocrx_word' id='word_1_617' title='bbox 322 3271 382 3305; x_wconf 71' lang='lat' dir='ltr'><strong>Hn</strong></span> <span class='ocrx_word' id='word_1_618' title='bbox 405 3298 409 3302; x_wconf 95' lang='lat'>.</span> 
     </span>
    </p>
   </div>
  </div>
 </body>
</html>
