2132 3730
510 205 1496 252 SYMBOLAPOLITICA.
1821 223 1903 262 233

108 297 197 344 dat,
223 291 333 335 facile
347 301 454 330 mens
472 289 551 341 ejus
572 291 834 342 explorabitur
847 320 858 338 ,
889 299 1004 341 atque
1024 290 1098 329 una
1122 303 1210 329 cum
1229 293 1289 330 illa
1305 292 1464 344 regulae,
1497 292 1635 343 quibus
1665 291 1845 344 Princeps
1866 295 1904 334 se

106 343 245 406 suaque
266 350 499 391 moderatur.
559 349 680 389 Labia
695 351 801 389 velut
815 348 988 390 fenestrae
1011 350 1094 389 sunt
1116 351 1303 390 interioris
1321 351 1446 391 cordis
1462 381 1475 402 ,
1506 362 1591 404 quar
1619 350 1711 392 dum
1731 352 1904 404 pandun-

106 424 186 462 tur,
213 409 316 450 illico
338 420 517 462 apparet,
550 409 656 461 quod
674 410 775 449 intus
791 411 894 449 latet.

251 468 288 520 §.
318 469 433 521 Adeo
456 470 542 521 puri
562 469 645 508 sunt
665 470 791 517 oculi,
824 479 979 522 tamque
998 469 1045 509 ab
1066 469 1172 508 omni
1197 468 1363 510 habendi
1385 469 1597 523 cupiditate
1621 469 1753 520 alieni,
1782 480 1826 509 ut
1852 482 1903 510 ne

99 531 245 584 paleam
263 529 419 579 quidem
438 531 682 580 quantumvis
701 532 836 581 exigua
869 542 914 569 ea
935 529 1001 578 fit,
1031 529 1252 577 admittant,
1283 530 1320 569 &
1346 528 1373 569 fi
1390 542 1474 582 quae
1501 531 1539 569 in
1561 541 1629 570 eos
1659 530 1740 570 fors
1760 530 1904 571 incide·

97 591 172 637 rit,
201 600 296 628 mox
320 590 538 637 turbantur,
568 601 642 629 nec
659 591 863 641 quicquam
886 588 1021 630 videre
1035 586 1212 640 pofl'unt;
1244 588 1307 628 sed
1341 599 1406 628 aut
1434 591 1562 629 omnia
1595 592 1721 640 aliter,
1751 600 1815 629 aut
1837 603 1902 643 ge·

98 649 238 688 minata
270 649 313 687 iis
340 649 415 689 sese
447 648 630 694 offerunt.
691 649 934 689 Confiliarius
953 678 966 698 ,
997 649 1061 700 qui
1092 649 1284 699 acceperit
1314 660 1491 697 munera,
1522 649 1713 690 donorum
1738 653 1903 702 pulvere

94 719 188 749 mox
213 710 490 757 occoecabitur,
520 721 647 760 neque
674 721 735 749 res
754 711 962 761 concipere
992 710 1155 761 poterit,
1185 719 1304 759 prout
1330 708 1436 757 sunt,
1466 709 1531 748 sed
1556 719 1673 760 prout
1707 722 1770 750 eas
1795 721 1900 751 com-

93 767 199 809 modi
213 771 358 821 proprii
388 769 551 809 studium
572 770 623 809 illi
646 770 902 822 proposuerit.

260 828 296 880 §.
328 828 495 869 Tametsi
514 829 653 870 diversi
670 829 741 869 sint
764 830 893 876 oculi,
921 839 1000 867 non
1022 825 1283 868 diversimode
1307 835 1457 877 tamen,
1486 827 1551 867 sed
1580 826 1820 868 uniformiter
1839 841 1899 869 res

11 884 26 942 '5
92 885 262 937 objeetas
280 889 573 940 repraesentant:
603 889 818 930 concordes
843 887 958 928 ambo
989 889 1026 926 in
1047 887 1276 940 recipiendis
1296 899 1424 927 rerum
1447 889 1692 941 imaginibus,
1717 887 1754 927 δε
1783 897 1900 928 trans.

20 947 23 1014 ί
88 948 284 988 mittendis
309 949 449 990 deinde
473 948 520 989 ad
537 949 680 990 sensum
695 959 941 989 communem
964 959 1034 999 per
1055 960 1197 987 nervos
1214 948 1390 1000 opticos,
1422 949 1550 988 unitos
1567 949 1665 988 inter
1688 948 1749 997 se,
1777 960 1827 987 ne
1845 948 1900 987 di-

19 1019 23 1043 :
87 1006 205 1046 versae
243 1009 478 1058 subintrent,
507 1009 545 1049 &
571 1011 675 1050 illum
700 1008 841 1049 fallant.
901 1006 989 1047 Nifi
1009 1009 1108 1047 inter
1140 1007 1384 1048 Confiliarios
1405 1019 1480 1047 una
1513 1007 1728 1060 eademque
1759 1007 1804 1048 fit
1828 1020 1900 1047 vo-

87 1065 276 1108 luntatum
310 1070 538 1122 conspiratio
555 1099 569 1118 ,
597 1081 695 1109 unus
725 1068 906 1120 idemque
932 1066 1016 1107 finis
1037 1068 1119 1120 pari
1152 1067 1337 1108 consensu
1366 1068 1590 1108 connitendi
1617 1067 1666 1107 ad
1695 1067 1897 1111 consilium

87 1129 302 1180 optimum,
332 1129 369 1169 δε
396 1127 562 1169 maxime
595 1127 835 1182 proficuum,
864 1129 917 1168 ita
949 1138 992 1167 ut
1019 1140 1093 1168 nec
1116 1127 1268 1176 odium,
1301 1139 1375 1166 nec
1406 1140 1534 1178 amor,
1563 1139 1637 1168 nec
1667 1127 1897 1168 existimatio

83 1189 240 1240 propria
262 1190 301 1228 in
321 1189 485 1230 diversas
512 1201 580 1229 eos
599 1190 721 1229 trahat
738 1189 942 1240 opiniones
958 1216 971 1236 ,
1000 1187 1182 1228 confusus
1207 1188 1365 1228 haerebit
1381 1186 1562 1240 Princeps
1587 1187 1626 1227 &
1642 1187 1801 1234 dubius;
1829 1201 1896 1228 nc-

85 1258 163 1298 que
183 1247 236 1286 sat
251 1248 344 1288 scire
361 1251 505 1301 poterit
523 1278 536 1297 ,
568 1260 681 1300 quam
698 1248 922 1301 potissimam
940 1258 1088 1300 partem
1108 1249 1145 1288 in
1173 1247 1364 1289 electione
1389 1250 1557 1287 melioris
1585 1247 1730 1288 consilii
1753 1251 1896 1300 ample·

88 1305 138 1345 cti
154 1306 308 1346 debeat.
367 1310 500 1358 Atque
520 1307 617 1346 istud
635 1309 847 1359 periculum
869 1317 951 1346 tum
975 1306 1169 1359 praecipue
1188 1308 1348 1357 accidit,
1379 1306 1467 1347 ciun
1489 1320 1587 1347 unus
1606 1310 1738 1360 aliquis
1757 1307 1894 1349 Conss-

80 1367 205 1407 liarius
226 1368 313 1418 plus
341 1367 475 1406 videre
499 1367 537 1405 se
568 1367 835 1418 &intelligere
865 1365 1071 1414 existimat,
1101 1367 1215 1419 quam
1239 1369 1370 1407 videat
1399 1367 1438 1406 &
1465 1368 1647 1419 intelligat
1685 1370 1798 1415 alius;
1829 1378 1894 1408 aut

81 1425 172 1467 cum
197 1435 344 1466 tantum
363 1426 495 1478 judicii
525 1438 605 1466 non
632 1427 772 1474 habet,
803 1435 846 1465 ut
871 1426 978 1477 quod
1003 1427 1138 1466 melius
1166 1426 1221 1466 est
1238 1457 1250 1476 ‚
1281 1427 1503 1479 dignoscere
1535 1426 1608 1480 (a)
1639 1427 1797 1475 valeat3
1828 1438 1893 1468 aut

82 1485 171 1526 cum
189 1486 347 1527 consilio
370 1487 532 1527 offensas
562 1486 643 1525 suas
674 1486 835 1535 ulscisci‚
864 1486 902 1525 &
925 1485 1125 1526 affectibus
1154 1487 1225 1527 suis
1257 1487 1453 1540 indulgere
1485 1488 1647 1539 cogitat:
1677 1488 1813 1528 verum
1846 1490 1893 1529 ab

80 1546 140 1587 his
162 1547 343 1586 omnibus
369 1547 532 1586 liberum
557 1545 632 1586 effe
669 1556 828 1599 oportet
851 1545 1093 1595 Ministrum,
1122 1548 1174 1587 ita
1208 1556 1250 1587 ut
1269 1549 1384 1588 alium
1406 1546 1522 1587 finem
1553 1546 1621 1586 sibi
1648 1548 1892 1599 propositum

79 1619 160 1647 non
180 1606 340 1654 habeat,
372 1606 485 1658 qnam
506 1606 730 1657 obsequium
755 1607 805 1645 sui
831 1608 1027 1660 principis.
1086 1604 1155 1660 (b)
1186 1608 1232 1648 A
1250 1608 1304 1647 tal
1330 1604 1498 1661 Confiejero
1525 1604 1677 1661 (verba
1706 1609 1789 1647 sunt
1815 1609 1893 1649 Re-

79 1668 136 1720 gis
164 1666 356 1719 Alphonfi
376 1665 598 1719 Sapientis>
628 1666 764 1706 Uaman
779 1679 820 1705 en
843 1666 921 1705 Lat
940 1669 975 1705 in
1003 1666 1185 1714 Patricio,
1217 1681 1282 1720 que
1301 1681 1336 1706 es
1355 1666 1407 1717 asi
1429 1679 1514 1705 como
1535 1665 1659 1706 Padre
1677 1666 1730 1705 del
1750 1667 1891 1708 Princi-

69 1735 136 1779 pe:
163 1725 228 1781 este
243 1739 334 1767 nome
355 1734 504 1765 temaron
520 1728 543 1765 ἁ
558 1722 746 1779 spinejanza
766 1724 819 1764 del
838 1725 962 1766 Padre
983 1725 1146 1773 natural,
1177 1740 1195 1765 e
1208 1726 1259 1778 ast
1280 1739 1364 1766 como
1388 1726 1419 1765 el
1436 1722 1604 1776 Paclrese
1620 1738 1759 1776 mueve,
1782 1725 1890 1779 segem

79 1787 252 1835 Natura,
285 1788 310 1826 ὰ
323 1783 490 1840 aconfhjar
503 1782 574 1836 asu
597 1785 685 1839 Hijo
707 1786 894 1834 lealmente,
924 1784 1122 1825 cantandole
1130 1781 1175 1835 stc
1187 1794 1256 1837 pro
1272 1787 1289 1825 ὲ
1299 1783 1346 1837 fic
1367 1787 1497 1834 honra,
1524 1797 1599 1824 mas
1612 1798 1678 1838 que
1695 1793 1776 1826 otra
1795 1784 1886 1838 cosa:

75 1846 127 1899 ast
143 1847 245 1899 aquel
257 1860 268 1893 ‚·
290 1854 360 1898 por
373 1859 454 1899 cuyo
475 1842 603 1899 Confifjo
615 1842 735 1897 segnia
753 1845 783 1884 el
798 1844 981 1896 Principe,
1012 1844 1040 1884 lo
1058 1844 1138 1883 debe
1156 1858 1258 1884 amar
1277 1859 1301 1885 a
1323 1842 1491 1898 aconst‘jar
1516 1844 1708 1893 lealmente3
1733 1859 1753 1885 e
1777 1860 1885 1899 guar-

75 1905 145 1946 dar
168 1906 203 1945 la
216 1914 306 1958 pro:
334 1918 352 1944 e
370 1905 404 1944 la
423 1906 532 1944 honra
546 1903 598 1942 del
615 1903 721 1944 Senor
728 1901 828 1954 sobre
847 1904 946 1943 todas
973 1905 1026 1943 las
1049 1901 1136 1953 ecfizs
1161 1903 1214 1943 del
1245 1903 1404 1953 Ahmdo,
1434 1917 1497 1943 non
1520 1903 1664 1944 catando
1680 1918 1798 1955 amor,
1826 1911 1886 1947 uin

75 1961 244 2015 (lasarum,
275 1967 334 2004 nin
343 1972 436 2014 pro,
468 1965 527 2003 m'n
545 1961 652 2012 dano,
683 1977 747 2016 que
761 1958 799 2012 se
814 1963 842 2001 le
853 1962 964 2014 puelle
980 1962 1060 2003 ende
1076 1960 1212 2014 ftgutr,
1242 1977 1260 2003 e
1279 1961 1343 2016 esto
1367 1959 1587 2012 debenfazer
1597 1961 1653 2014 fin
1680 1961 1792 2019 llfimja
1808 1968 1884 2006 ηἰη-

67 2037 183 2076 guna,
212 2037 277 2064 non
291 2022 459 2063 acatando
467 2021 504 2074 fi
524 2019 704 2073 lepesin-a,
734 2021 756 2061 ὅ
769 2022 798 2061 le
813 2022 986 2073 plazera,
1017 2022 1092 2062 bien
1106 2022 1180 2073 anfi
1187 2036 1271 2062 como
1290 2024 1320 2062 el
1336 2022 1457 2063 Padro
1475 2036 1538 2062 non
1564 2022 1592 2061 lo
1619 2030 1718 2073 cata,
1749 2025 1885 2079 qnando

71 2080 219 2139 acoufeja
241 2097 266 2123 a
278 2080 324 2135 su
350 2082 449 2135 Hijo.
513 2081 741 2134 Confillarz'um
773 2082 873 2121 talem
891 2082 1019 2122 Latini
1049 2082 1245 2122 Patritiunz
1266 2089 1410 2131 vorant,
1450 2081 1542 2135 quod
1569 2082 1680 2122 velun·
1702 2085 1818 2125 Pater
1833 2085 1882 2137 stt

73 2143 263 2196 Prinupis.
324 2143 448 2196 Atque
465 2142 522 2182 hoc
537 2154 650 2181 nomen
671 2141 716 2180 ab
733 2154 794 2190 ea,
823 2154 926 2194 quam
950 2154 1023 2181 cum
1048 2143 1204 2182 naturali
1235 2145 1357 2196 quovis
1376 2151 1487 2193 patre
1520 2141 1642 2190 habet,
1661 2142 1882 2194 fimilitudine

74 2200 328 2256 deficmpſs’rzmt.
405 2202 470 2242 Uti
490 2204 576 2241 enim
596 2209 729 2241 natm-a
746 2196 815 2251 ipsa
844 2203 1023 2252 impellente
1036 2198 1199 2252 fidelibus
1216 2211 1351 2253 parens
1372 2202 1508 2254 corfiliis
1535 2200 1651 2241 erudit
1666 2200 1802 2253 fflium‚
1827 2209 1882 2245 ni-

72 2263 185 2317 hilque
205 2265 242 2304 in
269 2263 324 2302 his
352 2264 480 2315 magis,
510 2274 612 2315 quam
630 2262 774 2313 gloriam
790 2260 966 2315 ejusdem,
995 2274 1036 2300 ac
1072 2261 1254 2301 utilitatem
1267 2259 1427 2313 spectat:
1456 2264 1508 2300 ita
1537 2263 1609 2309 ille,
1639 2263 1734 2315 cujus
1761 2264 1883 2317 confilio

71 2322 244 2375 Princeps
271 2324 427 2375 regitur,
455 2334 572 2361 amare
591 2321 677 2360 hunc
700 2319 794 2360 debet
808 2353 820 2370 ,
841 2317 974 2372 summa
987 2320 1090 2360 eidem
1103 2318 1179 2373 fide
1204 2318 1366 2372 coffitlere
1379 2352 1391 2370 ,
1411 2318 1643 2374 favoremque
1667 2331 1731 2362 aut
1748 2323 1879 2374 odium,

71 2381 230 2422 damnum
247 2389 311 2422 aut
326 2381 542 2429 commodum,
571 2380 663 2433 quod
673 2380 741 2433 sthi
756 2380 833 2421 inde
850 2378 990 2432 extstere
1002 2377 1297 2432 poffet‚tolerare‚·
1327 2383 1362 2420 in
1375 2390 1458 2432 uper
1481 2383 1600 2420 inrenz
1618 2384 1741 2421 nullam
1755 2384 1880 2432 aliam,

69 2448 303 2494 praeterquam
319 2444 354 2482 in
375 2442 552 2492 Principis
565 2437 624 2491 fiti
647 2442 830 2481 utilitatem
848 2447 951 2494 atque
972 2440 1116 2493 gloriam
1145 2440 1316 2480 intendere
1337 2443 1496 2480 annnznn.
1559 2441 1638 2480 Hoc
1658 2438 1758 2493 ᾠήθη
1772 2452 1882 2495 porro

71 2500 201 2555 absque
216 2504 302 2542 omni
315 2499 509 2543 adulatione
520 2499 689 2554 praestet,
717 2509 864 2552 eportet,
873 2509 1004 2552 parum
1010 2497 1182 2551 filicitus,
1208 2508 1318 2552 grata
1339 2500 1518 2552 Principi,
1544 2514 1592 2539 an
1619 2502 1762 2552 ingrata
1771 2501 1865 2555 futu

71 2560 200 2614 rafint
227 2559 378 2613 confilia,
406 2563 548 2616 quippe,
573 2559 665 2613 quod
682 2574 739 2601 nec
767 2560 909 2600 Parem
925 2592 937 2609 ,
965 2559 1044 2601 dum
1055 2557 1143 2612 filiis
1151 2557 1278 2610 firadet
1296 2559 1493 2613 quiclpicnn,
1523 2557 1679 2610 respicere
1701 2560 1881 2613 confilevit:

224 2618 260 2671 §.
292 2620 429 2661 Partita
451 2619 505 2660 est
525 2619 672 2660 Natura
695 2619 997 2672 jurisdicfftionem
1035 2619 1186 2672 singulis
1214 2621 1355 2665 oculis,
1384 2619 1455 2658 suis
1483 2620 1622 2669 cuique
1651 2630 1720 2670 per
1741 2623 1880 2663 lineam

71 2679 336 2732 interpositam
356 2680 520 2732 praefixis
541 2682 728 2721 terminis:
758 2693 837 2720 non
856 2679 945 2720 ideo
967 2690 1094 2719 tamen
1111 2680 1150 2718 in
1180 2678 1378 2731 operando
1410 2678 1526 2718 ambo
1558 2679 1774 2721 concordes
1801 2680 1878 2722 esse

68 2739 269 2789 desmunt‚
300 2739 365 2779 sed
380 2750 517 2780 mutuo
548 2741 714 2790 quodam
732 2740 873 2781 affeetu
893 2740 961 2780 fibi
981 2738 1142 2779 affistunt
1165 2739 1354 2787 invicem,
1384 2748 1426 2777 ut
1452 2738 1478 2778 si
1501 2750 1598 2778 unus
1618 2739 1656 2778 in
1679 2739 1777 2780 hanc
1802 2741 1878 2782 sese

69 2799 201 2840 flectat
219 2808 367 2851 partem
380 2829 393 2849 ,
424 2813 508 2852 quae
529 2798 575 2838 ad
596 2800 715 2851 ipsum
739 2803 929 2853 pertinet,
960 2799 1062 2839 idem
1079 2810 1236 2850 quoque
1256 2800 1348 2838 alter
1367 2798 1502 2848 faciat,
1532 2808 1574 2838 ut
1591 2810 1718 2838 rerum
1747 2803 1877 2855 cogni-

68 2861 126 2899 tio
161 2857 270 2899 tanto
307 2860 448 2900 certior
472 2860 542 2905 fit;
571 2871 645 2899 nec
668 2871 775 2901 curet
798 2857 1055 2912 magnopere,
1085 2859 1157 2898 fint
1176 2870 1226 2898 ne
1257 2870 1311 2898 eae
1339 2860 1435 2898 intra
1456 2856 1800 2902 circumferentiam
1822 2863 1875 2901 su-

68 2931 153 2969 am,
184 2932 232 2960 an
251 2931 331 2959 non
364 2919 450 2959 sint.
509 2918 608 2958 Haec
623 2930 755 2960 mutua
778 2919 985 2961 concordia
1005 2918 1043 2959 &
1065 2917 1263 2958 consensio
1280 2917 1395 2958 valde
1409 2920 1447 2958 in
1463 2917 1647 2958 Ministris
1675 2920 1729 2960 est
1746 2921 1873 2961 neces-

67 2978 184 3028 saria,
214 2991 377 3032 quorum
401 2980 528 3028 zelus,
560 2978 597 3018 δε
620 2978 809 3032 diligentia
833 2979 1048 3021 universalis
1066 2978 1109 3018 sit
1126 2987 1306 3030 oportet,
1335 2988 1378 3018 ut
1400 2991 1479 3018 non
1498 2979 1546 3018 ad
1562 2991 1606 3018 ea
1626 2979 1767 3029 solum,
1788 2993 1873 3031 quae

68 3038 122 3079 sui
138 3039 223 3080 sunt
236 3041 423 3089 muneris,
452 3038 650 3079 attendant
678 3042 872 3093 gnaviter;
901 3039 965 3079 sed
988 3039 1034 3078 ad
1052 3050 1097 3078 ea
1114 3040 1250 3088 etiam,
1282 3050 1365 3090 quse
1390 3038 1436 3078 ad
1460 3041 1618 3079 aliorum
1640 3041 1762 3079 officia
1785 3052 1871 3091 per-

936 3098 981 3139 N
998 3112 1023 3139 n
1043 3111 1069 3138 n
1827 3101 1876 3140 ti·

104 3248 107 3249 ’
173 3235 237 3279 (ὅ)
264 3239 348 3271 Cum
360 3233 480 3281 fatuis
497 3231 670 3283 confilium
685 3244 751 3267 non
764 3229 911 3272 habeas:
937 3249 1004 3273 non
1016 3235 1109 3273 enim
1122 3244 1289 3288 poterunt
1307 3233 1472 3287 diligere,
1498 3229 1644 3284 nisiquae
1663 3226 1872 3284 eisplacent.

71 3281 201 3322 Eccles.
225 3292 259 3329 8.
275 3298 337 3326 ιο.
386 3289 449 3333 (b)
472 3287 514 3325 L.
541 3298 578 3334 7.
598 3295 641 3323 tt.
667 3297 696 3323 1.
714 3297 749 3333 p.
768 3297 805 3333 4.
