2132 3730
280 208 338 249 70
714 185 1054 228 DJDACJ
1103 184 1629 227 SAAVEDRAE.

455 317 540 379 (a)
577 312 754 377 Qem‚
788 311 905 378 quia
925 304 1104 375 respicit
1126 311 1290 359 omnia
1299 305 1462 374 solus,

457 384 630 434 Verum
646 376 783 449 poffis
806 377 950 433 dicere
967 378 1133 429 Solem.

284 511 367 551 ,Nm
385 505 430 559 cst
449 508 532 545 enim
544 501 720 555 potessas,
749 501 810 553 nisi
820 503 842 541 a*
862 502 949 541 Deo.
1008 500 1081 554 (b)
1110 500 1213 540 Prius
1236 504 1272 541 in
1291 499 1427 542 aeternfi
1443 501 1521 551 ejus
1538 509 1685 548 mente,
1714 501 1824 552 quam
1844 503 1906 541 hic
1922 503 1959 540 in
1979 511 2053 540 ter-

284 571 350 614 ris,
381 567 506 617 Reges
525 565 675 604 coronis
703 562 866 601 redimiri
891 561 1023 601 solent.
1086 560 1164 612 Qui
1181 561 1345 601 coelestes
1364 561 1474 599 orbes
1490 561 1612 611 primo
1637 561 1767 599 mobili
1785 559 2053 609 circumdedit,

283 624 482 666 idemillud
492 624 613 677 regnis
623 624 734 662 etiam
751 622 787 661 ἅτ
801 622 932 660 Rebus
941 621 1100 672 publicis
1121 621 1297 670 impertit.
1359 620 1436 672 Qui
1447 620 1591 672 Regem
1607 618 1796 658 constituit
1808 620 2056 671 apibusmon

282 686 394 725 solius
409 683 571 724 fortunae
587 683 735 733 reliquit
755 681 907 720 arbitrio
922 708 933 728 ‚
964 689 1027 718 aut
1045 677 1220 718 elthioni
1247 679 1416 719 humanae
1436 679 1501 718 has
1529 677 1667 718 caussas
1690 678 1901 725 inferiores*
1918 678 2058 718 Princi-

281 757 374 797 pum
388 774 400 794 ,
431 745 494 795 qui
508 745 546 782 in
565 743 744 794 regimine
760 741 836 780 hoc
851 737 1009 779 terrestri
1029 740 1154 777 vicem
1170 738 1250 788 ejus
1280 736 1475 787 sustinent,
1504 748 1569 777 aut
1587 738 1640 777 illi
1659 749 1771 789 quam
1794 737 1963 777 simillimi
1975 734 2057 791 (c)

282 805 384 852 sunt,
416 802 625 842 adumbrati
642 802 680 840 in
701 798 932 851 Apocalypsi
949 810 1017 849 per
1038 798 1180 850 septem
1200 799 1284 836 illos
1302 797 1492 845 planetas,
1523 809 1619 849 quos
1640 797 1747 836 Deus
1770 796 1846 850 (cl)
1874 798 1913 836 in
1943 808 2057 835 manu

282 864 344 904 sua
364 864 542 905 habebat,
600 860 643 899 In
665 861 749 899 illos
777 860 900 897 vibrat
918 857 1068 897 divinos
1086 857 1169 896 suos
1186 856 1329 904 radios,
1355 856 1419 906 qui
1441 855 1571 895 reflexi
1603 856 1741 897 deinde
1767 857 1980 908 supremum
1999 855 2058 905 jus

284 933 399 974 atque
415 920 677 960 auctoritatem
697 920 734 957 in
759 916 928 956 subditos
955 918 999 956 iis
1015 918 1195 957 tribuunt,
1255 915 1342 956 Sine
1358 914 1557 965 splendore
1577 917 1640 955 illo
1657 929 1700 955 ac
1716 917 1801 955 luce
1818 927 1919 954 coeca
1938 915 2059 966 quod·
2125 938 2132 949 Δ

284 980 466 1022 ammodo
485 977 538 1018 est
553 976 718 1030 potestas
735 978 877 1026 omnis,
905 978 1147 1028 quantumvis
1171 976 1306 1026 ampla.
1362 973 1403 1012 Si
1421 974 1618 1025 Princeps,
1647 975 1766 1026 spreta
1795 976 1855 1014 illa
1883 976 1990 1022 luce‚
2021 976 2060 1013 in
2126 963 2132 1037 J

283 1045 389 1081 aliam
407 1046 654 1090 apparentem
678 1038 770 1076 boni
784 1034 886 1075 forte
908 1035 1082 1086 alicujus,
1099 1035 1204 1086 quod
1222 1032 1471 1074 commoditas
1493 1034 1544 1072 illi
1567 1035 1738 1084 propria,
1768 1045 1846 1072 non
1869 1031 1971 1072 resta
2003 1046 2060 1072 ra·
2126 1041 2132 1054 f

281 1103 339 1139 tio
366 1098 499 1147 offert,
515 1096 719 1136 intenderit
729 1097 881 1143 oculos,
901 1107 994 1135 mox
1007 1097 1188 1146 potent-iae
1202 1094 1273 1134 suae
1287 1094 1421 1132 orbem
1440 1091 1606 1131 deficere
1623 1092 1789 1140 videbit,
1808 1092 1845 1130 &
1862 1092 2059 1131 obscurari.

282 1158 480 1211 Quicquid
495 1156 625 1196 Solem
644 1154 865 1207 praesentern
875 1154 991 1207 fugit,
1017 1155 1182 1193 tenebris
1199 1155 1416 1192 involvatur
1428 1150 1575 1190 necesse
1586 1150 1649 1190 est.
1710 1150 1818 1190 Luna
1828 1151 1895 1190 etii
1905 1151 2061 1191 subinde

281 1221 368 1258 luce
391 1218 427 1257 se
447 1216 576 1256 videat
595 1214 764 1263 destitui,
779 1226 858 1254 non
883 1223 1009 1253 tamen
1026 1213 1114 1252 ideb
1131 1211 1234 1251 sesea
1251 1212 1341 1251 Sole
1353 1213 1490 1250 avertit
1504 1239 1515 1257 ,
1536 1212 1623 1261 quin
1633 1211 1757 1262 petius
1767 1209 1879 1262 longe
1891 1210 1965 1261 jam
1987 1212 2063 1250 ala-

281 1279 407 1326 crior,
433 1273 682 1329 graciliorque
701 1273 885 1313 continuo
907 1273 1070 1312 eundem
1094 1272 1241 1322 respicit
1258 1301 1271 1320 ‚
1302 1271 1428 1310 donec
1455 1270 1540 1309 luce
1556 1271 1651 1308 illius
1667 1268 1794 1309 denuo
1812 1271 2062 1321 compleatur.

282 1336 418 1378 Fixum
437 1347 528 1388 ergo
552 1333 779 1384 firmumque
798 1334 986 1384 sceptrum
1009 1332 1113 1371 suum
1139 1332 1315 1382 Princeps
1336 1339 1476 1378 teneat,
1502 1330 1635 1368 oculos
1657 1330 1801 1380 semper
1817 1328 2060 1379 conjiciendo

288 1399 328 1436 in
337 1395 584 1443 virtutem,in
603 1395 707 1432 omni
715 1392 882 1440 fortuna,
892 1391 955 1430 seu
975 1390 1154 1442 prospera
1164 1390 1227 1429 seu
1243 1388 1422 1429 adversa:
1442 1399 1528 1427 nam
1546 1387 1645 1427 idem
1656 1389 1718 1427 ille
1733 1388 1882 1427 divinus
1892 1388 1979 1435 Sol,
1991 1390 2057 1440 qui

281 1465 346 1495 aut
363 1455 410 1494 ad
434 1452 685 1506 castigandum
714 1465 726 1499 ;
756 1461 819 1491 aut
851 1454 898 1493 ad
916 1449 1142 1490 cumulanda
1171 1451 1329 1498 merita,
1359 1448 1514 1499 aliquod
1548 1447 1628 1498 ejus
1663 1446 1947 1487 decrementum
1974 1459 2061 1499 per-

280 1515 403 1563 misit,
433 1516 471 1553 in
497 1511 713 1552 constantiae
733 1512 930 1562 praemium
951 1522 1031 1549 non
1050 1521 1207 1548 omnem
1235 1509 1334 1547 suam
1362 1509 1485 1546 lucem
1513 1506 1727 1556 subtrahet,
1757 1507 1819 1546 sed
1849 1506 2063 1558 amplitudi-

279 1587 369 1615 nem
386 1574 465 1624 ejus
488 1572 641 1624 augebit
660 1574 794 1609 iterum
809 1599 823 1617 ,
853 1569 891 1609 δε
910 1571 1076 1608 crescere
1101 1567 1227 1608 saciet.
1290 1567 1343 1606 Ita
1353 1565 1590 1606 Fer-dinando
1606 1566 1651 1605 ΙΙ.
1689 1566 1911 1618 Imperatori
1927 1566 2064 1605 usuve-

280 1636 361 1674 nit:
393 1634 536 1682 quippe
552 1631 615 1681 qui
632 1642 711 1668 non
732 1628 816 1667 raro
834 1627 1039 1667 Fortunam
1056 1637 1132 1666 tam
1156 1626 1348 1666 adversam
1372 1627 1503 1666 habuit
1526 1657 1537 1674 ,
1566 1635 1608 1665 ut
1626 1625 1673 1665 de
1689 1625 1853 1678 Imperio
1870 1626 2008 1677 pariter
2023 1625 2061 1664 ὅτ.

281 1690 360 1731 vita
391 1691 587 1741 desperare
616 1686 723 1739 poss'e
746 1686 953 1730 videretur.
1040 1685 1188 1724 Verum
1208 1715 1221 1734 ,
1256 1697 1332 1736 qua
1360 1695 1439 1724 erat
1461 1687 1573 1724 animi
1598 1684 1804 1725 constantia
1824 1715 1837 1735 ‚
1865 1696 2060 1736 nunquam

280 1752 385 1803 spem
406 1760 561 1788 omnem
590 1748 656 1786 abs
685 1746 721 1785 se
744 1745 908 1802 abjecit,
938 1756 1065 1796 neque
1082 1746 1219 1783 avertit
1236 1744 1370 1782 oculos
1385 1743 1471 1783 suos
1489 1743 1509 1782 a
1525 1743 1613 1782 Sole
1632 1746 1695 1783 illo
1716 1746 1905 1794 increato,
1934 1756 2061 1785 rerum

282 1812 455 1851 omnium
485 1805 671 1847 effectore
704 1817 748 1844 ac
762 1804 1005 1845 moderatore
1021 1833 1033 1852 ‚
1064 1803 1169 1853 cujus
1188 1802 1430 1854 providentia
1447 1803 1573 1842 divina
1595 1804 1769 1854 periculis
1791 1815 1880 1843 eum
1896 1804 2063 1854 eripuit,

282 1866 450 1919 &longe
466 1868 580 1905 etiam
601 1866 709 1902 altius
741 1863 848 1913 supra
866 1874 998 1900 omnes
1017 1863 1102 1900 suos
1122 1861 1250 1899 hostes
1274 1863 1421 1899 extulit.
1480 1861 1596 1913 Virga
1616 1862 1767 1912 Moyfis
1782 1893 1796 1913 ,
1824 1874 1910 1915 quae
1925 1863 2061 1914 lceptri

281 1938 364 1967 erat
387 1923 614 1974 Symbolum
631 1952 643 1970 ,
673 1922 788 1960 miros
805 1920 943 1959 edebat
970 1918 1131 1958 effeetus
1147 1948 1162 1967 ‚
1192 1918 1320 1969 quoad
1340 1918 1436 1957 illam
1463 1921 1598 1958 coelum
1616 1921 1748 1959 versus
1768 1921 1934 1962 erectam
1947 1933 2061 1961 manu

282 1986 345 2027 sua
372 1985 553 2029 tenebat3
583 1990 620 2020 at
636 1981 742 2020 fimul
770 1991 814 2018 ac
842 1981 942 2018 illam
969 1978 1169 2029 abjiciebat
1197 1979 1234 2017 in
1252 1987 1407 2025 terram,
1433 1978 1470 2016 in
1497 1988 1706 2017 venenatos
1729 1979 1920 2031 serpentes
1938 2010 1950 2028 ,
1977 1981 2063 2032 ipsi-

283 2054 362 2086 met
379 2043 448 2097 (e)
468 2040 602 2091 Moysi
621 2038 883 2080 formidandos
908 2039 1088 2077 conversa
1112 2036 1196 2076 fuit.
1269 2037 1375 2076 Dum
1404 2037 1591 2088 sceptrum
1628 2037 1736 2076 instar
1759 2040 1862 2078 scalae
1885 2038 2062 2090 Jacobeae

281 2105 495 2145 summitate
516 2102 650 2140 coelum
681 2100 798 2150 tangit
816 2127 827 2145 ‚
859 2096 1034 2136 sustentat
1051 2095 1142 2135 illud
1164 2095 1297 2144 Deus,
1318 2095 1355 2134 &
1370 2096 1504 2148 Angeli
1518 2095 1756 2136 descendunt
1773 2095 1855 2151 (f)
1884 2098 2063 2142 subsidio.

282 2163 374 2203 Nec
390 2161 582 2213 AEgyptiis
601 2160 772 2211 ignotum
794 2158 871 2196 hoc
895 2156 967 2195 fuit
983 2186 995 2204 ‚
1025 2157 1088 2206 qui
1112 2154 1201 2194 ideo
1220 2157 1257 2194 in
1283 2156 1458 2206 supremo
1487 2155 1718 2206 sceptrorum
1740 2159 1849 2209 apice
1877 2167 1992 2208 caput
2010 2159 2060 2196 ci-

284 2223 405 2263 coniae
423 2252 434 2270 ‚
465 2221 545 2259 avis
573 2217 779 2271 religiosae,
808 2217 939 2267 acpiae
957 2217 994 2254 in
1030 2226 1207 2266 parer-‘tes
1225 2246 1235 2263 ,
1275 2214 1442 2253 solebant
1469 2215 1675 2267 effingere3
1705 2218 1742 2255 in
1772 2216 1939 2256 inferiori
1961 2217 2060 2257 vero

283 2291 392 2334 parte
420 2279 560 2332 pedem
580 2277 807 2329 Hippotaini
822 2301 837 2323 ‚-
851 2276 1014 2314 animalis
1029 2276 1134 2325 impii
1154 2275 1192 2313 &
1215 2276 1343 2326 ingrati
1374 2286 1458 2325 erga
1480 2275 1760 2338 suumffatrem
1780 2307 1792 2324 ,
1837 2275 1941 2326 cujus
1968 2277 2060 2314 vitae

283 2341 390 2381 struit
407 2338 553 2378 infidias
569 2367 582 2385 ‚
612 2347 655 2376 ut
674 2335 782 2375 tanto
805 2336 956 2374 liberius
983 2336 1144 2385 propriae
1164 2335 1234 2372 suae
1258 2334 1383 2372 matris
1405 2333 1477 2372 frui
1504 2334 1613 2385 ppssit
1628 2335 1827 2374 amoribus
1846 2348 1857 2374 ι
1887 2346 1964 2386 quo
1980 2335 2060 2374 hie-

284 2399 512 2451 roglyphico
537 2398 629 2436 nihil
644 2397 694 2435 illi
715 2397 871 2434 innuere
897 2393 1212 2442 volebantaliud‚
1236 2406 1347 2444 quani
1371 2393 1475 2444 quod
1496 2393 1684 2445 Principes
1710 2395 1889 2444 pietatem
1912 2395 2059 2445 semper

283 2459 468 2510 impietati
486 2455 672 2496 anteferre
687 2454 864 2497 debeant.
921 2456 1049 2504 Atque
1063 2453 1140 2491 hoc
1152 2453 1290 2492 eodem
1299 2453 1484 2503 Symbolo
1497 2453 1771 2493 Machiavellus
1787 2454 1893 2493 suum
1901 2464 2060 2505 quoque

282 2518 496 2568 Principem
511 2513 730 2556 instruffitum
743 2516 872 2562 vellet,
882 2512 944 2552 sed
960 2514 1031 2552 alio
1046 2511 1158 2564 plane
1173 2512 1258 2552 fine:
1273 2515 1309 2552 in
1326 2526 1403 2552 uno
1421 2515 1518 2553 enim
1531 2515 1662 2565 sceptri
1674 2523 1846 2552 extremo
1858 2515 2055 2565 pietatem,

283 2580 321 2617 in
346 2578 464 2616 altero
480 2577 714 2628 impietatem
745 2575 969 2612 collocatam
987 2582 1146 2623 cuperet
1169 2603 1181 2622 ‚
1210 2583 1252 2612 ut
1271 2585 1341 2624 pro
1364 2573 1470 2612 libitu
1493 2572 1582 2613 illud
1602 2582 1752 2612 vertere
1772 2572 1895 2624 posset
1911 2603 1924 2622 ,
1954 2584 2057 2611 eam-

285 2649 360 2688 que
382 2645 529 2688 partem
558 2634 696 2675 sursum
710 2636 873 2685 erigere,
892 2644 975 2684 quae
1003 2631 1047 2672 ad
1066 2633 1387 2672 conservationem
1410 2633 1448 2672 &
1470 2634 1739 2672 incrementum
1757 2632 1927 2671 statuum
1940 2633 2058 2683 magis

284 2696 531 2736 conduceret.
590 2694 633 2733 In
650 2705 763 2745 quem
793 2691 906 2732 finem
924 2701 1032 2744 putat
1052 2694 1113 2731 ille
1127 2724 1137 2740 ‚
1167 2693 1326 2731 virtutes
1346 2692 1506 2744 Principi
1534 2691 1750 2731 necessarias
1773 2704 1852 2731 non
1870 2689 1964 2738 esse,
1988 2690 2055 2730 led

284 2756 450 2795 sufficere
471 2784 483 2802 ‚
512 2753 539 2793 ss
564 2765 627 2792 eas
647 2754 788 2792 habere
818 2752 855 2791 se
870 2750 1017 2791 simulet
1040 2766 1052 2790 .·
1082 2753 1221 2791 etenim
1242 2751 1268 2791 fi
1295 2764 1394 2791 verae
1425 2753 1493 2791 illae
1516 2750 1631 2791 effent
1657 2763 1700 2790 ac
1732 2749 1880 2796 solidae,
1907 2749 1943 2788 δε
1961 2748 1987 2788 fi
2003 2761 2056 2789 ex

283 2815 500 2865 praescripto
520 2812 722 2852 earundem
745 2823 855 2864 agere
876 2813 906 2850 is
925 2811 1069 2863 semper
1092 2813 1208 2851 vellet
1230 2840 1242 2859 ‚
1271 2812 1321 2850 ait
1346 2811 1567 2863 perniciosas
1590 2810 1640 2850 illi
1662 2810 1772 2856 fore;
1802 2808 1934 2848 contra
1956 2810 2053 2848 vero

284 2873 501 2924 profuturas
519 2871 631 2924 quam
660 2872 882 2924 plurimum,
901 2870 929 2910 si
951 2881 1108 2922 putetur
1131 2871 1280 2919 saltem,
1308 2871 1414 2923 quod
1431 2872 1474 2910 iis
1507 2870 1683 2923 praeditus
1706 2869 1773 2909 iit:
1801 2871 1876 2910 hac
1885 2868 1985 2908 enim
1997 2880 2052 2907 ra-

1944 2936 2051 2968 tione

780 3008 2051 3020 ῥ--ι-κ--ᾕφ-ῄ-ω--ι-ῄ-

283 3029 342 3071 (a)
369 3028 514 3064 Boe'tius
556 3031 615 3075 (b)
630 3032 781 3067 Roman.
817 3040 872 3076 13.
903 3041 932 3064 1.
960 3034 1017 3077 (c)
1035 3030 1130 3065 pinei
1150 3040 1184 3063 es
1207 3027 1343 3080 quidem
1365 3027 1476 3080 instar
1495 3034 1644 3065 Deorum
1670 3024 1741 3072 effe.
1793 3024 1906 3061 Tacit.
1924 3025 1984 3062 lib.
2016 3040 2048 3074 3.

285 3080 416 3114 Annal.
464 3081 525 3125 (d)
552 3084 595 3115 Et
613 3077 763 3117 habebat
783 3083 822 3118 in
840 3079 972 3118 dextra
977 3080 1046 3126 sim
1048 3038 1168 3132 stedsn
1175 3079 1317 3131 fiptcm.
1345 3084 1460 3129 Apoc.
1494 3094 1523 3117 1.
1549 3085 1601 3116 16.
1652 3079 1708 3125 (e)
1726 3078 1885 3124 Projecit,
1910 3076 1955 3119 ἄν’·
1968 3090 2054 3114 ‘Uer⁴

278 3128 322 3180 fh
336 3128 382 3181 est
396 3132 435 3166 in
448 3128 618 3167 colubrum
632 3133 689 3167 ita
704 3143 745 3168 ut
752 3131 898 3184 fugeret
909 3131 1044 3183 Aioysbs.
1073 3133 1181 3168 Exod.
1200 3146 1234 3180 4.
1250 3146 1281 3179 3.
1331 3132 1385 3177 (f)
1406 3132 1500 3169 Vidit
1513 3134 1552 3170 in
1559 3127 2049 3180 fimnisstalamstantemfh-

281 3192 343 3230 per
361 3191 497 3219 terram
516 3209 525 3223 ‚
550 3182 595 3224 όν
613 3196 771 3220 cacumen
790 3181 883 3221 illius
894 3195 1040 3236 tangens
1065 3183 1181 3221 coelum
1198 3200 1209 3221 .·
1235 3184 1381 3236 Angelos
1401 3197 1526 3236 qusque
1550 3183 1617 3220 Dei
1638 3179 1850 3228 asc'endemes
1864 3179 1909 3224 ἀ
1921 3178 2048 3227 defien-

287 3230 404 3269 dentes
418 3244 485 3286 per
508 3234 660 3278 eam-’d-
676 3239 863 3275 Dominum
883 3234 1159 3282 innixumstalae.
1187 3237 1278 3276 Gen.
1296 3244 1354 3280 28·
1377 3249 1430 3274 12.
