2132 3730
250 274 335 313 312
684 252 1624 341 DJDAmffAAVEDRAE.
2096 231 2132 306 ηιξ

245 347 319 385 tuis
342 344 497 383 omnino
527 350 607 377 non
621 339 752 376 caruit.
775 379 778 383 ,
814 336 910 377 Eam
934 338 986 377 ob
1022 348 1103 377 rem
1121 339 1158 377 in
1184 338 1400 391 Republica
1424 339 1601 379 Romana
1627 339 1810 378 Consules
1834 337 2046 377 alternatim

245 404 491 457 imperabant.
2120 434 2123 452 ἶ

395 457 545 498 Verum
562 455 590 496 sl
611 455 783 508 pluribus
799 485 812 505 ,
842 455 955 508 quam
977 468 1056 496 uno
1070 455 1245 509 principe
1265 468 1364 508 opus
1384 455 1522 505 fuerit3
1549 455 1699 509 praestat
1715 454 1789 495 esse
1808 465 1883 496 tres
1906 452 2049 508 potins:
2115 466 2125 488 n

246 524 356 564 unius
375 519 475 559 enim
495 515 699 556 auctoritas
723 517 884 556 aliorum
910 516 1075 556 duorum
1102 516 1352 555 ambitionem
1368 516 1579 557 coercebit.
1668 514 1799 558 Factio
1825 516 1968 556 habere
1991 515 2049 553 lo-

247 594 333 622 cum
350 591 430 619 non
452 574 601 629 potest,
632 577 700 615 ubi
724 577 859 628 nequit
888 575 963 616 esse
993 576 1183 627 aequalitas
1201 605 1213 623 ,
1245 587 1328 626 quae
1353 575 1462 613 causa
1488 575 1562 614 fuit
1584 588 1651 616 cur
1670 576 1948 616 Triumviratus
1965 573 2048 613 Cae-

246 641 353 689 saris,
386 638 497 678 Craffi
525 636 563 676 &
591 636 785 686 Pompeii,
817 637 977 676 Antonii
1007 638 1098 676 item
1137 634 1277 686 Lepidi
1302 634 1339 673 &
1362 633 1523 687 Augusti
1547 637 1738 686 aliquanto
1757 645 1934 688 tempore
1964 645 2055 686 per-
2122 654 2123 659 =

248 700 401 739 durarit.
462 696 566 749 Quia
593 697 692 749 Regi
717 695 890 735 Henrico
917 696 1051 736 Tertio
1072 726 1083 744 ‚
1115 694 1207 734 dum
1227 697 1265 734 in
1284 695 1423 733 minori
1449 703 1560 733 aetate
1582 693 1692 743 effer,
1722 704 1798 735 tres
1824 697 1883 735 alii
1919 693 2052 734 affiste-

246 760 339 799 bant
357 789 370 808 ,
400 756 506 797 rthe
531 757 655 808 Regni
673 758 768 796 illius
790 755 956 796 succeffit
979 756 1218 808 gubernatio.
1280 752 1454 793 Eandem
1469 756 1821 806 quoquerationem
1834 767 1912 807 prae
1927 754 2052 794 oculis

244 820 378 860 habuit
397 818 485 858 Rex
505 816 724 868 Alphonsus
748 815 928 867 Sapiens,
959 815 1114 867 quando
1131 813 1258 854 statuit
1280 843 1293 862 ,
1323 809 1412 868 (a)
1438 823 1481 853 ut
1504 813 1664 854 durante
1686 815 1861 866 pupillari
1896 815 2050 867 Regum

245 888 356 920 aetate
378 887 443 917 aut
465 889 585 927 unus,
616 885 680 915 aut
698 885 774 915 tres
790 906 801 923 ‚
834 885 899 915 aut
920 877 1091 928 quinque
1106 906 1118 923 ,
1149 883 1212 913 aut
1229 874 1376 925 septem
1392 873 1517 926 Regni
1543 874 1798 926 gubernacula
1823 873 2051 914 administra·
2119 914 2123 927 ‚

243 950 342 980 rent.
403 938 448 978 Id
467 937 555 988 quia
571 939 610 977 in
625 936 732 975 simili
753 944 864 975 aetate
893 935 1012 989 Regis
1030 934 1219 986 Alphonli
1244 933 1308 977 XI.
1335 931 1479 973 sactum
1504 944 1584 974 non
1601 933 1726 975 fuerat
1745 964 1758 983 ,
1787 945 1944 986 magnos
1969 945 2054 973 mo·
2096 964 2097 969 ,
2120 979 2123 986 f

247 1009 310 1039 tus
327 1006 487 1050 experta
506 995 561 1036 est
584 994 764 1044 CasteIIa,
797 996 844 1034 ab
855 994 1063 1036 infantibus
1075 994 1222 1047 Joanne
1237 994 1274 1034 &
1298 993 1414 1033 Petro
1436 992 1674 1034 admnistrata
1689 1024 1701 1042 ,
1733 992 1910 1045 adeoque
1924 993 2055 1034 neces-
2087 1027 2089 1030 .
2118 1016 2124 1039 .-

243 1060 281 1100 se
298 1058 370 1099 fuit
389 1087 401 1106 ,
432 1066 475 1096 ut
491 1049 703 1096 Consilium
731 1055 879 1108 regium
907 1055 1032 1108 Regni
1047 1055 1361 1107 procurationem
1384 1053 1600 1105 susciperet.
1657 1053 1888 1107 Quanquam
1905 1052 2053 1105 semper

245 1117 462 1159 violentum
485 1117 555 1156 erit
573 1115 777 1168 Imperium
802 1143 813 1162 ‚
845 1115 953 1166 quod
968 1115 1014 1154 ab
1037 1126 1115 1154 uno
1138 1115 1220 1153 solo
1241 1126 1323 1153 non
1346 1112 1542 1165 dependet
1562 1144 1573 1162 ,
1603 1113 1668 1153 sed
1695 1115 1734 1152 in
1750 1115 1871 1153 varias
1892 1111 2053 1153 divisum
2082 1111 2120 1150 ’,ἐπ

244 1177 299 1218 est
319 1186 447 1230 partes
467 1188 479 1223 ;
507 1174 548 1215 id
567 1174 675 1227 quod
692 1174 902 1215 Alexandri
924 1174 1167 1217 Monarchiae
1188 1172 1347 1222 accidit,
1377 1185 1462 1224 quae
1484 1173 1553 1213 etsi
1569 1182 1694 1213 totum
1704 1172 1787 1213 fere
1801 1173 1935 1213 orbem
1947 1184 2053 1212 com·
2104 1184 2111 1223 J

244 1236 518 1291 prehenderet,
537 1234 713 1275 diuturna
733 1243 862 1276 tamen
875 1234 979 1274 haud
999 1232 1073 1273 fuit
1093 1264 1105 1282 ,
1137 1232 1186 1273 eo
1212 1232 1319 1284 quod
1343 1234 1408 1272 illo
1430 1231 1615 1273 defuncto
1641 1234 1750 1273 multi
1771 1234 1809 1272 in
1838 1245 1883 1272 ea
1914 1233 2058 1275 Princi-
2092 1228 2109 1287 ,ξ

243 1311 314 1352 pes
328 1309 371 1337 ac
387 1296 516 1348 Reges
533 1295 794 1335 succederent.
885 1294 1014 1348 Quam
1028 1295 1067 1333 in
1085 1292 1266 1345 Hispania
1291 1292 1422 1332 Mauri
1453 1302 1666 1342 erexerant,
1685 1305 1730 1333 ea
1753 1290 1907 1333 stetiss'et
1943 1291 2055 1331 diuti.
2091 1286 2109 1344 ᾆξ’

243 1358 288 1398 us
308 1389 319 1407 ,
348 1356 418 1397 nis1
442 1358 480 1396 in
502 1357 611 1407 plura
644 1355 779 1407 Regna
794 1353 922 1395 fuisset
949 1354 1080 1393 divisa.
1149 1352 1242 1392 Hoc
1270 1354 1392 1404 ipsum
1413 1354 1450 1391 in
1473 1353 1645 1404 praesenti
1661 1352 1947 1405 repraesentatur
1962 1351 2055 1391 Ern-
2090 1344 2109 1386 ’Ϊὶ

242 1418 437 1464 blemate‚
456 1427 526 1467 per
551 1415 729 1454 arborem
748 1423 972 1453 coronatam
993 1444 1005 1461 ,
1047 1423 1131 1464 quae
1150 1412 1329 1463 Regnum
1349 1410 1531 1463 fignificat
1550 1441 1563 1460 ,
1599 1423 1713 1463 quam
1748 1412 1777 1452 fi
1805 1411 1890 1451 duae
1918 1423 2053 1452 manus
2091 1395 2109 1475 ’ᾗ

243 1479 284 1518 in
313 1475 477 1516 diversas
506 1473 709 1513 distrahant
730 1482 881 1525 partes,
911 1472 979 1511 etsi
996 1470 1165 1522 ejusdem
1190 1471 1262 1510 sint
1293 1470 1476 1522 sanguinis
1497 1501 1508 1519 ‚
1541 1482 1625 1510 eam
1651 1480 1780 1511 tamen
1813 1470 2055 1522 discerpent,
2093 1483 2107 1522 ᾗ

247 1537 284 1577 &
302 1543 503 1588 rumpetur
518 1563 530 1582 ,
562 1543 676 1584 atque
695 1534 834 1571 inutilis
854 1531 921 1571 fiet
939 1531 1121 1570 Corona:
1153 1531 1312 1568 ambitio
1334 1532 1435 1568 enim
1459 1531 1625 1569 humana
1641 1529 1832 1570 interdum
1841 1531 1955 1570 etiam
1972 1532 2057 1570 vin·

249 1597 425 1636 culorum
446 1593 608 1633 Naturae
634 1592 883 1638 obliviscitur,
906 1590 1075 1628 Statibus
1096 1590 1195 1627 inter
1212 1587 1310 1628 filios
1343 1587 1470 1628 divifis
1491 1588 1647 1628 Corona
1666 1590 1770 1629 unita
1793 1601 1946 1630 manere
1976 1602 2058 1630 non

249 1653 390 1708 potest,
409 1651 558 1692 tametsi
574 1651 827 1703 graviffimum
838 1651 880 1688 iis
898 1649 1118 1700 impendeat
1132 1648 1358 1700 periculum.
1419 1647 1595 1701 Quisque
1607 1647 1673 1687 suo
1698 1650 1869 1702 invigilat
1884 1661 2058 1691 commo-
2090 1680 2105 1694 ,,

252 1715 326 1763 do,
341 1713 583 1763 &sceptrum
593 1712 781 1761 integrum
792 1709 865 1748 suis
878 1718 1040 1748 conatur
1053 1707 1232 1747 claudere
1245 1706 1418 1747 manibus
1432 1708 1627 1759 ,quomdo
1638 1710 1749 1749 Pater
1775 1709 1945 1761 ejusdem
1966 1709 2058 1750 illud

244 1775 382 1818 tenuit,
443 1772 516 1826 (h)
542 1770 596 1809 Ita
615 1770 715 1822 Regi
731 1768 887 1808 Sanctio
912 1768 1055 1819 Majori
1087 1767 1256 1815 accidit3
1288 1770 1416 1807 omnia
1439 1780 1552 1819 poene
1568 1767 1760 1820 Hispaniae
1781 1770 1916 1824 Regna
1942 1771 2058 1822 ipfius
2102 1765 2105 1772 ’

246 1837 357 1875 unius
389 1833 575 1885 parebant
594 1830 787 1882 imperi0,
817 1841 898 1868 non
920 1829 1066 1880 absque
1098 1828 1231 1867 divino
1267 1827 1463 1876 Numine,
1495 1838 1538 1867 ut
1561 1830 1675 1868 unitis
1695 1830 1792 1869 inter
1811 1831 1850 1870 se
1880 1831 2058 1879 viribus,
2101 1859 2104 1863 Δ

246 1895 477 1935 Maurorum
492 1889 647 1930 tandem
671 1889 884 1929 dominium
901 1888 1009 1939 quod
1026 1891 1064 1928 in
1081 1889 1267 1939 praecipiti
1296 1896 1376 1926 erat
1389 1919 1405 1938 ,¹
1434 1889 1735 1939 opprimeretur,
1758 1889 1795 1929 ὅτ
1813 1898 2058 1930 excuteretur

248 1953 464 1994 cervicibus
481 1950 724 2000 tyrannicum
744 1947 837 1988 illud
856 1948 988 2001 jugum
1000 1957 1014 2000 3
1043 1948 1122 1999 ipse
1139 1947 1237 1986 vero
1257 1942 1397 1985 affectu
1413 1949 1530 1999 magis
1544 1957 1726 1999 paterno,
1757 1949 1872 2001 quam
1891 1949 2057 2003 pruden-

249 2015 377 2055 dentia
406 2011 565 2063 politica
591 2008 726 2060 Regna
741 2009 840 2048 inter
859 2007 959 2047 filios
982 2007 1068 2046 suos
1085 2007 1244 2059 partitus
1264 2005 1318 2046 est
1335 2035 1346 2053 ,
1377 2016 1479 2045 ratus
1497 2008 1595 2046 vires
1612 2007 1664 2047 fic
1683 2007 1905 2049 constitutas
1919 2009 2057 2049 fortio·
2083 2011 2102 2063 ξ,

248 2087 306 2115 res
327 2072 415 2113 fore
433 2101 445 2120 ,
476 2070 671 2122 magisque
692 2070 789 2107 inter
807 2068 843 2107 se
870 2066 1086 2106 concordes
1118 2066 1164 2105 ad
1189 2066 1490 2119 oppugnandum
1522 2078 1768 2108 communem
1792 2068 1970 2115 hostem;
1990 2081 2058 2109 ve·
2083 2076 2088 2115 ξ

250 2146 334 2174 rum
362 2132 524 2183 quilibet
559 2128 718 2168 fratrum
748 2139 821 2180 pro
853 2128 962 2177 Rege
987 2128 1120 2165 haberi
1152 2128 1277 2165 voluit
1301 2155 1314 2174 ,
1359 2125 1396 2164 &
1441 2125 1558 2164 divisa
1585 2127 1682 2167 inter
1711 2128 1840 2178 plures
1876 2128 2058 2179 Majestas
2084 2124 2089 2146 '⁴
2129 2139 2132 2168 1

250 2192 491 2246 splendorem
520 2201 563 2227 ac
586 2190 686 2227 vires
717 2186 912 2239 perdidit:
941 2197 1109 2237 cumque
1138 2185 1292 2224 offensae
1331 2184 1369 2223 &
1403 2186 1662 2225 aemulationes
1700 2186 1918 2228 domesticae
1949 2185 2081 2229 altius,
2126 2193 2132 2229 l

253 2255 379 2294 animo
401 2252 588 2298 haereant,
620 2246 734 2300 quam
764 2256 974 2296 extraneae,
1005 2258 1099 2286 mox
1125 2244 1299 2285 intestina
1324 2245 1424 2284 inter
1451 2257 1518 2284 eos
1546 2245 1646 2285 bella
1668 2255 1754 2285 nata
1779 2247 1884 2297 sunt,
1911 2257 2059 2288 motus·
2090 2294 2092 2300 ,
2126 2248 2132 2289 l

255 2326 332 2366 que
349 2311 542 2358 exitiales,
574 2309 666 2350 dum
693 2320 791 2348 unus
816 2310 975 2346 alterum
1007 2305 1130 2358 (cum
1158 2305 1371 2357 graviffimo
1394 2306 1487 2344 boni
1518 2305 1663 2356 publici
1688 2305 1954 2362 detrimento>
1974 2308 2055 2347 Re-
2084 2306 2099 2355 ἔς
2126 2310 2132 2350 l

250 2386 326 2427 gno
347 2372 483 2422 ejicere
506 2379 665 2409 conatus
695 2366 761 2407 est.
820 2366 1006 2407 Potuiffet
1023 2365 1108 2405 sane
1137 2376 1242 2403 error
1263 2363 1330 2403 iste
1356 2365 1590 2416 experientia
1610 2367 1906 2416 comprobatus,
1938 2367 2060 2407 docu-
2084 2346 2098 2414 ³).
2127 2380 2132 2407 ι

251 2440 386 2473 mento
403 2428 476 2469 effe
502 2430 646 2468 caeteris
668 2427 840 2479 Regibus
858 2426 996 2466 futuris
1019 2425 1280 2477 temporibus3
1312 2423 1375 2463 sed
1392 2434 1520 2464 tamen
1544 2425 1583 2463 in
1607 2424 1773 2465 eundem
1802 2425 1937 2478 postea
1965 2428 2059 2468 inci.
2083 2412 2098 2466 ἶ)

253 2493 391 2532 derunt
417 2491 554 2529 iterum
593 2488 681 2527 Rex
704 2485 966 2526 Ferdinandus
993 2485 1183 2538 Magnus,
1213 2484 1280 2537 (c)
1310 2483 1531 2536 Alphonsus
1561 2484 1789 2537 Imperator,
1818 2485 1858 2526 &
1878 2487 1968 2528 Rex
1999 2486 2059 2540 Ja-
2131 2515 2132 2523 ,

254 2553 377 2593 cobus
414 2549 560 2589 Primus
590 2548 804 2598 Aragonius
820 2576 832 2595 ‚
862 2548 927 2597 qui
949 2544 1055 2586 fimili
1079 2544 1201 2586 modo
1227 2544 1451 2596 Regnorum
1480 2545 1631 2585 suorum
1657 2546 1860 2599 imperium
1890 2548 1930 2588 in
1957 2546 2093 2590 filios,

253 2613 339 2652 suos
360 2610 533 2650 divisere.
593 2609 673 2648 Aut
689 2607 828 2646 amoris
849 2608 994 2659 proprii
1006 2608 1064 2646 vis
1089 2605 1144 2646 est
1166 2603 1252 2653 ista,
1271 2613 1335 2643 aut
1355 2604 1520 2645 humana
1539 2605 1710 2646 conditio
1729 2608 1913 2647 novitatis
1927 2607 2055 2657 avida,
2076 2606 2093 2646 {3

253 2685 337 2725 quae
364 2670 523 2709 abolitas
543 2667 643 2720 saepe
674 2668 878 2719 opiniones
900 2666 1113 2715 resuscitat,
1143 2674 1330 2718 putatque
1354 2664 1500 2705 fanum
1526 2667 1701 2718 optime,
1732 2666 1913 2720 quicquid
1942 2664 2083 2722 egere¹
2123 2682 2132 2710 a

253 2729 548 2775 Antecess'ores3
577 2728 646 2767 nisi
667 2726 793 2767 forsan
811 2726 901 2767 ideo
921 2729 1033 2767 etiarn
1054 2738 1189 2766 eorum
1212 2725 1446 2775 requiramus
1464 2727 1666 2778 exempla,
1695 2736 1739 2766 ut
1765 2727 1944 2768 excusare
1970 2726 2087 2779 pos-1

253 2791 388 2837 fimus,
418 2789 525 2839 quod
540 2787 669 2827 facere
683 2787 927 2827 intendimus.
989 2786 1064 2841 (d)
1094 2785 1322 2827 Prudentior
1343 2797 1387 2824 ea
1408 2787 1446 2825 in
1473 2798 1514 2826 re
1534 2784 1608 2827 fuit
1624 2788 1713 2827 Rex
1727 2787 1894 2840 Jacobus
1910 2787 2054 2827 Secun-
2074 2774 2090 2814 ἕ

252 2851 322 2891 dus
352 2849 565 2900 Aragonius
597 2849 661 2899 qui
687 2848 772 2900 lege
788 2857 976 2900 perpetua
1001 2847 1141 2897 sanxit,
1172 2854 1215 2886 ut
1238 2845 1372 2897 Regna
1388 2847 1590 2900 Aragoniae
1612 2849 1650 2889 &
1671 2847 1884 2899 Valentiae,
1913 2859 1958 2887 ac
1980 2847 2052 2887 Ca-

253 2911 423 2951 talauniae
451 2908 685 2959 principatus
707 2907 908 2948 individuo
935 2909 1034 2948 inter
1059 2908 1096 2947 se
1120 2918 1225 2947 nexu
1254 2908 1536 2957 copularentur.
1834 2942 1837 2944 .
2070 2956 2074 2961 ,

427 2967 462 3018 §.
497 2966 588 3005 Nec
612 2967 780 3006 excusari
803 2967 957 3019 poss'unt
991 2980 1138 3008 errores
1158 2965 1214 3006 isti
1244 2965 1350 3019 Lege
1380 2966 1587 3008 duodecim
1617 2967 1849 3015 tabularum,
1879 2976 1943 3006 aut
1966 2967 2087 3019 jure

252 3029 474 3077 communi,
502 3027 552 3065 de
572 3027 763 3067 cernenda
785 3029 883 3067 inter
905 3028 1041 3068 fratres
1071 3038 1228 3080 paterna
1253 3026 1495 3077 haereditate,
1523 3039 1598 3068 nec
1625 3030 1772 3068 ratione
1795 3029 1908 3067 etiam
1944 3035 2087 3069 natu—*5

251 3091 339 3139 rali,
371 3100 456 3140 quae
480 3086 635 3128 suadere
661 3087 832 3137 videtur,
866 3098 906 3128 ut
933 3089 1029 3130 ficut
1058 3089 1170 3129 Pater
1192 3099 1438 3130 communem
1455 3088 1540 3129 filiis
1559 3089 1678 3128 vitam
1692 3089 1846 3138 tribuit,
1875 3089 1926 3128 ita
1949 3087 2085 3128 bona

1955 3161 2052 3200 quo·
2075 3147 2088 3183 C}

2096 1530 2107 1603 i

2096 1606 2106 1655 'i
2129 1633 2132 1641 *

2098 1699 2105 1746 ,ἶ

2096 1786 2105 1828 5

2101 1894 2104 1912 Ι

2091 2020 2103 2028 ,
2086 1932 2098 1983 «ὦ

2087 2064 2101 2083 ⁴>

267 3296 274 3304 ⁸
345 3250 408 3297 (a)
437 3253 529 3287 Mar.
544 3250 633 3287 Hist.
655 3253 754 3302 Hisp.
772 3253 924 3301 lib.5.c.
948 3268 1007 3295 12.
1087 3256 1160 3303 (b)
1187 3257 1275 3292 Mar.
1295 3256 1426 3293 Hist.1.
1446 3268 1483 3301 9.
1508 3268 1540 3292 c.
1566 3268 1597 3292 1.
1647 3254 1716 3305 (c)
1746 3256 1836 3292 Mar.
1856 3252 2050 3302 hist.Hisp.
2086 3246 2087 3250 ¹

251 3297 312 3335 hb·
330 3312 366 3344 9·
384 3313 414 3337 0·
437 3303 471 3345 8-
500 3302 561 3339 lib·
580 3316 638 3346 11·
658 3317 688 3342 c.
706 3317 740 3354 5.
761 3306 889 3354 lib.14.
903 3319 934 3345 c.
958 3322 993 3345 2.
1043 3308 1115 3357 (d)
1137 3309 1237 3346 Idem
1254 3308 1332 3346 hist.
1353 3308 1518 3358 Hisp.l.5.
1538 3321 1567 3346 c.
1584 3319 1642 3353 19.
2083 3325 2085 3329 ¹
