2132 3730
463 208 1436 257 SYMBOLAPOLJTICA.
1782 227 1836 269 55

41 296 235 345 instituat,
266 293 312 332 ad
338 294 457 332 vitam
474 294 589 333 etiam
613 292 860 344 affionesque
883 293 1146 334 Ministrorum
1174 322 1187 342 ‚
1218 297 1282 345 qui
1312 296 1513 347 personam
1546 296 1625 347 ejus
1646 295 1837 346 sustinent,

40 356 200 398 extendi
218 353 334 393 debet
354 365 367 400 ,·
396 352 581 404 siquidem
600 353 647 392 ad
665 353 732 392 has
750 365 829 392 non
846 355 969 393 minus
986 384 996 403 ,
1023 354 1137 406 quam
1165 352 1213 392 ad
1243 355 1322 394 illas
1354 354 1425 395 rite
1453 355 1705 396 moderandas
1727 355 1839 397 Deus

41 417 292 465 hominesque
316 424 403 452 eum
422 413 630 466 obligatum
654 413 821 457 censent.
880 413 978 454 Non
999 416 1096 453 lunae
1126 411 1301 452 defeetus
1331 413 1386 453 est
1409 416 1440 454 is
1462 445 1474 463 ,
1504 428 1618 467 quem
1641 418 1680 456 In
1699 415 1842 468 Eclipst

42 479 102 518 illa
117 475 259 528 patitur
276 503 288 521 ‚
320 472 385 511 sed
406 483 533 544 terre⁹
553 485 637 524 quae
659 474 759 513 illam
776 475 874 512 inter
890 473 927 513 ὅτ.
941 473 1070 513 Solem
1085 474 1259 512 umbram
1282 473 1384 513 suam
1416 476 1613 526 interjicit;
1641 477 1761 517 nihilo
1788 487 1843 516 ta-

42 547 130 577 men
148 534 271 573 minus
286 563 297 581 ‚
328 544 445 572 nemo
468 535 668 584 quisquam
685 531 740 572 est
763 563 776 582 ‚
807 535 871 585 qui
898 532 1159 573 defectionem
1173 533 1274 572 illam
1287 532 1408 572 Lunae
1426 545 1505 572 non
1521 537 1690 584 tribuat;
1719 548 1843 588 eaque

43 597 152 635 unica
175 592 305 633 sufficit
328 592 377 631 ad
396 592 638 632 offuscandos
651 591 730 643 ejus
749 593 895 642 radios,
926 593 963 632 δε
987 592 1150 632 creanda
1170 592 1285 631 rebus
1306 593 1408 632 hisce
1432 592 1675 635 inferioribus
1706 596 1844 637 damna

42 663 102 695 tot
121 683 136 703 ‚
167 663 281 704 atque
300 652 560 692 incommoda.
623 652 805 705 Principis
833 654 926 693 vitia
945 653 983 692 in
1007 664 1166 704 pravam
1187 652 1268 703 ejus
1293 654 1535 693 voluntatem
1560 654 1759 696 referimus
1776 688 1787 705 ,
1806 667 1844 697 at

41 711 222 755 Ministris
255 714 438 753 scelerum
462 714 728 766 impunitatem
746 713 983 761 concedere,
1007 713 1120 752 animi
1145 712 1317 764 quaeclam
1341 714 1514 753 censetur
1535 715 1671 753 vilitas.
1752 717 1847 757 Pec-

42 783 124 813 cata
140 774 297 825 propria
329 774 493 825 aliquam
524 783 719 814 merentur
752 773 1034 814 excusationem
1056 802 1069 821 ,
1101 772 1153 811 ob
1184 771 1393 812 affeetuum
1413 774 1450 813 ἃ
1483 774 1690 825 passionum
1725 777 1845 816 vehe-

40 833 219 874 mentiam
242 845 254 871 .·
310 833 375 873 sed
406 832 435 872 fi
470 845 541 886 per
579 833 849 887 indulgentiam
867 834 1164 883 ,permitttantur
1202 834 1240 872 in
1285 834 1362 873 aliis
1391 864 1402 881 ,
1459 834 1583 873 nullus
1637 834 1848 875 excusatio—

39 894 79 934 ni
96 891 149 932 est
168 894 289 934 locus.
382 891 453 932 Nil
479 893 662 945 prohibet
696 893 858 942 Principi
886 892 1025 931 vitioso
1057 892 1183 931 bonos
1210 892 1284 933 esse
1309 891 1528 936 Ministros:
1558 893 1587 934 fi
1609 902 1737 934 tamen
1758 907 1851 934 con-

38 954 173 994 nivere
206 965 294 993 cum
313 953 356 992 iis
381 954 536 1004 incipiat
553 983 565 1002 ‚
599 953 691 993 &bi
720 981 733 1001 ‚
764 951 800 991 &
819 953 882 990 ille
906 950 1080 1003 flagitiosi
1114 962 1234 992 erunt.
1318 952 1423 992 Hinc
1451 966 1726 1005 nonnunquam
1753 956 1850 995 acci-

39 1012 94 1052 dit
115 1042 129 1062 ,
160 1012 267 1064 quod
292 1013 473 1064 Principis
494 1011 651 1052 minime
667 1012 761 1050 boni
779 1012 883 1051 bona
902 1021 1030 1051 tamen
1047 1011 1091 1051 fit
1104 1013 1355 1063 gubernatio,
1368 1013 1581 1053 dummodo
1600 1014 1678 1066 ipse
1696 1024 1849 1065 caveat,

37 1085 87 1112 ne
113 1073 172 1112 alii
191 1072 297 1112 suum
321 1072 521 1123 sequantur
540 1073 759 1124 exemplum
779 1084 788 1110 :
820 1072 921 1123 rigor
940 1073 1040 1112 enim
1051 1073 1113 1111 ille
1134 1084 1215 1111 non
1232 1072 1336 1120 finit,
1368 1083 1409 1111 ut
1422 1072 1588 1113 adulatio
1605 1073 1749 1114 factum
1769 1076 1851 1115 irni-

0 1155 1 1177 ἦ
43 1133 112 1171 tari
130 1132 289 1181 audeat,
308 1144 435 1183 neque
448 1133 578 1171 locum
593 1131 656 1171 dat
677 1131 895 1171 naturaliilli
913 1133 1123 1171 voluntatis
1138 1129 1396 1181 inclinationi,
1415 1145 1488 1183 qua
1505 1135 1666 1185 quisque
1685 1135 1852 1187 Principi

0 1242 1 1250 ἵ
42 1192 114 1230 bus
142 1191 314 1231 similium
332 1191 404 1230 affl
415 1203 533 1231 onum
553 1191 676 1231 studio
696 1191 733 1230 se
754 1190 1000 1231 conformare
1022 1191 1219 1232 desiderat.
1280 1191 1373 1231 Esto
1392 1204 1465 1244 pro
1491 1193 1527 1232 se
1547 1194 1625 1245 ipse
1647 1194 1692 1234 sit
1705 1196 1825 1235 malus
1839 1224 1852 1244 ,

0 1276 2 1299 3
43 1263 116 1303 pro
139 1251 353 1301 Republica
374 1259 503 1290 tamen
521 1252 647 1290 bonus
664 1252 747 1293 erit.
808 1250 978 1291 Omnem
1007 1251 1191 1292 Ministris
1216 1251 1413 1305 indulgere
1433 1252 1647 1293 libertatem
1663 1284 1675 1303 ‚
1708 1253 1763 1294 est
1784 1255 1853 1295 im-

41 1311 137 1363 perii
152 1310 314 1360 abjicere
331 1310 497 1348 habenas
521 1339 534 1358 ‚
563 1309 642 1349 fine
658 1310 797 1361 quibus
814 1312 940 1350 nullus
961 1313 1075 1352 etiam
1099 1324 1220 1363 equus
1237 1311 1341 1350 reete:
1366 1310 1576 1363 secureque
1599 1314 1754 1354 incedit.

0 1412 3 1426 1
156 1368 192 1420 ς,
227 1369 322 1407 Mali
337 1369 529 1420 Principes
545 1368 654 1420 aeque
676 1369 760 1409 sunt
783 1380 916 1409 curatu
936 1370 1105 1410 difficiles
1122 1401 1134 1420 ‚
1165 1384 1208 1410 ac
1223 1374 1426 1422 pulmones
1444 1371 1571 1411 affeffl
1590 1374 1714 1422 male‚·
1744 1385 1793 1414 ex
1802 1384 1854 1414 eo

1 1429 4 1479 ᾗ
41 1430 180 1479 capite,
196 1428 301 1480 quod
314 1429 480 1469 remedia
497 1430 539 1467 iis
558 1430 736 1481 applicari
746 1440 950 1481 nequeant:
962 1430 1046 1471 haec
1057 1443 1223 1482 namque
1237 1433 1274 1470 in
1289 1431 1481 1470 audiendo
1499 1431 1717 1481 consistunt,
1734 1443 1771 1472 at
1785 1433 1856 1487 ipsi

0 1486 5 1532 ἕ
42 1488 193 1527 audire'
215 1499 378 1528 renuunt
403 1504 416 1536 3
448 1488 654 1528 consistunt
688 1489 727 1527 in
754 1489 925 1530 videndo
948 1520 961 1539 ,
991 1500 1031 1531 at
1060 1491 1129 1543 ipsi
1150 1490 1283 1530 videre
1308 1503 1389 1530 non
1415 1491 1596 1531 sustinent
1616 1522 1628 1541 ,
1658 1505 1786 1545 neque
1812 1501 1857 1532 ut

43 1548 194 1587 audiant
211 1546 285 1602 (a)
313 1550 376 1588 vel
402 1548 557 1588 videant
574 1550 656 1596 alii,
680 1557 745 1587 aut
763 1559 870 1589 certe
898 1550 990 1590 illud
1017 1551 1137 1603 ipsum
1160 1563 1240 1591 non
1269 1550 1393 1590 sinunt
1425 1550 1624 1591 domestici
1645 1554 1790 1604 proprii
1810 1564 1857 1592 ac

3 1603 5 1617 '
43 1607 219 1656 Ministri,
240 1610 304 1659 qui
321 1609 538 1660 Principum
559 1610 661 1648 vitiis
671 1609 908 1661 applaudunt
924 1612 1079 1661 potius:
1112 1611 1150 1651 δι
1170 1610 1496 1662 quemadmodum
1519 1612 1662 1662 antiqui
1679 1613 1769 1652 olim
1781 1623 1857 1652 aete

4 1707 7 1720 ξ
45 1665 84 1706 &
113 1668 294 1716 cymbalis
316 1671 443 1707 omnia
460 1669 714 1720 personabant
734 1698 748 1716 ,
779 1668 871 1709 dum
888 1668 976 1708 luna
999 1669 1071 1724 (b)
1097 1669 1320 1715 laboraret3
1351 1670 1402 1708 ita
1430 1668 1485 1708 isti
1520 1672 1686 1711 animum
1716 1671 1858 1711 Princi-

42 1727 104 1780 pis
120 1726 283 1767 modulis
301 1728 450 1767 musicis
466 1757 478 1774 ,
508 1729 663 1777 aliisque
681 1725 971 1767 obleetamentis
989 1728 1208 1768 demulcere
1226 1728 1417 1780 satagunt,
1449 1730 1486 1768 in
1502 1739 1551 1767 eo
1566 1729 1759 1781 praecipue
1782 1732 1858 1770 ela-

5 1789 7 1836 }
48 1787 227 1825 borantes
243 1816 255 1835 ‚
284 1796 327 1825 ut
343 1797 450 1825 aures
467 1785 613 1837 semper
628 1785 766 1824 habeat
790 1796 974 1838 ocupatas
990 1817 1002 1835 ‚
1036 1799 1086 1827 ne
1103 1798 1168 1826 aut
1186 1799 1354 1827 murmur
1369 1786 1658 1828 obtreetationis
1669 1818 1682 1837 ‚
1714 1799 1778 1830 aut
1787 1801 1856 1829 ve-

5 1846 9 1895 ξ
43 1846 163 1885 ritatis
189 1856 308 1885 voces
322 1875 334 1894 ‚
370 1857 455 1901 quae
473 1844 587 1883 dolos
612 1845 798 1895 detegunt
812 1873 825 1891 ,
855 1846 903 1883 ad
919 1855 982 1882 eas
998 1855 1201 1895 penetrare
1228 1846 1392 1896 poffint3
1423 1846 1461 1885 &
1484 1846 1658 1895 demum,
1681 1858 1724 1887 ut
1744 1862 1789 1888 ea
1803 1862 1861 1888 ra.

7 1899 9 1902 ⁴
46 1906 154 1944 tione
177 1932 191 1950 ‚
220 1905 310 1944 dum
339 1904 518 1952 Princeps
529 1903 639 1952 juxta
653 1913 698 1941 ac
720 1900 772 1942 illi
791 1902 928 1944 iisdem
949 1902 986 1944 se
1002 1905 1232 1957 immergunt
1254 1905 1371 1955 vitiiS‚
1387 1916 1504 1946 nemo
1526 1907 1760 1960 reperiatur,
1791 1910 1859 1962 qui

7 1999 9 2010 ,
47 1975 116 2004 eos
137 1961 394 2016 reprehendat
413 1961 636 2015 &corrigat.

471 2141 1122 2211 SYMBOLUM
1185 2142 1347 2209 XIV.

172 2303 305 2344 Ullum
323 2301 448 2357 prope
468 2301 756 2345 instrumentum
780 2300 856 2352 est,
887 2300 993 2353 quod
1014 2301 1100 2341 artis
1119 2313 1237 2353 opera
1257 2301 1293 2341 se
1310 2300 1393 2342 solo
1418 2314 1506 2343 cum
1525 2303 1630 2342 omni
1651 2299 1860 2356 perfeffi‘tio-

195 2370 249 2404 ‘ne
269 2364 453 2404 elaboret.
517 2361 639 2416 Quod
654 2357 829 2414 praestare
860 2373 939 2401 non
965 2362 1095 2414 potuit
1117 2363 1294 2409 malleus,
1324 2363 1411 2402 lima
1438 2362 1602 2415 perficit.
1663 2363 1860 2403 Textrinae

203 2423 377 2464 defed'tus
406 2421 580 2463 tonsoriae
600 2423 792 2474 corrigunt
815 2420 970 2461 forfices
995 2419 1019 2473 (
1036 2423 1123 2461 icon
1144 2421 1336 2474 praesentis
1357 2422 1645 2477 Emblematis)
1669 2423 1708 2463 &
1730 2435 1862 2474 panno

52 2485 216 2523 nitorem
231 2483 377 2524 addunt
392 2497 436 2523 ac
454 2483 689 2535 elegantiam.
749 2482 887 2522 Aliena
912 2481 1064 2521 censura
1090 2484 1270 2534 proprios
1291 2484 1494 2535 componit
1517 2495 1658 2523 mores.
1720 2481 1863 2522 Macu-

52 2544 96 2583 lis
111 2544 212 2596 pleni
231 2540 365 2592 essent,
388 2544 457 2584 nisi
487 2555 549 2583 eas
573 2541 810 2582 'detonderet
840 2544 984 2594 lingua.
1044 2541 1156 2595 Quos
1172 2544 1236 2582 lex
1261 2543 1337 2595 ipsa
1362 2545 1401 2583 in
1419 2544 1546 2583 officio
1565 2545 1765 2583 continere
1795 2551 1862 2582 aut

55 2602 258 2643 emendare
275 2605 431 2654 nequit,
464 2603 562 2643 solus
584 2602 679 2655 saepe
696 2603 853 2642 coe'rcet
880 2599 1170 2642 obtrectationis
1208 2614 1360 2652 metus,
1394 2615 1478 2654 quae
1502 2601 1671 2643 stimulus
1705 2601 1863 2655 quidam

54 2662 110 2702 est
130 2663 300 2709 virtutis,
327 2662 363 2702 δι
387 2663 566 2712 fraenum,
586 2674 636 2702 ne
661 2661 682 2701 a
708 2661 817 2702 resto
853 2664 1003 2702 tramite
1029 2675 1073 2702 ea
1101 2662 1242 2702 deviet.
1301 2661 1618 2703 obtrectationes
1644 2664 1683 2703 in
1707 2663 1863 2703 auribus

53 2723 352 2774 obsequentibus
384 2719 580 2774 prudentis
600 2721 778 2775 Principis
798 2724 946 2763 inaures
966 2719 1059 2778 (c)
1091 2724 1174 2762 sunt
1192 2733 1314 2762 aureae
1330 2752 1344 2771 ,
1375 2722 1412 2762 &
1434 2721 1686 2776 fulgentissimi
1706 2723 1862 2776 quidam

54 2783 216 2822 uniones
242 2781 317 2835 (ut
343 2782 438 2822 dixit
461 2783 642 2822 Salomon
661 2781 685 2836 )
717 2785 781 2833 qui
800 2783 895 2823 mire
911 2792 1100 2822 exornant
1122 2782 1227 2821 illum
1256 2782 1294 2822 &
1310 2781 1527 2834 perficiunt.
1590 2783 1736 2824 Nullus
1759 2784 1863 2835 capi·

53 2843 164 2882 talior
185 2844 266 2882 vitii
287 2841 404 2881 hostis
424 2841 500 2889 est,
530 2842 643 2893 quam
663 2843 826 2883 censura.
904 2840 1042 2895 Longe
1066 2843 1149 2882 haec
1184 2842 1373 2882 efficacior
1391 2873 1402 2892 ,
1435 2842 1549 2894 quam
1577 2844 1801 2884 cohortatio
1821 2842 1860 2883 δε

59 2900 255 2943 ὀοᾶτίηα;
287 2903 506 2943 cohortatio
525 2904 626 2942 enim
643 2901 780 2943 famam
810 2903 848 2944 δε
863 2902 1022 2958 gloriam
1044 2904 1081 2943 in
1096 2902 1266 2943 futurum
1283 2904 1469 2956 proponit
1493 2916 1506 2951 3
1537 2905 1692 2944 censura
1711 2935 1722 2954 ,
1754 2902 1862 2955 quod

958 2960 996 3001 Ο
1019 2975 1047 3003 2
1748 2972 1861 3012 turpe

153 3066 216 3109 (a)
241 3066 324 3115 Qi
338 3062 460 3100 dicunt
484 3059 691 3098 videntibus
704 3091 714 3107 ,
744 3063 859 3100 Nolite
888 3062 1037 3100 videre.-
1064 3062 1109 3106 ῤ’
1127 3058 1385 3116 aspicientibus,
1401 3063 1518 3100 Nolite
1542 3061 1688 3115 aspicere
1707 3058 1801 3097 nobis
1818 3073 1861 3097 ea

60 3127 126 3168 qux
144 3116 335 3162 reihssam
348 3130 363 3159 ,·
388 3115 569 3168 loquimini
585 3111 680 3150 ,uobis
685 3114 874 3165 placentia.
902 3115 976 3153 lsai.
1002 3128 1059 3162 30.
1078 3129 1136 3153 10.
1188 3117 1249 3163 (b)
1268 3117 1382 3168 Igitur
1396 3114 1555 3162 aerissono
1567 3141 1576 3156 ,
1601 3112 1861 3153 tubarum‚c0r-

62 3180 233 3220 mcumque
251 3178 412 3206 concentu
425 3166 578 3219 strepere
595 3176 700 3218 prout
711 3163 922 3218 splendidior
939 3194 948 3208 ‚
974 3164 1205 3214 obsc'uriorve,
1232 3167 1346 3206 laetari
1366 3178 1434 3206 a-ut
1448 3180 1598 3205 moerere.
1652 3167 1738 3204 Tac.
1756 3165 1859 3204 lib.6.

63 3221 190 3313 anal.
241 3225 298 3269 (c)
322 3222 462 3257 Jnauris
478 3234 605 3267 aurea,
637 3218 682 3262 ὠ
699 3220 939 3273 margaritum
936 3217 1085 3274 fulgens
1105 3249 1114 3264 ,
1137 3223 1199 3274 qui
1211 3223 1337 3274 arguit
1340 3220 1538 3275 sapientem
1558 3244 1570 3262 ‚
1595 3216 1641 3261 eb*
1660 3217 1861 3257 auremobe·

88 3270 229 3309 ientem.
269 3274 378 3312 Prov.
404 3286 465 3320 25.
499 3286 553 3318 12.
