2132 3730
473 197 1461 273 SYMBoL—APOLITICA.
1821 212 1872 253 51

66 304 202 333 aurum
222 299 337 341 atque
356 296 555 340 argentum
571 286 594 327 e
619 288 772 328 latebris
794 293 984 325 eruerent.
1048 283 1202 324 Saevitia
1220 283 1258 323 &
1281 282 1494 335 cupiditate
1516 283 1646 323 multae
1676 282 1879 325 hominum

66 350 255 403 myriades
271 343 442 401 periere,
470 360 551 387 non
571 348 685 387 animi
706 347 874 392 vilitate3
904 341 1232 396 quemadmodum
1256 342 1339 382 Indi
1352 373 1380 393 ‚⁷
1395 354 1560 395 quorum
1577 342 1878 394 extirpationem

66 412 194 453 divina
215 406 385 461 permisit
408 405 573 458 justitia,
603 406 655 447 eo
671 405 779 458 quod
807 413 868 444 tot
890 403 1033 444 saeculis
1059 411 1194 442 contra
1217 402 1461 442 conditorem
1488 402 1595 443 suum
1627 402 1792 443 rebelles
1815 413 1883 442 ex-

66 468 233 513 titiss‘ent.
291 466 384 507 Nan
403 478 477 520 ego
497 466 625 507 isthaec
639 466 841 513 recenseo,
872 473 915 504 ut
946 465 1060 504 ullam
1081 460 1248 501 incusem
1286 460 1528 512 Nationem,
1559 463 1637 502 scio
1675 463 1778 503 enim
1800 463 1881 513 ple.

64 541 200 582 rasque
222 525 305 568 fere
321 538 456 566 omnes
470 529 508 566 in
531 526 689 566 barbara
703 524 821 565 isthac
845 533 962 575 atque
982 523 1186 562 inhumana
1213 520 1393 573 tragoedia
1418 520 1499 560 suas
1525 521 1637 574 egiffe
1654 519 1883 574 partes:sed

66 591 208 638 solum,
239 597 283 628 ut
302 586 324 627 ὲ
344 588 532 627 calumnia
553 595 709 639 gentem
734 584 943 636 Hispanam
974 581 1185 624 vindicem.
1246 579 1466 621 Mitisfimus
1496 582 1611 621 etiam
1641 583 1812 631 animus,
1842 579 1883 621 &

65 648 253 690 formatus
284 644 454 700 optime,
484 645 688 699 ahquando
720 645 758 685 in
784 644 960 696 periculo
988 640 1066 690 est,
1094 653 1145 681 ne
1179 649 1289 680 extra
1314 641 1455 680 limites
1487 641 1613 680 abeat.
1674 641 1883 682 Imbecillae

65 718 208 751 naturae
220 706 356 748 nostrae
383 708 520 747 vitium
538 706 613 756 est,
643 705 751 758 quod
775 705 877 743 nulla
894 701 994 742 aetio
1026 711 1104 742 tam
1127 701 1239 742 bruta
1258 699 1327 751 fit,
1356 711 1432 753 qua
1456 700 1496 740 se
1519 701 1781 742 contaminare
1800 710 1884 742 non

64 768 198 824 polilt,
229 767 258 808 fi
281 768 492 822 Religionis
513 776 578 807 aut
604 765 759 819 Justitiae
775 763 899 805 froeno
916 771 1053 802 careat.

449 933 1244 1008 SYMBOLUM
1324 930 1492 999 XIII.

10 2431 12 2438 ·
200 2402 387 2445 Bsentiam
410 2401 509 2445 Solis
520 2402 668 2455 supplet
695 2400 829 2453 Luna,
849 2399 943 2442 dum
967 2398 1072 2442 nocti
1097 2399 1288 2455 praefidet.
1349 2398 1385 2442 E
1415 2402 1529 2442 variis
1550 2401 1648 2442 illius
1678 2399 1873 2450 motibus,

230 2472 436 2516 augmento
452 2463 490 2504 δε
506 2461 754 2502 decremento
764 2472 891 2502 rerum
901 2463 1082 2501 harumce
1104 2461 1328 2502 inferiorum
1349 2462 1462 2514 vigor
1478 2461 1516 2501 ὅτ.
1542 2461 1784 2500 conservatio
1809 2460 1878 2500 de-

12 2568 13 2573 *
231 2522 400 2576 pendet,
432 2522 470 2564 &
493 2521 642 2562 tametsi
660 2521 768 2562 tanto
785 2521 981 2573 pulchrior
1003 2523 1064 2562 illa
1085 2521 1153 2570 fit,
1175 2521 1320 2573 quanto
1340 2521 1399 2561 hae
1421 2521 1590 2560 obscurae
1618 2522 1750 2573 magis,
1768 2519 1805 2559 &
1824 2520 1876 2559 de

12 2588 13 2605 ³
69 2581 109 2622 se
132 2581 425 2632 imbecilliores,
461 2591 602 2634 utpote
627 2593 711 2633 quae
746 2581 822 2622 effe
852 2583 957 2623 suurn
980 2582 1028 2621 ab
1048 2582 1145 2622 illius
1166 2584 1253 2621 luce
1272 2582 1446 2621 hauriant
1469 2594 1481 2628 3
1509 2592 1626 2620 nemo
1656 2589 1785 2619 tamen
1808 2577 1878 2627 est,

13 2644 14 2692 ξ
70 2643 138 2693 qui
152 2642 217 2681 vel
244 2652 290 2682 ea
309 2641 358 2681 de
375 2642 501 2691 causa,
522 2640 587 2682 vel
606 2651 765 2694 propter
778 2643 847 2681 alia
866 2643 1064 2682 innumera
1081 2642 1162 2692 ejus
1183 2639 1372 2681 beneficia
1388 2637 1625 2693 magnopere
1641 2640 1690 2680 ad
1706 2649 1790 2679 eam
1810 2638 1877 2679 ad-

13 2703 16 2759 ᾗ
68 2710 197 2742 vertat
211 2732 223 2750 ‚
253 2711 303 2741 ne
318 2710 399 2741 tum
417 2701 570 2753 quidem
588 2729 601 2748 ‚
629 2701 716 2742 cum
735 2702 879 2742 lumine
895 2702 1048 2754 plenam
1066 2701 1140 2741 sese
1157 2701 1327 2741 exhibet.
1390 2700 1512 2753 Qubd
1529 2700 1557 2740 s1
1575 2699 1672 2740 vero
1683 2699 1878 2740 interdum

14 2777 15 2780 ¹
68 2770 178 2800 terrae
198 2759 398 2812 interjectu
411 2758 579 2813 ‘Eclipfin
595 2762 757 2812 patiatur
776 2792 789 2811 ‚
819 2762 857 2802 δε
874 2756 1047 2813 corporis
1070 2763 1121 2801 lui
1142 2773 1221 2800 non
1233 2760 1310 2812 jam
1337 2759 1506 2800 illustrati
1532 2759 1554 2799 a
1572 2759 1691 2810 Sole,
1722 2768 1765 2798 ut
1782 2771 1878 2812 pau·

15 2846 16 2849 =
68 2820 109 2860 1ὸ
134 2819 224 2861 ante
249 2817 505 2872 spectantibus
521 2821 598 2860 sese
615 2820 802 2862 offerebat
819 2851 832 2871 ‚
856 2821 920 2862 sed
943 2823 1056 2873 opaci
1081 2821 1119 2861 &
1134 2820 1282 2860 obscuri
1301 2850 1314 2870 ‚
1344 2820 1488 2871 pandat
1504 2818 1680 2860 defeftus
1695 2851 1706 2869 ‚
1749 2820 1877 2860 omni-

16 2914 17 2917 ,
69 2890 136 2921 um
160 2879 263 2920 illicb
281 2889 438 2920 notatur
450 2880 717 2920 &observatur
735 2883 856 2922 oculis
873 2895 885 2929 ;
915 2883 1006 2933 quin
1033 2879 1148 2934 longe
1165 2882 1278 2920 etiam
1307 2889 1395 2920 ante
1413 2910 1426 2929 ,
1453 2878 1568 2932 quam
1585 2881 1761 2929 eveniat,
1781 2892 1877 2931 prae·

16 2945 17 2948 ’
68 2942 188 2980 vertit
217 2940 414 2980 curiositas
432 2971 446 2990 ‚
476 2940 513 2979 δι
530 2951 663 2980 onmes
693 2943 788 2982 illius
807 2939 929 2993 pass‘us
953 2941 1136 2994 gradatim
1159 2941 1197 2979 &
1217 2941 1432 2980 minutatim
1460 2942 1496 2980 in
1517 2949 1719 2980 numerato
1741 2940 1873 2979 habet.

17 3024 18 3027 =
71 2998 179 3051 Quid
201 2999 395 3052 Principes
416 2999 517 3039 aliud
543 3000 639 3045 sunt,
661 3001 772 3052 quam
788 3002 952 3042 Planetae
971 3001 1125 3053 quidam
1146 2999 1338 3040 terrestres
1363 2999 1401 3039 δε
1418 2999 1539 3040 Lunae
1558 3030 1572 3050 ‚
1601 3002 1639 3040 in
1661 3010 1753 3051 quas
1777 2996 1875 3036 divi·

18 3093 19 3096 ,
71 3068 142 3097 nus
162 3061 224 3099 ille
241 3059 389 3110 justitiae
409 3061 462 3100 sol
482 3061 567 3099 suos
586 3056 763 3100 diffundit
775 3061 900 3102 radios
915 3073 989 3114 pro
1015 3072 1168 3101 terreno
1198 3062 1380 3112 regimine
1396 3062 1415 3099 ‚9
1444 3058 1539 3115 (a)
1555 3072 1641 3100 nam
1656 3060 1684 3098 si
1704 3056 1796 3096 astra
1812 3057 1874 3096 illa

58 3114 185 3159 *rebus
205 3118 477 3169 dominantur;
516 3121 556 3160 hi
579 3119 711 3160 animis
737 3122 936 3174 imperant.
1011 3120 1127 3161 Hane
1159 3121 1308 3161 causam
1330 3119 1440 3161 fuiffe
1467 3132 1576 3170 reor,
1591 3131 1658 3158 cur
1679 3116 1875 3214 Persai-funt

948 3181 995 3222 N
1028 3190 1051 3221 2
1835 3187 1875 3215 e-

168 3274 233 3325 ζει)
259 3276 384 3328 Chrys.
403 3281 515 3316 Serm.
537 3287 623 3317 120.
