2132 3730
262 228 345 268 118
691 217 1039 260 DIDACI
1100 217 1629 263 SAAVEDRAE

782 280 2065 300 Q——ffl-——ss——Qffl

257 364 500 417 repraesentat
518 372 664 412 3prorae
682 372 780 400 vero
798 362 954 402 navium
971 373 1040 413 per
1058 369 1118 400 tot
1135 373 1261 402 rerum
1271 362 1481 404 discrimina
1494 362 1695 405 Oceanum
1708 375 1925 418 pervagata:
1939 365 2070 419 Expe-

256 426 429 464 rientiam
449 419 664 460 Prudentiae
684 430 870 471 matrem,
902 434 977 474 qua
995 420 1152 461 fulcitur
1170 421 1361 473 sapientia.
1383 423 1517 464 Habet
1539 424 1621 463 haec
1640 436 1714 476 pro
1736 425 1893 477 objecto
1911 438 1971 466 res
1986 429 2067 467 unia

255 484 439 528 venales,
471 491 516 519 ac
537 488 772 532 perpetuam
798 483 858 521 illa
876 493 974 523 vero
997 479 1167 521 afflones
1195 481 1409 535 singulares.
1486 482 1577 523 Una
1598 484 1860 536 speculatione
1879 486 1921 525 r&
1943 485 2068 525 studio

254 548 522 593 comparatur:
539 538 656 579 altera
689 538 810 597 (quae
826 544 963 582 mentis
990 540 1044 582 est
1064 539 1251 594 habitus)
1279 545 1417 594 partim
1435 554 1561 584 rerum
1582 545 2070 597 bonarum,malarumque

256 601 479 654 cognitione
497 613 509 648 3
538 600 677 652 partim
703 603 980 642 exercitatione
1008 601 1139 641 &usu.
1200 602 1337 642 Ambae
1354 601 1463 643 fimul
1473 603 1614 654 junGtae
1631 603 1848 656 perfectum
1868 605 2069 658 Reipubli-

254 673 309 701 cae
333 658 619 701 moderatorem
638 660 831 711 efficiunt,
862 674 937 702 una
958 662 1036 702 sola
1059 673 1141 701 non
1170 658 1314 701 sufficit.
1371 662 1406 702 E
1424 675 1503 715 quo
1520 662 1634 703 facile
1653 674 1811 716 apparet
1828 695 1840 713 ,
1871 664 1986 716 quam
2001 677 2068 716 pe-

253 720 462 760 riculosum
471 719 540 768 fit,
564 720 592 760 fi
610 721 635 760 ii
654 731 780 761 rerum
795 724 1013 774 potiantur,
1029 723 1095 773 qui
1116 722 1182 760 soli
1198 721 1437 763 scientiarum
1454 720 1821 776 contemplationi&
1840 726 1930 764 vitae
1947 725 2070 764 solita-

251 782 317 820 riae
334 780 417 820 sunt
443 779 562 819 dediti
580 793 591 818 :
621 780 811 821 ordinarie
837 785 938 822 enim
957 783 997 822 hi
1015 783 1113 821 tales
1134 781 1201 820 usu
1222 781 1260 820 &
1283 783 1393 833 praxi
1411 794 1536 823 rerum
1558 793 1690 824 carent
1710 813 1723 833 ,
1754 783 1932 835 adeoque
1949 783 2068 823 aetio·-

250 840 365 882 nibus
391 840 465 880 suis
483 870 497 890 ,
538 841 625 892 quia
639 850 704 880 aut
725 844 934 882 temerariae
951 842 1049 892 sunt,
1063 851 1132 881 aut
1152 843 1248 881 viles
1268 841 1306 881 &
1328 841 1506 893 abJeetae,
1536 844 1629 884 nihil
1644 852 1947 896 promoverent,
1975 857 2068 895 prae-

251 901 377 941 sertim
393 900 420 939 si
446 908 512 939 aut
529 908 655 939 metus
676 930 690 950 ,
721 911 786 941 aut
824 903 930 944 zelus
949 903 1088 942 nimius
1104 912 1174 941 eos
1202 901 1437 942 transversos
1459 905 1591 954 egerit.
1650 902 1683 943 F
1684 905 1895 944 amiliaritas
1913 914 2066 949 eorum,

251 961 291 1001 &
307 960 444 1012 scripta
466 959 493 1010 ζ
504 961 543 999 in
562 960 700 1011 quibus
719 962 806 1012 plus
832 963 1026 1015 ingenium
1049 962 1329 1014 speculativum
1352 962 1481 1010 valet,
1514 961 1628 1012 quam
1650 962 1897 1017 pmfflcum)
1914 961 2069 1015 prodes*

253 1021 290 1060 se
306 1027 493 1072 poterunt
516 1019 703 1071 Principi,
728 1030 774 1060 ut
788 1023 956 1063 animum
974 1034 1053 1073 ejus
1069 1023 1241 1062 excitent
1260 1050 1274 1070 ,
1301 1021 1342 1061 >&
1376 1019 1576 1061 differendi
1592 1022 1838 1074 suppeditent
1858 1024 2070 1071 materiam,

251 1081 280 1120 fi
310 1092 354 1119 ea
382 1077 457 1118 una
487 1090 576 1118 cum
603 1088 783 1131 tempore
805 1082 843 1121 δε
869 1084 1107 1134 experientia
1132 1084 1170 1121 in
1197 1081 1404 1121 ‘confilium
1431 1081 1622 1120 adhibeat.
1680 1084 1756 1121 Ars
1780 1082 1931 1121 medica
1946 1094 2068 1121 reme-

252 1139 313 1179 dia
327 1138 534 1192 praescribit
551 1139 719 1190 morbis,
748 1153 794 1180 ea
810 1151 939 1181 tamen
956 1142 1142 1182 Medicus
1155 1153 1235 1180 non
1253 1142 1446 1193 applicat,
1475 1141 1545 1180 nisi
1561 1139 1787 1182 infirmitatis
1813 1141 2067 1189 conditiones,

248 1209 424 1240 naturam
447 1200 558 1251 aegri,
590 1199 628 1239 &
645 1199 962 1251 constitutionem
994 1200 1083 1242 ante
1101 1200 1333 1252 consideret.
1394 1200 1516 1254 Quod
1538 1201 1566 1241 fi
1588 1198 1706 1240 isthac
1727 1202 1876 1240 ratione
1893 1213 2070 1252 arrogan-

250 1262 343 1299 tiam
360 1259 460 1298 suam
482 1259 679 1300 barbaram
700 1261 944 1313 temperasset
963 1260 1157 1302 Hannibal
1178 1289 1191 1311 ,
1220 1273 1301 1301 non
1321 1273 1395 1313 pro
1412 1262 1543 1301 insano
1567 1259 1748 1300 derisisset
1768 1261 2067 1309 Phormionem,

250 1318 360 1371 quod
379 1331 571 1358 armorum
591 1321 815 1372 inexpertus
830 1321 1016 1362 militandi
1040 1330 1161 1361 artem
1183 1321 1364 1360 traderet.
1426 1321 1618 1373 Quamvis
1644 1322 1746 1359 enim
1769 1319 1979 1370 speculatio
1990 1320 2068 1360 sola
2122 1367 2124 1370 y

251 1380 333 1431 ejus
354 1379 490 1431 praxin
514 1381 738 1431 neutiquam
764 1378 978 1433 assequatur
996 1407 1010 1430 ,
1040 1380 1245 1433 quomod-o
1263 1380 1387 1420 Poe'ta
1403 1381 1466 1420 ille
1489 1379 1692 1420 Lusita-nus
1720 1380 1878 1419 cecinit:

392 1454 477 1516 (a)
510 1454 557 1503 A
580 1451 834 1523 dg'sciplina
865 1454 1059 1507 militar
1077 1450 1309 1524 prestante

391 1524 513 1575 Nae
528 1520 580 1589 fi?
609 1523 845 1592 apprende
857 1523 1041 1593 stnhor
1065 1544 1132 1576 na
1154 1518 1411 1594 phantasia

391 1592 652 1645 Sonbando
669 1624 685 1646 ‚
723 1594 1039 1664 imaginando
1058 1626 1073 1650 ‚
1109 1614 1165 1646 ou
1184 1592 1456 1656 estudando.

387 1663 449 1714 Se
462 1662 555 1713 ndo
574 1662 758 1723 vendo,
795 1663 1069 1718 tranando,
1095 1683 1119 1715 e
1130 1662 1395 1734 peleianda.

491 1731 970 1802 Meditandosblum
999 1737 1090 1787 rite
1110 1730 1313 1802 condisci
1330 1734 1498 1803 nequit

496 1806 596 1855 Ars
620 1803 887 1866 militaris2·
902 1804 1078 1857 melius
1105 1806 1227 1857 ham·
1229 1803 1474 1872 frequens
1497 1802 1593 1855 tibi

724 1875 928 1925 Parabit
947 1873 1058 1940 usus
1086 1888 1230 1942 atque
1253 1872 1420 1941 solerti
1442 1890 1602 1926 manu

745 1942 984 1995 Tradata
994 1941 1178 2012 stepius
1203 1960 1364 1992 arma.

248 2013 437 2066 Perquam
455 2015 557 2054 enim
574 2012 723 2055 difficile
744 2010 820 2063 est,
850 2023 893 2052 ut
910 2026 1042 2054 manus
1074 2012 1251 2053 accurate
1273 2014 1470 2062 imitetur,
1500 2008 1607 2064 quod
1635 2009 1842 2054 delineavit
1857 2013 2066 2066 ingenium,

251 2084 318 2114 aut
336 2073 536 2114 satisfaciat
556 2077 697 2124 oculis,
722 2074 829 2126 quod
851 2073 937 2113 idea
953 2074 1182 2125 proposuit3
1200 2073 1407 2124 praesertim
1428 2072 1516 2111 cum
1533 2071 1554 2110 a
1576 2072 1723 2111 casibus
1745 2082 1822 2113 tam
1850 2074 1962 2112 variis
1986 2073 2069 2112 bel-

251 2135 330 2175 lum
353 2134 592 2185 dependeat,
620 2144 663 2173 ut
683 2146 733 2173 ne
748 2134 826 2186 ipsa
845 2133 1000 2184 quidem
1016 2133 1255 2184 experientia
1272 2134 1309 2170 in
1333 2133 1376 2170 iis
1414 2131 1606 2171 interdum
1634 2131 1742 2179 sciat,
1774 2132 1865 2183 quid
1894 2131 1998 2172 facto
2023 2131 2070 2172 fit
2123 2154 2125 2158 ‚

252 2205 364 2248 opuS.
423 2193 687 2233 Nihilominus
704 2203 833 2234 tamen
857 2192 983 2244 poffet
1004 2192 1187 2232 Phormio
1212 2202 1258 2231 ea
1281 2190 1373 2230 dare
1395 2199 1589 2242 praecepta
1606 2188 1813 2231 Hannibali
1834 2190 2068 2246 <quantu1n-
2123 2193 2125 2223 ἶ

251 2260 312 2298 vis
326 2265 465 2306 magno
482 2253 520 2293 δε
543 2263 707 2305 experto
735 2252 878 2306 Duci)
905 2262 948 2292 ut
965 2265 1115 2292 errores
1133 2260 1291 2291 caveret
1307 2252 1447 2302 ingenii
1471 2251 1526 2290 sui
1559 2249 1703 2290 fallacis
1729 2263 1773 2290 ac
1800 2252 1969 2299 subdoli,
1999 2253 2068 2294 im,-

251 2315 441 2358 manitatis
458 2315 497 2353 in
511 2313 708 2362 devictos,
725 2313 762 2352 &
787 2313 969 2365 superbiae
985 2324 1072 2365 erga
1087 2324 1175 2360 eos,
1205 2313 1271 2364 qui
1289 2310 1368 2362 ejus
1390 2310 1427 2350 se
1449 2311 1578 2350 tutelae
1605 2309 1642 2349 &
1664 2309 1841 2362 praefidio
1869 2311 2068 2351 commise-

253 2387 350 2417 rant.
411 2371 570 2412 Rectius
589 2374 644 2412 uti
661 2372 828 2413 novisset
856 2372 1044 2412 Cannensi
1060 2371 1242 2419 vifftoria‚
1273 2370 1407 2422 fugere
1425 2370 1579 2410 delicias
1601 2369 1769 2422 Capuae,
1800 2368 1838 2409 δε
1864 2371 2068 2410 conciliare

253 2436 508 2477 Antiochum.
564 2432 652 2471 Rex
672 2432 702 2471 F
704 2432 933 2472 erdinandus
959 2432 1188 2474 Catholicus
1210 2431 1490 2483 Religiosorum
1517 2441 1636 2482 opera
1657 2429 1743 2469 usus
1761 2429 1952 2469 interdum
1967 2429 2066 2479 fuit,
2124 2437 2125 2442 ’

253 2496 320 2536 sed
338 2496 489 2540 nesci0‚
519 2504 567 2531 an
600 2491 649 2531 ad
676 2493 791 2544 ipsam
819 2495 1064 2544 negotiorum
1096 2492 1385 2539 afflationem,
1426 2501 1471 2530 an
1500 2491 1548 2530 ad
1573 2487 1900 2530 introductionem
1922 2489 2067 2535 solum-3

255 2566 321 2596 aut
340 2567 433 2596 num
457 2550 548 2592 ideo
563 2550 666 2591 forte
689 2552 736 2591 ad
760 2554 915 2604 negotia
937 2553 1092 2604 publica
1111 2564 1179 2591 eos
1203 2551 1442 2598 adhibuerit,
1473 2559 1515 2590 ut
1532 2558 1705 2602 parceret
1728 2550 1960 2602 legationum
1972 2549 2069 2588 sum-

254 2616 406 2669 ptibus,
436 2622 501 2653 aut
524 2621 745 2651 occurreret
760 2612 1039 2661 incommodis,
1074 2621 1157 2663 quae
1185 2623 1234 2650 ex
1251 2612 1503 2650 contentione
1523 2610 1572 2650 de
1602 2608 1684 2660 jure
1706 2608 1939 2661 praecedenti
1970 2611 2066 2647 inter

254 2675 462 2730 Magnates
491 2673 580 2712 oriri
598 2672 731 2712 solent.
788 2671 862 2711 Per
878 2673 962 2712 illos
981 2682 1110 2711 tamen
1133 2672 1365 2711 secretorum
1389 2670 1578 2709 securitati
1597 2668 1699 2708 haud
1723 2669 1807 2708 satis
1839 2668 2064 2707 consulitur:

256 2738 375 2789 magis
405 2734 508 2774 enim
526 2732 573 2771 ab
596 2732 818 2772 obedientia
849 2731 1002 2772 suorum
1022 2731 1297 2784 Superiorum‚
1328 2727 1441 2782 quam
1471 2731 1689 2781 Principum
1715 2727 1958 2780 dependent3
1980 2726 2018 2766 &
2040 2727 2068 2766 fi

258 2794 363 2835 forte
378 2794 518 2834 cedant
545 2790 567 2831 ὲ
583 2793 689 2841 vita,
716 2793 833 2831 literae
855 2791 1042 2841 occustae,
1071 2792 1108 2831 δε
1133 2793 1271 2831 chartae
1289 2800 1423 2830 omnes
1449 2792 1489 2831 in
1513 2798 1648 2830 eorum
1675 2787 1884 2828 devenient
1914 2798 2063 2831 manus,

255 2854 299 2894 Si
322 2856 450 2894 officio
468 2854 536 2895 suo
555 2851 839 2904 desint,puniti
857 2862 1074 2904 nequeunt:
1093 2852 1273 2902 exemplo
1304 2862 1439 2890 eorum
1465 2849 1707 2904 perturbatur
1733 2845 1901 2898 religiosa
1937 2847 2066 2897 qule8‚

257 2913 300 2955 &
320 2913 481 2953 candida
498 2924 634 2954 eorum
652 2908 868 2964 fimplicitas
896 2913 1038 2952 artibus
1069 2912 1235 2963 politicis
1260 2910 1438 2956 inficitur,
1499 2909 1688 2949 Meliores
1717 2905 1855 2947 medici
1886 2904 1970 2945 sunt
1992 2918 2065 2957 pro

259 2973 534 3027 spiritualibus,
564 2984 678 3024 quam
711 2970 999 3023 temporalibus.
1062 2971 1220 3024 Sphoera
1251 2971 1430 3022 quaelibet
1461 2970 1561 3010 suam
1594 2969 1714 3009 habet
1744 2964 1978 3005 affivitatem
1997 2965 2067 3005 fibi

261 3034 470 3088 propriam.
531 3031 628 3071 Illud
649 3033 799 3072 interim
815 3044 895 3072 non
918 3032 1087 3080 inficior,
1116 3030 1272 3082 reperiri
1288 3042 1563 3081 nonnunquam
1579 3030 1676 3068 inter
1685 3026 1769 3066 illos
1782 3025 1931 3077 ingenia
1949 3024 2065 3064 scien-

261 3096 400 3134 tiarum
419 3092 641 3144 disciplinis,
671 3092 709 3132 &
726 3103 853 3132 rerum
872 3093 939 3133 usu
956 3092 1007 3132 sic
1034 3092 1209 3137 exculta,
1227 3092 1390 3130 enutrita
1408 3092 1446 3130 in
1471 3091 1562 3129 aulis
1575 3118 1587 3136 ‚
1610 3087 1753 3136 absque
1773 3095 1818 3124 ea
1841 3085 1954 3124 animi
1973 3096 2065 3123 con-

261 3153 474 3204 tractione,
504 3164 588 3205 quae
608 3153 727 3192 vitam
754 3152 1024 3202 monasticam,
1056 3151 1094 3191 &
1119 3151 1166 3190 ab
1185 3150 1384 3191 hominum
1409 3149 1601 3190 consortio
1628 3154 1816 3185 remotam
1836 3145 2065 3197 plerumque

1942 3204 2063 3243 comi-

1034 3264 2043 3284 mma-

367 3296 447 3342 (a)
481 3294 586 3332 Cam.
604 3293 684 3333 Luss
700 3303 793 3330 cant.
815 3304 871 3330 ιο,
