2132 3730
234 223 296 267 '60
694 212 1635 261 DIDACISAAVEDRAE

236 317 317 348 non
341 303 397 345 est
412 335 424 352 ,
455 313 567 353 quam
592 300 644 338 sui
673 298 915 338 conservatio
929 329 941 347 ‚
974 298 1140 340 hominis
1164 299 1261 341 vero
1281 298 1388 340 recte
1410 311 1535 354 agere,
1591 301 1691 343 Non
1717 302 1878 344 felicitas
1901 305 1955 346 est
1977 310 2034 348 vi-

237 377 332 406 vere
345 396 356 414 ‚
371 362 432 403 sed
448 359 554 402 noss’e
572 360 719 400 vivere.
780 357 874 400 Nec
891 356 977 412 plus
993 359 1117 408 vivit,
1147 362 1212 412 qui
1231 362 1332 401 vivit
1348 359 1435 411 diu,
1451 360 1517 402 sed
1535 363 1600 414 qui
1618 365 1752 404 melius
1773 366 1887 410 vivit.
1944 365 2036 407 Ete-
2095 359 2104 376 ²

234 427 316 471 nim
332 426 449 463 vitam
463 451 477 471 ,
506 432 587 461 non
603 429 758 473 tempus
770 421 946 471 metitur,
975 419 1039 461 sed
1055 417 1153 461 usus.
1210 418 1276 462 Illa
1300 433 1385 473 quae
1403 421 1431 474 ζ
1430 423 1482 476 a)
1500 422 1599 476 quast
1612 422 1719 464 Stella
1734 428 1906 467 matutina
1924 427 2035 467 inme-

234 486 291 528 dio
307 483 434 525 nebulae
448 513 461 532 ,
491 479 545 528 &⁹
568 479 665 548 quasi
682 481 792 522 Luna
809 481 915 534 plena
943 481 1059 522 radiis·
1084 480 1349 522 beneficentiae
1375 483 1462 523 lucet
1483 484 1563 523 aliis
1583 484 1620 524 in
1637 482 1754 524 diebus
1771 482 1847 537 fitis
1871 518 1883 536 ,
1922 488 2038 540 longa

236 544 293 586 est
315 544 498 596 Iemper3
529 551 584 583 uti
604 541 738 582 contre
753 542 883 583 brevis
912 554 980 592 ea,
1010 554 1096 596 quae
1127 543 1167 582 in
1191 542 1305 595 seipsa
1338 544 1574 584 consumitur
1601 574 1614 593 ,
1643 545 1734 585 licet
1752 545 1948 587 diutiffime
1969 546 2038 586 du-

236 616 305 648 ret.
361 603 559 648 Beneficia
581 603 620 646 &
641 606 877 648 incrementa
891 633 906 655 ,
935 616 1020 658 quae
1042 603 1065 644 ὲ
1079 603 1258 657 Principe
1275 604 1567 659 proficiscuntur
1581 606 1622 648 in
1641 605 1960 661 Rempublicam,
1975 605 2038 648 illa
2101 637 2105 645 ,

233 2052 318 2100 'dies
342 2051 415 2112 (b)
443 2053 534 2094 vitae
551 2047 632 2104 ejus
650 2057 863 2091 numerant.
922 2046 1004 2101 Qui
1024 2046 1103 2088 sme
1121 2047 1192 2087 illis
1210 2043 1403 2086 transeunt
1427 2073 1438 2095 ‚
1467 2054 1537 2085 eos
1561 2043 1612 2086 de
1635 2045 1779 2087 summa
1797 2044 1953 2087 deducit
1971 2042 2040 2100 (c)

204 2114 209 2116 ’
237 2117 401 2159 oblivio.
440 2113 552 2153 Titus
575 2108 1083 2162 Vespafianuslmperaror(
1091 2107 1148 2161 d)
1166 2105 1367 2147 recordatus
1380 2104 1563 2160 aliquando
1575 2103 1683 2159 strper
1698 2106 1945 2162 caenam,un
1954 2105 2040 2148 nihil

233 2180 392 2232 cuiquam
409 2174 461 2214 illo
473 2171 526 2213 die
530 2165 742 2224 prceslitiffl’t
763 2200 774 2218 ‚
805 2168 1044 2208 memorabilem
1061 2170 1151 2208 illam
1176 2198 1188 2216 ‚
1217 2164 1269 2211 ἐξ)
1287 2166 1406 2207 merita
1421 2164 1597 2206 lau-datam
1609 2178 1722 2208 vocem
1743 2166 1848 2208 echdit
1863 2181 1876 2206 .-
1904 2167 2041 2214 Amice,

233 2235 320 2279 diem
335 2231 486 2288 perdidi.
544 2229 596 2271 Et
620 2232 776 2272 Petrum
802 2227 1023 2268 Lufitanum
1058 2228 1206 2279 Regem
1231 2226 1359 2266 dicere
1383 2226 1533 2266 solitum
1563 2229 1781 2279 accepimus
1804 2241 1816 2267 .·
1845 2224 1924 2279 (e)
1955 2226 2042 2266 Non

234 2303 388 2338 meretur
402 2290 460 2348 effe
489 2290 596 2340 Rex,
629 2292 764 2343 quinon
785 2296 914 2342 gratzae
933 2286 1082 2341 aliquid,
1099 2295 1162 2327 aut
1186 2283 1334 2339 beneficii
1358 2288 1393 2326 in
1420 2284 1490 2326 dies
1505 2285 1654 2339 singulos
1682 2284 1813 2338 confert
1836 2287 1872 2325 in
1886 2286 2040 2337 Rempu-

235 2356 365 2401 blicam.
425 2350 547 2392 Nulla
573 2359 650 2390 tam
675 2350 805 2389 brevis
830 2350 908 2388 vita
924 2347 978 2388 est
995 2379 1008 2398 ,
1039 2349 1100 2387 cui
1121 2347 1168 2386 ad
1196 2346 1383 2400 agendum
1400 2344 1553 2386 fortiter
1570 2358 1649 2388 non
1672 2346 1724 2386 sat
1740 2346 1926 2397 temporis
1954 2343 2040 2396 sup·

234 2424 356 2471 petat.
428 2409 561 2451 Unico
578 2418 780 2450 momento
795 2407 942 2449 facinus
968 2409 1166 2448 heroicum
1187 2406 1357 2446 decernit
1385 2405 1567 2459 generosa
1583 2404 1794 2453 mensmec
1816 2403 1940 2444 multi)
1956 2405 2042 2456 plu-

236 2478 342 2518 ribus
358 2484 482 2525 opus,
511 2479 554 2510 ut
569 2468 750 2510 effectum
772 2467 863 2508 illud
887 2469 965 2509 det.
1025 2467 1132 2519 Quid
1159 2467 1275 2507 refert
1294 2478 1382 2505 cum
1401 2467 1468 2505 illo
1484 2465 1565 2517 ipso
1580 2467 1700 2506 vitam
1727 2465 1899 2505 definere
1915 2494 1928 2514 ‚
1957 2463 1985 2503 fi
1999 2465 2041 2503 in

235 2534 348 2577 aliam
374 2541 553 2573 aeternam
568 2539 828 2570 commutetur
853 2559 866 2578 ,
893 2529 1088 2568 memoriae
1102 2527 1190 2580 post
1213 2526 1248 2566 se
1265 2523 1404 2566 relietae
1422 2524 1613 2566 beneficio
1634 2526 1654 2565 ‚9
1683 2525 1782 2578 Quae
1803 2526 1900 2569 intra
1927 2523 2040 2563 famae

237 2596 459 2637 continetur
474 2592 612 2632 limites
629 2620 642 2640 ‚
669 2589 747 2630 sola
766 2590 842 2629 vita
859 2590 1045 2628 nominari
1070 2587 1230 2640 potest3
1262 2597 1341 2626 non
1366 2597 1411 2625 ea
1427 2615 1440 2634 ‚
1469 2597 1554 2636 quae
1574 2587 1611 2626 in
1641 2597 1808 2637 corpore
1839 2581 2005 2624 confistit
2024 2611 2038 2631 ,

240 2656 279 2697 &
299 2655 406 2695 vitali
424 2653 553 2692 calore
571 2681 584 2700 ‚
614 2662 699 2702 quae
723 2649 832 2689 fimul
856 2662 899 2688 ac
920 2651 1063 2696 oritur,
1093 2648 1190 2687 mori
1216 2647 1360 2697 incipit.
1420 2642 1512 2699 (f)
1543 2645 1650 2687 Mors
1668 2645 1821 2685 omnihus*
1841 2656 1883 2684 ex
1907 2649 2038 2682 natura

238 2714 379 2770 aequalis
394 2745 407 2763 ,
436 2712 597 2753 oblivione
622 2708 718 2763 apud
732 2707 884 2762 posteros
899 2740 910 2758 ‚
941 2709 999 2749 vel
1020 2708 1129 2760 gloria
1146 2706 1376 2763 distinguitur.
1468 2704 1547 2758 Qui
1571 2704 1775 2745 moriendo
1796 2703 1935 2744 famam
1963 2713 2037 2752 pro

239 2777 321 2816 vita
347 2771 534 2814 substituit
557 2801 570 2819 ,
600 2769 674 2810 effe
690 2768 853 2816 definit3
886 2770 982 2809 vivit
1005 2780 1144 2808 tamen.
1207 2765 1309 2805 Mira
1324 2767 1474 2805 virtutis
1493 2767 1551 2805 vis
1565 2795 1577 2816 ,
1607 2778 1691 2816 quae
1713 2766 1777 2804 vel
1799 2764 2038 2815 repugnante

240 2843 374 2876 natura
391 2865 403 2882 ‚
434 2831 541 2884 quod
566 2830 754 2871 caducum
777 2828 832 2869 est
853 2860 865 2879 ‚
895 2828 1020 2868 reddit
1041 2827 1302 2868 immortaliter
1328 2825 1544 2877 gloriosum.
1604 2824 1703 2865 Non
1719 2823 1948 2864 videbantur
1963 2820 2037 2860 Ta-

239 2896 321 2935 cito
348 2904 483 2945 parum
503 2889 637 2932 vixiss'e
653 2891 833 2943 Agricola
853 2921 865 2939 ,
895 2888 975 2944 (g)
1009 2900 1204 2943 quanquam
1239 2883 1341 2926 medio
1370 2887 1405 2926 in
1419 2881 1531 2939 spatz'o
1560 2886 1704 2938 integrae
1730 2883 1846 2923 aetatis
1866 2889 2002 2932 erepti-n
2024 2893 2038 2921 .-

240 2967 320 2998 nam
342 2959 510 3008 quantam
523 2950 575 2990 ad
585 2952 748 3003 gloriam,
778 2950 989 3006 longg'ffimzmz
1016 2961 1130 2988 aevzmz
1147 2953 1343 2999 peregerat.

357 3013 394 3066 ς.
410 3009 546 3051 Nemo
566 3008 707 3050 famam
727 3008 991 3061 posthumam,
1018 3017 1062 3047 ut
1079 3017 1216 3047 vanam
1232 3035 1245 3056 ,
1275 3006 1425 3058 spernat
1453 3013 1518 3044 aut
1533 3003 1721 3056 negligat:
1751 3009 1800 3040 eo
1820 2998 1901 3051 ipso
1921 3000 2038 3048 enim,

1929 3057 2039 3109 quod

240 3226 242 3228 Ι
342 3178 400 3224 (a)
420 3177 517 3215 Eccl.
544 3188 602 3223 50.
629 3181 664 3214 6.
715 3178 775 3223 (b)
798 3181 889 3212 Bonae
901 3175 986 3212 vita
1013 3183 1176 3210 numeras
1189 3170 1325 3209 dierum
1338 3185 1353 3216 ,·
1377 3169 1500 3209 bonum
1517 3176 1638 3206 autem
1674 3177 1795 3202 nomen
1815 3160 2038 3216 permanebit

243 3232 283 3268 in
295 3242 417 3268 avum.
470 3230 567 3266 Eccl.
589 3241 650 3278 41.
670 3233 727 3266 16.
780 3230 836 3273 (c)
860 3234 905 3265 Et
919 3238 1081 3264 numerus
1094 3233 1264 3261 annorum
1280 3226 1433 3260 incertus
1454 3218 1652 3273 tyrannidis
1675 3218 1755 3265 ejus,
1808 3219 1874 3266 Job
1898 3229 1954 3263 55.
1971 3228 2033 3254 20.

243 3283 321 3329 (d)
342 3284 423 3321 Sue.
457 3286 516 3327 (e)
530 3284 621 3320 Mar.
632 3280 709 3324 hist.
727 3279 825 3330 Hisp.
878 3279 947 3328 (f)
975 3277 1092 3317 Tacit.
1115 3276 1175 3314 lib.
1201 3289 1232 3313 1.
1254 3274 1388 3315 Histor.
1428 3279 1488 3325 (g)
1500 3270 1615 3312 Tacit.
1633 3269 1768 3322 invita
1780 3268 1905 3320 Agric.
