2132 3730
478 247 1458 296 SYMBoL-APOLITICA.
1782 260 1860 303 got

12 386 14 389 v
76 346 160 378 rum
179 337 488 387 &trophaeorum
508 336 673 381 occasio,
731 335 832 374 ¹Intra
848 335 987 374 breves
1005 347 1126 375 arenae
1158 336 1361 383 terminos,
1393 345 1477 386 quae
1504 345 1577 373 nec
1612 335 1763 387 ligone,
1791 343 1863 374 nec

12 394 14 432 3
74 406 198 436 aratro
225 394 352 446 potest
383 396 536 446 excoli3
565 396 650 434 solis
679 395 830 434 marinis
859 395 999 447 opibus
1030 393 1271 434 validiffimos
1299 393 1456 434 Batavia
1493 395 1557 433 alit
1584 395 1795 443 exercitus,
1826 394 1864 433 δε

0 434 14 510 ,nl
70 454 366 507 populosissimas
382 464 511 494 tuetur
534 456 729 503 civitates,
760 464 835 494 tam
853 453 922 495 sibi
942 455 1108 494 invicem
1130 454 1295 502 vicinas,
1325 464 1366 493 ut
1392 455 1436 492 iis
1451 452 1698 493 sustentandis
1716 453 1860 493 fertilis-

0 505 13 566 l}
71 515 150 553 fimi
168 515 282 553 etiam
302 516 377 567 agri
391 526 472 553 non
493 512 717 558 sufficerent.
775 514 897 554 Gallia
917 526 991 554 nec
1006 515 1109 562 auri,
1127 525 1200 552 nec
1215 516 1358 566 argenti
1373 512 1522 552 fodinas
1540 513 1682 562 habet,
1712 519 1748 554 δε
1766 524 1864 552 mer-

0 575 13 611 ‚1
67 574 240 613 cimoniis
262 583 412 622 tamen,
442 573 598 625 aliisque
614 572 741 614 nescio
757 575 895 626 quibus
921 574 1129 626 puerilibus
1147 575 1314 613 inventis
1340 573 1451 620 ferri,
1480 574 1647 624 plumbi,
1679 574 1715 612 δε
1742 572 1857 612 stanni

69 633 327 684 temperandi,
357 632 573 675 industriam
590 634 692 674 suam
719 646 809 674 caro
840 634 933 674 facit
950 633 1123 673 ‚aestimari
1147 635 1295 684 pretio,
1326 634 1364 673 ἃ
1394 633 1544 672 divitias
1571 635 1762 685 congerit;
1792 641 1864 673 nos

69 694 129 732 alii
157 692 252 733 verb
269 705 338 745 per
353 695 534 734 incuriam
551 703 654 734 tanta
675 695 785 734 maris
813 695 915 734 bona
934 694 1168 746 negligimus.
1230 692 1376 746 Ingenti
1391 704 1479 732 cum
1506 691 1637 731 labore
1659 693 1695 731 <Sc
1719 694 1866 744 pericu-

65 752 105 791 lo
127 763 176 792 ex
201 754 450 794 remotiffimis
488 754 591 794 orbis
615 755 786 806 partibus
813 753 1031 794 adamantes
1049 782 1062 802 ‚
1092 753 1275 801 uniones,
1304 761 1494 801 aromata,
1523 753 1744 803 multosque
1772 754 1864 792 alios

66 812 260 853 thesauros
287 813 533 862 advenimus,
562 826 636 854 nec
653 813 749 853 ultra
765 812 1054 867 progredimur,
1084 813 1234 851 interim
1251 811 1350 851 aliie
1368 813 1500 851 labore
1525 811 1656 851 nostro
1682 811 1864 863 quaestum

63 870 232 921 faciunt,
264 872 302 912 δε
323 886 368 913 ea
384 873 573 925 Europae,
602 872 763 922 Africae,
794 873 831 913 δι
859 872 958 913 Afiae
988 871 1201 912 Provinciis
1231 873 1531 914 communicant.
1590 869 1861 911 Genuensibus

62 943 196 971 aurum
213 932 384 974 nostrum
399 965 410 983 ‚
441 944 716 986 argentumque
742 933 1039 982 committimus,
1070 941 1113 971 ut
1136 933 1180 971 iis
1197 934 1465 984 negotientur,
1494 932 1531 971 δι
1554 944 1626 983 pro
1651 931 1863 971 eorundem

63 992 388 1043 negotiationibus
405 995 566 1046 plurima
583 994 836 1046 persolvimus
857 992 1017 1031 cambia.
1078 988 1261 1043 Hispania
1275 990 1487 1033 Provinciis
1513 993 1591 1031 aliis
1612 989 1797 1031 submittit
1813 991 1867 1030 se-

61 1052 202 1099 ricum,
228 1054 371 1102 lanam,
405 1054 636 1103 chalybem,
666 1052 836 1101 ferrum,
861 1053 1026 1102 aliasque
1059 1050 1222 1091 diversas
1252 1053 1426 1091 materias
1452 1078 1464 1100 ,
1496 1063 1579 1103 quae
1607 1049 1865 1091 diversimode

62 1109 152 1150 dein
168 1113 370 1152 elaboratae
394 1115 630 1154 revehuntur
648 1112 695 1152 ad
709 1123 781 1152 nos
793 1141 806 1162 ,
834 1111 873 1151 &
892 1112 1036 1165 ingenti
1061 1110 1081 1151 a
1098 1112 1210 1151 nobis
1228 1113 1457 1151 coemuntur
1486 1112 1612 1163 pretio
1629 1112 1680 1151 ob
1698 1109 1867 1150 vetiurae

60 1171 256 1222 sumptus,
286 1172 324 1212 &
351 1171 575 1213 artificium:
605 1172 704 1212 adeo
731 1182 775 1211 ut
801 1171 891 1212 caro
918 1171 1033 1210 nobis
1065 1170 1138 1211 stet
1161 1170 1377 1211 Nationum
1403 1172 1556 1210 aliarum
1580 1173 1798 1223 ingenium,
1832 1169 1870 1209 &-

59 1229 250 1271 industria.
311 1233 568 1285 Importantur
593 1233 632 1272 in
651 1231 870 1285 Hispaniam
894 1243 1060 1280 merces,
1098 1242 1183 1282 quae
1212 1240 1276 1271 aut
1292 1233 1413 1271 oculis
1430 1231 1549 1271 solum
1578 1232 1771 1278 serviunt,
1802 1237 1868 1269 aut

60 1289 142 1330 cito
166 1291 439 1333 consumuntur
456 1323 467 1340 ,
498 1292 536 1332 ὅτ.
561 1304 694 1331 aurum
740 1301 1016 1343 argentumque
1063 1291 1218 1332 viciffim
1247 1290 1335 1331 inde
1363 1290 1520 1331 effertur
1558 1290 1665 1330 alib:
1697 1301 1776 1342 quo
1800 1288 1868 1328 de-

57 1361 162 1390 mum
195 1349 239 1389 fit
263 1378 276 1398 ,
306 1350 414 1402 quod
448 1351 602 1389 dicebat
646 1351 734 1389 Rex
763 1349 955 1389 Henricus
999 1350 1198 1389 Secundus
1217 1380 1230 1399 ‚
1258 1358 1300 1390 ut
1332 1347 1492 1398 ditelbant
1516 1380 1529 1399 ,
1565 1349 1616 1394 ἐξ)
1640 1356 1795 1401 potentes
1814 1343 1866 1402 fi-·

59 1416 124 1449 ant
150 1409 283 1450 Exteri
328 1408 425 1450 immo
444 1408 507 1461 222>st
530 1404 702 1449 interdum
729 1406 837 1462 hostes
863 1416 987 1447 tantas
1001 1410 1154 1460 colligant
1169 1417 1268 1459 opes,
1298 1418 1339 1449 ut
1354 1407 1504 1460 fichditis
1530 1408 1654 1461 nostris
1672 1409 1756 1448 nihil
1769 1406 1869 1459 poen&

49 1465 196 1521 sitperfit
216 1469 392 1522 reliquum.
453 1466 622 1522 Questus
654 1480 701 1508 ea
727 1467 777 1507 de
805 1478 848 1507 re
872 1467 1069 1519 quondam
1087 1466 1160 1506 fuit
1188 1467 1364 1507 Tiberius
1392 1468 1532 1516 Caesar,
1563 1467 1652 1507 cum
1676 1469 1871 1520 ingentem

58 1528 165 1568 illum
179 1529 312 1568 luxum
337 1527 605 1568 Matronarum
632 1526 894 1566 Romanarum
915 1529 954 1566 in
974 1527 1182 1566 unionibus
1200 1557 1212 1576 ,
1241 1529 1480 1579 gemmisque
1497 1524 1671 1579 pretiosis
1690 1526 1763 1581 (a)
1792 1538 1872 1566 cer-

59 1599 181 1628 neret.
244 1587 502 1627 Immortalem
519 1588 676 1640 gloriam
696 1586 982 1639 promerebitur
1004 1584 1140 1625 Vestra
1156 1585 1368 1636 Serenitas,
1400 1587 1430 1627 fi
1450 1589 1562 1626 certis
1583 1584 1782 1626 favoribus
1803 1587 1873 1626 ho⁴

54 1649 295 1699 moribusque
309 1647 523 1700 dignabitur
541 1646 719 1699 prosequi
738 1647 1022 1699 negotiationes
1044 1645 1082 1685 &
1100 1657 1331 1686 mercaturas
1346 1675 1360 1696 ,
1390 1658 1482 1698 quas
1504 1648 1609 1685 cives
1617 1658 1687 1697 per
1710 1646 1870 1697 seipsos,

58 1708 99 1748 &
121 1707 291 1748 Nobiles
308 1720 379 1761 per
396 1707 576 1760 personas
594 1709 723 1746 tertias
741 1714 1019 1745 exercuerunt:
1049 1717 1177 1757 neque
1201 1708 1302 1746 enim
1324 1707 1441 1758 magis
1469 1705 1657 1745 naturales
1676 1706 1758 1745 sunt
1775 1705 1872 1745 redi-

58 1777 146 1817 tus,
178 1769 242 1820 qui
262 1767 284 1807 e
306 1778 415 1808 terrae
439 1766 626 1807 frutribus
653 1767 942 1819 percipiuntur,
973 1777 1087 1817 quam
1117 1767 1181 1817 qui
1204 1766 1516 1806 commutationis
1541 1766 1729 1805 habentur
1748 1765 1869 1805 bene-

58 1827 171 1878 ficio,
201 1828 294 1868 dum
316 1839 397 1868 rem
418 1839 532 1868 unam
552 1836 813 1879 permutamus
844 1837 934 1866 curn
962 1827 1054 1874 alia,
1086 1835 1150 1864 aut
1172 1837 1244 1877 pro
1277 1827 1468 1866 mercibus
1499 1826 1665 1878 pretium
1688 1826 1871 1877 persolvh

58 1899 159 1929 mus.
218 1887 318 1928 Non
347 1888 541 1940 dedignati
559 1887 642 1926 sunt
662 1896 914 1925 mercaturam
938 1884 1068 1925 facere
1095 1884 1165 1937 ipsi
1185 1885 1380 1937 Principes
1404 1884 1526 1935 Tyri,
1557 1885 1595 1925 δε
1621 1883 1749 1925 claffes
1779 1887 1874 1935 illae,

61 1960 156 2000 quas
183 1948 272 1987 Rex
299 1949 483 1987 Salomon
513 1958 611 1998 quot
633 1946 802 1985 trienniis
827 1945 1006 1984 mittebat
1033 1947 1072 1984 in
1095 1944 1277 1993 Tharsm,
1303 1957 1384 1984 non
1409 1956 1470 1984 res
1501 1945 1622 1984 solum
1648 1943 1869 1985 neceffarias

60 2007 334 2056 advehebant,
366 2006 429 2046 sed
451 2018 514 2046 eas
540 2007 676 2054 etiam,
706 2005 845 2056 quibus
875 2013 1029 2056 poterat
1066 2002 1214 2044 lucrum
1236 2001 1387 2052 facere,
1416 2000 1499 2044 suas
1532 2015 1670 2056 augere
1698 2004 1868 2051 divitias,

61 2066 100 2107 &
122 2068 299 2107 omnibus
326 2068 404 2106 aliis
440 2066 611 2119 Regibus
639 2065 816 2117 potentia
844 2073 960 2115 atque
994 2063 1133 2115 opibus
1164 2063 1239 2117 (b)
1271 2065 1510 2103 antecellere.
1573 2063 1778 2115 pompejus
1805 2077 1872 2116 pe-

61 2128 191 2167 cunias
211 2127 291 2166 suas
322 2125 460 2166 foenori
483 2126 610 2165 dabat.
668 2122 867 2163 Nobilitas
894 2123 1093 2172 Romana,
1124 2121 1490 2176 &Carthaginenfis
1524 2121 1576 2162 nil
1608 2123 1698 2162 ideo
1731 2125 1871 2163 honori

60 2188 129 2228 luo
149 2185 361 2226 detracfflmm
381 2187 589 2237 putabant,
620 2181 727 2234 quod
749 2190 981 2222 mercaturas
1014 2192 1252 2223 exercerent.
1314 2183 1441 2222 Roma
1471 2182 1737 2222 Mercatorum
1770 2183 1868 2222 insti-³

59 2247 136 2286 tuit
159 2247 384 2299 collegium,
413 2244 516 2284 unde
540 2240 708 2283 didiciss'e
732 2253 820 2282 reor
845 2242 1015 2281 Batavos
1030 2271 1042 2289 ,
1074 2240 1181 2293 quod
1212 2244 1490 2295 negotiantium
1514 2242 1712 2281 societates
1738 2254 1870 2282 erexe-

61 2308 149 2346 rint.
207 2305 252 2346 Id
275 2304 382 2357 quod
403 2303 536 2356 majori
565 2313 654 2342 cum
670 2301 949 2342 commoditate
964 2302 1003 2341 in
1028 2300 1210 2353 Hispania
1231 2301 1312 2342 fieri
1338 2301 1481 2354 posset,
1510 2301 1700 2353 deputatis
1723 2315 1796 2354 pro
1816 2303 1867 2342 se·

60 2367 201 2406 curiori
223 2366 468 2418 navigatione
492 2363 641 2415 armatis
656 2363 845 2402 navibus:
873 2361 926 2401 ita
948 2362 1049 2403 enim
1079 2362 1138 2401 illa
1160 2375 1239 2402 non
1262 2361 1381 2402 solum
1405 2357 1591 2401 cresceret
1617 2362 1779 2414 opibus,
1803 2362 1868 2403 sed

61 2427 179 2477 magis
196 2427 310 2465 etiam
325 2424 508 2464 florerent
529 2434 631 2462 arma
659 2422 831 2471 navalia,
862 2420 899 2460 δε
917 2421 995 2474 ipsa
1008 2420 1245 2462 Nationibus
1263 2423 1340 2462 aliis
1361 2422 1496 2462 terrori
1518 2420 1622 2466 effet.
1684 2419 1868 2461 Confide-

57 2493 191 2525 tarunt
214 2483 340 2524 isthaec
355 2481 563 2525 commoda
587 2478 790 2522 Lufitaniae
815 2481 942 2534 Reges
957 2511 969 2531 ,
999 2480 1176 2533 adeoque
1203 2492 1273 2535 per
1308 2480 1502 2535 incognita
1536 2482 1653 2521 maria
1676 2491 1868 2523 armorum

63 2557 141 2597 ope
161 2546 199 2584 in
216 2543 417 2585 Orientem
436 2543 622 2597 negotiari
646 2550 873 2593 coeperunt,
905 2542 1168 2594 negotiatione
1200 2553 1301 2582 arma
1330 2541 1604 2590 sustentarunt,
1636 2540 1674 2580 &
1703 2539 1868 2581 fundato

62 2616 109 2644 ea
137 2605 286 2644 ratione
311 2615 420 2644 novo
451 2601 749 2655 ampliffimoque
783 2600 949 2654 Imperio
973 2601 1270 2642 introduxerunt:
1300 2602 1564 2653 Religionem,
1596 2611 1680 2651 quae
1707 2599 1756 2639 ad
1786 2602 1865 2641 illas

59 2674 140 2704 tam
167 2673 334 2704 remotas
355 2663 577 2705 Provincias
598 2658 834 2702 transvolare
855 2673 935 2701 non
961 2660 1166 2713 potuisset,
1196 2662 1251 2701 uti
1279 2671 1352 2701 nec
1380 2658 1513 2714 postea
1536 2659 1584 2699 ad
1606 2669 1732 2712 partes
1763 2663 1867 2700 occi⁴

62 2724 234 2764 dentales
250 2753 263 2771 ‚
295 2722 473 2763 industria
497 2723 535 2762 &
550 2720 775 2763 fortitudine
791 2719 1111 2771 Castellanorum,
1142 2720 1209 2761 nisi
1226 2731 1472 2761 antennarum
1497 2722 1635 2772 plumis
1662 2721 1794 2770 lineis,
1825 2721 1863 2760 ἃς

61 2796 112 2824 ex
127 2785 264 2824 arbore
288 2784 411 2823 crucis
427 2781 705 2835 pendentibus,
736 2791 918 2834 tanquam
942 2782 1006 2821 alis
1035 2782 1263 2833 quibusdam
1282 2781 1343 2820 usa
1372 2776 1528 2830 fuisset,
1560 2780 1697 2832 quibus
1726 2780 1863 2820 Genti-

60 2845 156 2885 litati
171 2842 476 2897 cognoscendam
492 2841 530 2882 se
552 2839 657 2880 dedit
674 2870 687 2890 ‚
716 2853 800 2894 quae
815 2840 903 2881 alias
919 2852 1047 2882 novos
1074 2842 1158 2881 illos
1186 2841 1380 2892 hospites,
1410 2838 1432 2879 ὲ
1454 2849 1531 2879 tam
1556 2841 1772 2892 longinquis
1797 2851 1863 2880 ve-

62 2906 211 2945 nientes
226 2903 466 2958 regionibus,
499 2900 597 2942 adeo
614 2901 767 2955 ignotos
783 2902 936 2950 habuit,
968 2910 1010 2941 ut
1033 2913 1083 2941 ne
1104 2898 1204 2942 fama
1233 2898 1388 2953 quidem
1409 2899 1458 2940 de
1483 2901 1526 2940 iis
1551 2898 1640 2941 ante
1658 2902 1863 2952 quicquam

898 2961 1060 3015 Gggg
1705 2960 1779 3014 (a)
1803 2973 1865 3000 ac·-

161 3102 224 3151 (a)
248 3106 338 3157 Qae
351 3102 506 3156 lapidum
520 3101 623 3150 causta
658 3105 778 3140 ecuniae
798 3102 852 3140 ad
863 3111 1051 3143 externas,
1071 3110 1139 3138 aut
1165 3099 1298 3153 hestiles
1312 3112 1439 3155 gentes
1460 3099 1732 3152 transferuntur
1746 3104 1763 3138 ?
1779 3102 1864 3141 Tac⁴

64 3153 90 3190 l.
108 3164 143 3195 2,
160 3157 289 3193 Annal.
340 3159 404 3204 (b)
431 3158 538 3210 Qia
556 3156 612 3194 cla
648 3169 665 3192 s
688 3156 795 3208 Regis:
802 3165 866 3209 per
879 3169 979 3193 mare
997 3166 1074 3192 eum
1088 3151 1184 3202 claffl’
1206 3155 1335 3192 Hiram
1351 3153 1462 3201 se'mel
1476 3165 1540 3207 per
1564 3164 1636 3190 tres
1657 3166 1764 3190 annos
1787 3153 1867 3192 ibat

7 3218 10 3276 ς
65 3207 106 3243 in
135 3203 272 3255 Tharfis’
283 3232 292 3248 s
319 3206 478 3258 deferens
488 3208 569 3247 inde
583 3221 712 3246 aarum
730 3207 775 3251 (ῤ’
794 3217 1002 3261 argentum,
1027 3206 1073 3250 ό·
1087 3205 1206 3244 dentes
1225 3205 1501 3261 elephantorum,
1527 3203 1572 3248 ol*
1584 3206 1721 3251 stmias,
1738 3205 1783 3249 ὠ·
1797 3218 1864 3260 pa·-

7 3277 9 3294 1
65 3257 149 3350 {652
163 3259 423 3311 Magnificatur
444 3260 490 3315 est
509 3276 588 3316 ergo
608 3266 683 3301 Rex
703 3260 860 3299 Salomon
869 3259 975 3315 fiper
999 3272 1111 3298 omnes
1133 3264 1237 3312 Reges
1263 3271 1364 3299 terra
1385 3259 1532 3298 divitiis
1549 3256 1595 3301 ὦ*
1609 3256 1796 3311 ,[Σφίεκῑίἄ.
1831 3273 1862 3308 3.

103 3322 159 3362 eg.
186 3323 248 3350 22.
273 3314 309 3350 ὅ(
323 3326 385 3362 23.

9 3555 10 3562 t
8 3514 11 3525 ,
0 3296 11 3469 ᾼῖὝὴ-,ττῑμμ
