2132 3730
208 202 261 241 m
639 187 1582 234 DJDACISAAVEDRAE

202 274 290 314 tales
305 286 393 327 quae
408 273 438 312 el
448 269 486 323 st>
505 271 647 324 apodere
663 271 788 319 dellas,
818 285 835 310 e
858 284 899 311 no
921 274 1001 312 elias
1024 270 1086 311 del.
1144 274 1186 313 E
1204 286 1228 313 a
1248 288 1296 315 nn
1321 276 1570 326 antiguamente
1586 274 1786 330 mcstravan
1812 275 1835 314 ἁ
1861 275 1908 315 los
1939 274 2013 314 Re·

197 346 261 386 gyes
282 346 307 372 a
332 335 426 373 tirar
445 331 486 371 de
511 344 610 380 arco,
637 344 655 369 e
681 329 721 369 (k
740 329 898 385 hallesta,
918 344 936 370 e
964 330 1004 372 de
1012 328 1115 382 jabir
1133 344 1225 384 ayna
1251 347 1292 374 en
1315 337 1468 383 cavallo,
1488 348 1506 374 e
1517 332 1623 386 saber
1651 335 1784 385 nadar,
1809 348 1827 374 e
1846 332 1887 373 de
1912 332 2012 374 todas

201 393 256 432 las
283 399 381 432 otras
393 387 500 439 cosas,
518 403 582 443 qne
597 387 723 441 tocafhn
748 391 771 429 ὰ
796 390 965 444 ligerem,
994 404 1013 431 e
1032 391 1200 438 valentia,
1275 394 1317 434 E
1330 391 1396 446 esto
1414 389 1544 445 fazian
1560 401 1630 444 per
1650 394 1709 436 dos
1727 407 1884 436 razones.
1946 393 1971 432 Ι
1988 405 2013 432 a

199 465 292 498 nna,
307 460 439 504 porqne
461 446 580 500 ellosse
598 446 739 502 sopicffen
763 450 837 491 bien
856 450 993 502 ayndar
1012 450 1135 500 dellas,
1155 451 1289 504 qnando
1313 452 1359 493 les
1381 450 1469 504 fuese
1491 452 1659 504 menesler.
1718 454 1782 495 La
1807 461 1906 502 οἴνα,
1927 460 2013 504 por-

201 524 267 565 que
289 511 336 551 los
375 510 479 549 Omes
504 506 644 559 tomaffin
673 509 755 550 ende
782 511 867 551 bnen
897 511 1062 563 exensplo,
1079 519 1178 563 para
1197 512 1351 564 quererlo
1362 508 1499 563 fazer,
1523 528 1541 553 e
1564 510 1669 564 asar:
1695 513 1777 553 onde
1792 513 1830 564 fi
1848 513 1878 553 el
1904 512 1981 565 Rey
1996 541 2012 562 2

200 583 249 609 az
280 581 365 609 como
393 567 485 608 dicho
508 581 668 619 avemos,
688 584 729 611 no
752 566 839 621 nsase
870 569 910 610 de
937 571 991 611 las
1015 583 1155 619 armas,
1177 569 1235 622 fin
1257 572 1288 611 el
1306 570 1415 622 dano,
1434 586 1497 625 qne
1513 573 1594 614 ende
1615 574 1644 613 le
1662 575 1788 613 vernia
1797 581 1930 626 parque
1950 567 2014 622 stis

197 637 313 682 gentes
334 624 513 679 defimrian
535 628 638 669 denas
651 639 721 682 por
749 642 858 671 razon
883 630 958 679 del,
974 630 1103 683 podria
1118 630 1148 670 el
1168 626 1275 681 mismo
1298 634 1401 672 venir
1418 633 1441 671 ὰ
1461 633 1513 672 tal
1530 634 1682 685 peligro‚
1701 642 1837 686 porque
1847 630 2014 683 perderia

200 689 232 728 el
260 697 401 741 cnerpo,
426 701 444 729 e
463 690 578 729 (aeria
604 703 645 730 en
659 702 750 742 gran
767 703 979 742 verguenza,
1043 690 1132 731 Alia
1148 702 1299 744 quoqne,
1308 698 1445 742 praeter
1460 705 1522 742 ea,
1539 705 1617 747 qtae
1641 694 1677 733 in
1685 688 1919 744 stiperioribus
1935 691 2013 741 legi-

198 748 264 787 bus
283 755 467 789 memorata
477 745 581 799 stmt,
600 746 767 800 addiscere
789 763 898 802 regem
916 758 1112 803 magnopere
1129 751 1306 798 convenit,
1330 764 1407 804 quae
1424 752 1479 791 his
1501 752 1630 792 duobus
1644 754 1788 791 maxime
1805 750 2014 801 comprehen-

198 806 342 848 dzmtur.
403 808 635 859 Prinzmn,nt
654 811 690 849 in
705 823 879 850 armornm
907 807 966 861 usti
991 812 1043 850 ita
1051 809 1103 861 fit
1122 813 1352 859 exercitatas,
1375 817 1417 849 ut
1448 808 1629 862 defendere
1643 808 1682 862 se
1706 810 1824 852 iisdem
1847 809 1906 849 ubi
1932 817 2014 860 opus

187 863 328 918 fuerit,
338 870 454 920 perite
470 865 561 919 sciat
573 883 586 917 ,-
605 867 723 910 deinde
740 877 780 909 nt
795 882 835 908 ea
856 872 1014 919 noverit,
1039 878 1145 924 atqne
1171 866 1333 921 usta-pet,
1358 868 1482 921 quibus
1498 870 1548 909 ad
1571 871 1745 918 laborum,
1772 866 2015 924 molestiarum-

197 940 263 980 qne
278 957 291 974 .,
309 926 347 979 st
361 941 438 980 qaae
455 925 557 979 forte
576 931 788 969 occurrerint
799 959 811 976 ,
819 931 995 980 patientia
1013 929 1210 970 induretur.
1272 929 1410 969 Rerum
1433 931 1555 982 qnippe
1571 930 1760 971 bellicarum
1774 942 1908 982 gnarus
1915 937 2013 981 prce-

189 989 316 1040 primis
320 985 370 1038 stt
391 994 540 1039 oportet,
556 995 598 1027 nt
617 986 668 1032 ἐξ)
692 986 872 1031 defendere
882 985 951 1039 sita
977 997 1108 1043 queat,
1137 988 1189 1033 6⁸?
1210 986 1341 1037 hostilia
1367 997 1537 1041 occupare.
1596 989 1822 1046 Quapropter
1853 988 1904 1033 &³
1933 989 2014 1028 bene

197 1055 344 1100 apteque
375 1048 532 1100 equitare
569 1043 658 1098 sciat
681 1079 694 1098 ,
729 1047 782 1093 ὣς
815 1062 918 1088 arma
947 1051 1053 1090 omnis
1083 1050 1219 1101 generis
1248 1048 1429 1097 tranare,
1465 1056 1538 1088 tam
1579 1063 1640 1098 ea,
1674 1062 1751 1101 quae
1796 1052 1833 1089 in
1864 1046 2014 1098 vellitus

196 1119 343 1155 morem,
367 1105 417 1146 ad
432 1106 573 1147 tutelam
596 1107 852 1148 circumdantur
874 1111 1026 1160 corpori,
1059 1122 1161 1161 qnam
1184 1110 1240 1148 illa
1261 1107 1385 1161 quibas
1394 1111 1559 1160 pngmari
1581 1104 1760 1159 consiievit.
1819 1108 1875 1148 Et
1886 1109 2016 1159 priora

196 1164 329 1219 quidem
354 1165 498 1214 induat,
514 1165 683 1219 gestetqne
703 1181 768 1207 non
786 1164 1043 1222 infrequenter,
1062 1176 1103 1208 nt
1124 1170 1186 1215 iis,
1202 1180 1275 1207 cnm
1299 1176 1380 1219 opus
1392 1164 1513 1219 faerit
1542 1166 1729 1209 tolerandis
1763 1164 1941 1219 afflielbat,
1970 1179 2012 1205 ne

185 1223 289 1278 forte
310 1224 506 1277 inusitatam
526 1239 640 1267 eornm
647 1226 784 1279 pondus
803 1229 1066 1279 autpericulum
1089 1227 1249 1280 Princzpi
1265 1234 1329 1267 aut
1345 1229 1557 1279 ignominiam
1575 1236 1675 1269 creet.
1734 1229 1796 1269 Ea
1811 1239 1918 1276 vero,
1939 1227 2016 1279 qni-

196 1285 261 1325 hns
277 1284 328 1324 ad
336 1284 561 1338 pugnandmn
579 1289 711 1327 ntimnr
731 1286 880 1339 gladium
899 1297 1033 1340 nempe,
1049 1288 1217 1336 lanceam,
1242 1287 1401 1335 clavam,
1425 1288 1582 1342 aliaque,
1611 1301 1690 1341 qnae
1725 1289 1762 1327 in
1783 1285 1941 1326 hodierno
1957 1285 2020 1325 ho-

195 1347 322 1386 minnm
338 1343 507 1397 nficfimt,
526 1348 579 1386 ita
599 1347 759 1386 tranare
765 1344 877 1398 sciat,
895 1355 936 1389 nt
942 1345 1091 1399 faciles,
1109 1343 1275 1399 certcycffle
1291 1347 1380 1387 ibicis
1395 1346 1532 1388 habeat.
1597 1348 1791 1399 Vtrmnqne
1809 1358 1893 1386 vero
1903 1356 2016 1384 armo-

196 1418 275 1445 rnm
293 1417 402 1457 genas
418 1408 471 1446 ita
485 1404 555 1458 filn‘
581 1405 707 1446 reddat
715 1403 922 1457 familiare,
947 1415 987 1447 at
1011 1407 1176 1458 Princeps
1202 1418 1323 1456 arma,
1340 1418 1405 1447 non
1428 1420 1530 1448 arma
1549 1405 1748 1459 Principem
1774 1418 1892 1458 regere
1916 1403 2018 1443 vide-

195 1473 315 1504 antnr.
381 1464 483 1506 Certe
498 1461 623 1518 priscis
659 1478 788 1520 qaoque
819 1466 1024 1518 temporibus
1050 1478 1146 1518 reges
1175 1479 1261 1506 arca
1274 1497 1286 1515 ,
1323 1474 1428 1519 atque
1459 1464 1592 1520 ballista
1617 1463 1762 1517 ferire,
1789 1478 1898 1519 equos
1926 1464 2016 1507 laltn

197 1522 426 1575 conscendere,
447 1533 595 1575 natare,
613 1527 787 1579 omniaque
819 1528 897 1575 illa,
922 1539 999 1580 qnae
1015 1534 1079 1567 ant
1098 1525 1150 1565 ad
1164 1526 1349 1578 agilitatem
1366 1529 1531 1578 corporis,
1560 1533 1624 1566 aut
1651 1525 1703 1566 ad
1725 1526 1830 1564 robur
1843 1521 2016 1574 faciunt,

195 1583 413 1625 docebantur.
474 1584 583 1639 quue
599 1585 732 1625 dnahns
740 1584 943 1639 potiffimum
959 1583 1001 1625 de
1025 1584 1155 1637 causis:
1173 1579 1327 1637 primum
1340 1593 1380 1625 nt
1400 1584 1478 1638 ipsi,
1493 1584 1532 1638 si
1547 1598 1617 1638 qua
1638 1588 1813 1637 ingrueret
1831 1581 2017 1635 neceffffas,

194 1646 266 1685 rite
285 1644 339 1684 his
356 1647 410 1683 nti
433 1645 594 1684 valerent
600 1659 613 1693 ,-
646 1653 720 1684 tam
750 1653 790 1684 at
810 1657 925 1697 regum
962 1646 1105 1697 exemplo
1125 1645 1186 1686 alii
1199 1657 1328 1697 qnoque
1350 1645 1495 1685 homines
1512 1645 1562 1684 ad
1579 1645 1649 1685 haec
1672 1643 1786 1684 eadem
1805 1639 2017 1693 condiscenda

197 1705 439 1743 incitarentur.
500 1701 669 1759 Qanrefi
683 1715 747 1742 rex
769 1716 863 1753 emn,
883 1715 980 1756 quem
1000 1703 1168 1749 diximus,
1202 1716 1375 1742 armornm
1394 1701 1486 1754 asian
1515 1705 1681 1755 negligat,
1711 1701 1943 1744 incommodam
1964 1702 2019 1741 in-

197 1760 239 1803 de
255 1761 377 1815 dnplex
390 1759 624 1816 conkqnetnr:
637 1775 715 1801 nam
735 1761 787 1806 &⁹
797 1760 931 1811 fitbditi
944 1764 1034 1814 regis
1053 1761 1229 1814 ignaviam
1252 1762 1379 1800 imitati
1401 1774 1575 1803 armorum
1587 1760 1743 1815 studium
1761 1763 1944 1815 negligent,
1964 1758 2020 1805 &3

196 1822 281 1862 Rex
298 1819 363 1874 ipse
382 1824 417 1861 in
421 1819 586 1872 stimmmn
598 1817 707 1869 facile
724 1827 788 1858 ant
802 1823 890 1859 vitae
906 1828 971 1861 aut
993 1821 1128 1860 honoris
1150 1817 1322 1869 discrimen
1339 1819 1476 1860 incidet.

313 1880 378 1921 Ad
406 1880 534 1919 omnia
551 1877 617 1919 ista
643 1879 825 1918 exercitia
851 1878 951 1920 nihil
976 1877 1084 1930 aeque
1108 1879 1276 1918 habilem
1309 1876 1436 1918 reddit
1465 1878 1683 1930 Principem
1705 1908 1718 1926 ,
1748 1888 1865 1931 atque
1890 1890 2017 1919 vena-

199 1941 315 1981 tionis
335 1939 512 1980 studium.
572 1938 617 1978 In
633 1940 694 1978 illa
723 1939 751 1978 fi
773 1938 927 1990 quidem
944 1938 1129 1990 juventus
1148 1938 1222 1977 sese
1247 1937 1384 1977 exserit
1400 1968 1413 1987 ,
1443 1939 1547 1978 vires
1569 1937 1607 1978 δε
1631 1939 1835 1990 agilitatem
1860 1951 2019 1990 compa-

198 2011 257 2042 rat
309 2002 372 2041 illa
395 2000 640 2040 oecafionem
668 1998 732 2037 dat
760 1998 967 2038 exercendi
988 2007 1086 2037 artes
1100 2000 1303 2045 militares,
1333 1996 1569 2050 despiciendi
1593 2006 1743 2037 terrena
1759 2027 1772 2048 ,
1802 1996 2015 2036 discernen-

200 2060 240 2101 di
267 2070 419 2113 tempus
440 2089 453 2109 ,
484 2058 640 2110 quando
660 2058 808 2110 sperare
825 2088 838 2107 ‚
867 2058 1051 2112 aggredi,
1081 2056 1195 2096 ferire
1225 2066 1437 2108 oporteat-5
1470 2058 1531 2096 illa
1553 2058 1747 2097 variorum
1772 2056 1923 2096 casuum
1947 2056 2020 2096 do·

202 2131 266 2161 cet
286 2131 472 2160 eventum
494 2150 505 2167 ,
536 2119 574 2158 &
596 2118 703 2158 usum
723 2117 999 2158 commonstrat
1022 2116 1343 2169 stratagematum,
1403 2116 1460 2155 Ibi
1479 2115 1658 2168 profusus
1677 2117 1821 2169 sanguis
1838 2147 1849 2163 ‚
1882 2116 1920 2155 &
1942 2126 2020 2156 tre-

199 2190 351 2222 mentes
372 2179 537 2220 ferarum
563 2179 809 2218 morientium
838 2188 939 2217 artus
970 2178 1091 2217 oculis
1114 2177 1290 2228 usurpata
1312 2185 1527 2230 expurgant
1548 2175 1709 2216 effeetus
1728 2208 1740 2225 ,
1770 2175 1920 2215 firmant
1940 2179 2019 2216 ani-

200 2253 308 2282 mum
338 2271 350 2289 ‚
380 2237 644 2292 generosiores
676 2237 861 2278 sufficiunt
892 2238 1069 2289 spiritus,
1100 2239 1164 2289 qui
1183 2245 1328 2276 metum
1361 2246 1610 2275 contemnant
1637 2235 1870 2288 &periculat
1936 2234 2014 2289 (a)

203 2301 304 2342 Nam
325 2296 497 2353 &sylvae
511 2295 655 2349 fhlitado
675 2329 688 2348 ,
718 2294 885 2350 ipficmque
904 2297 1168 2351 illndfflentinm
1186 2328 1199 2345 ,
1229 2294 1323 2349 qnod
1332 2298 1506 2336 venationi
1528 2294 1636 2336 datur
1651 2327 1664 2345 ,
1694 2308 1818 2347 magna
1840 2296 2014 2346 cogitatio-

200 2362 258 2401 nis
278 2361 494 2400 incitamenta
504 2354 601 2409 stint.
697 2356 854 2410 Yayuda
878 2359 991 2399 macho
1011 2357 1045 2396 la
1057 2369 1145 2396 caza
1174 2354 1201 2409 ζ
1221 2367 1265 2394 ut
1284 2355 1380 2394 dixit
1403 2355 1621 2408 Alphonfus
1635 2356 1723 2394 Rex
1747 2354 1771 2409 )
1802 2356 1826 2396 ὰ
1850 2366 2016 2407 mengnar

201 2419 252 2461 los
262 2417 505 2473 pensamientos
521 2448 535 2467 ,
567 2432 584 2457 e
605 2417 640 2458 la
658 2414 750 2469 sana
768 2430 856 2470 ,qne
888 2431 924 2458 es
945 2430 1018 2457 mas
1036 2414 1196 2471 menester
1218 2415 1254 2455 al
1271 2415 1375 2468 Rey,
1404 2429 1469 2469 qne
1491 2418 1514 2455 ἁ
1537 2423 1609 2455 otro
1635 2415 1758 2456 Hnne.
1817 2415 1858 2455 E
1872 2414 1929 2467 sin
1941 2413 2019 2455 todo

200 2477 341 2535 aquesto
364 2478 409 2519 da
417 2476 524 2530 salnd
535 2490 595 2528 ,ca
609 2477 639 2517 el
657 2476 794 2531 trabajo
809 2508 821 2526 ,
852 2475 962 2531 queste
984 2484 1075 2517 toma
1094 2507 1107 2526 ,
1127 2471 1166 2527 ᾖ)
1184 2488 1219 2515 es
1233 2488 1289 2515 con
1307 2471 1456 2526 mestira,
1477 2473 1570 2527 faze
1585 2487 1690 2515 comer
1709 2506 1721 2523 ,
1752 2489 1769 2514 e
1782 2473 1910 2514 dormir
1927 2475 2020 2524 bien,

203 2554 270 2595 qne
293 2552 328 2579 es
346 2539 380 2579 la
397 2551 515 2592 mayor
532 2535 601 2589 cosa
613 2536 654 2578 de
667 2537 702 2576 la
723 2535 810 2577 vida
827 2535 880 2577 del
897 2538 998 2577 home.
1086 2536 1308 2589 Miltnmque
1322 2533 1461 2590 prodest
1474 2537 1611 2575 venatio
1628 2533 1679 2574 ad
1699 2547 1865 2574 cararum
1884 2533 2018 2589 astam,

201 2597 456 2654 affeehmmqne
480 2600 637 2650 inipetmn
653 2594 907 2649 temperandam
921 2629 933 2647 ,
963 2595 1003 2637 id
1017 2594 1110 2650 qaod
1115 2604 1199 2648 prce
1223 2596 1357 2634 caeteris
1381 2595 1565 2635 hominibus
1580 2594 1717 2647 regibus
1737 2596 1882 2635 maxime
1896 2592 1941 2649 cst
1959 2606 2018 2633 ne-

195 2656 387 2714 ceffarium.
474 2658 662 2699 Praeterea
688 2670 773 2697 vero
789 2656 840 2696 ad
860 2656 1088 2697 valetudinem
1110 2654 1260 2695 conducit
1281 2686 1295 2704 ,
1325 2667 1398 2694 cum
1425 2654 1476 2700 ἐξ)
1489 2652 1596 2706 fhmni
1619 2653 1677 2699 &⁹¹
1699 2654 1763 2695 cibi
1790 2655 2018 2707 appetentiam

205 2727 332 2772 augeat
351 2751 364 2770 ,
400 2732 478 2774 qnae
514 2717 579 2759 dno
628 2716 679 2757 ad
725 2719 839 2758 vitam
876 2718 1016 2757 hominis
1054 2712 1317 2766 conſs>rvandam
1350 2714 1538 2766 plurimum
1568 2711 1716 2767 faciant
1825 2713 1920 2753 Duo
1957 2713 2017 2751 so·-

206 2778 288 2819 1t1m
307 2779 467 2819 adverte
489 2792 499 2817 :
529 2778 611 2836 ¹Qne
637 2791 679 2818 no
694 2776 779 2817 deve
794 2785 900 2817 meter
920 2785 1023 2817 tanta
1036 2775 1125 2831 cesta
1146 2806 1159 2824 ,
1190 2787 1254 2828 qne
1274 2787 1410 2826 mengne
1429 2788 1469 2815 ne
1500 2775 1527 2815 lo
1540 2787 1604 2828 qne
1631 2775 1676 2813 ha
1696 2772 1738 2813 de
1766 2771 1900 2824 coniolir
1913 2803 1926 2821 ,
1956 2773 2022 2812 nin

206 2835 260 2890 use
290 2847 388 2879 tanto
407 2838 492 2879 della
511 2869 524 2887 ,
554 2851 619 2892 qne
641 2837 669 2877 le
687 2837 866 2889 embargne
884 2837 930 2877 los
950 2844 1042 2877 otros
1055 2833 1187 2887 fechos.
1287 2831 1574 2887 Neqnefinnptns
1601 2836 1638 2874 in
1661 2834 1875 2874 venationem
1898 2839 2015 2872 tantos

197 2896 379 2950 faciemlos
400 2896 457 2951 ‘ff’
474 2929 487 2947 ,
517 2905 557 2937 ut
571 2898 719 2950 inpenfis
732 2899 841 2949 magis
855 2894 1042 2951 neceffizriis
1056 2894 1159 2948 dcssnt
1175 2907 1188 2943 3
1204 2906 1308 2947 neque
1328 2901 1465 2934 tantum
1491 2895 1567 2934 hnic
1589 2889 1803 2934 tribuendam
1822 2893 1981 2944 temporis
2000 2921 2016 2941 ,

207 2966 251 3000 ut
267 2961 442 3012 graviora
467 2959 600 3010 negotia
626 2956 904 3008 praepediantnr.

308 3018 344 3070 §.
370 3017 554 3069 Denique
582 3018 711 3056 omnia
736 3015 800 3056 ista
823 3017 1006 3056 exercitia
1026 3026 1115 3054 curn
1125 3025 1174 3053 eo
1192 3011 1457 3053 moderamine
1477 3010 1688 3064 usurpanda
1705 3010 1801 3058 sunt,
1822 3020 1872 3049 ne
1888 3040 1901 3060 ,
1933 3022 2018 3050 om—

210 3080 304 3120 nino
337 3077 538 3118 efferatum
556 3086 620 3116 aut
644 3086 865 3128 torpentem
881 3074 1044 3116 reddant
1066 3075 1233 3113 animum
1259 3103 1272 3123 ,
1301 3085 1430 3125 neque
1465 3074 1566 3113 enim
1590 3069 1715 3110 minus
1741 3068 1876 3109 labore
1893 3071 2016 3110 nimio

212 3140 244 3179 is
259 3138 462 3179 indurescit
481 3168 494 3187 ,
523 3136 562 3177 &
589 3136 692 3188 quast
709 3136 883 3177 obdufflm
910 3136 1013 3176 collo
1037 3131 1192 3187 stupefit
1215 3162 1228 3182 ,
1258 3144 1372 3185 quam
1397 3133 1518 3186 ipsum
1545 3141 1700 3183 corpus.
1792 3130 1891 3170 Nam
1909 3129 2016 3182 fimul

1916 3201 2014 3228 mena

254 3270 318 3324 ra)
343 3278 435 3319 Ptin.
456 3255 1240 3328 mmm
1265 3286 1297 3320 5.
1311 3287 1347 3324 p.
1362 3286 1400 3312 κ.

1494 3250 1752 3266 m
