2132 3730
510 298 1470 349 SYMBOLAPOLITICA.
1785 308 1872 354 417

93 389 359 442 campestrium
381 388 576 443 clangore,
607 389 635 429 ss
652 389 779 429 Status
799 386 1096 427 Mediolanensis
1121 386 1235 424 urbes
1253 384 1496 425 validioribus
1518 381 1791 423 munitionibus
1811 381 1871 420 fir.

95 459 208 490 matae
231 447 393 494 fuiffent.
451 450 697 489 Antemurale
716 449 837 488 veluti
859 446 913 487 est
936 447 1155 499 Regnorum
1175 446 1346 484 omnium
1368 443 1606 484 Monarchiae
1635 441 1873 492 Hispanicae,

92 518 209 560 atque
235 520 394 563 propter
419 509 600 548 suammet
628 509 864 548 securitatem
895 505 1142 547 laborandum
1175 502 1266 544 effer
1296 504 1500 551 omnibus,
1528 512 1572 541 ut
1595 501 1742 542 Statum
1767 501 1873 540 illum

91 567 293 609 fortiorem
326 567 550 610 redderent:
580 564 626 607 ea
660 568 761 607 enim
787 568 953 616 ratione,
983 566 1021 606 &
1049 563 1257 605 accedente
1282 565 1392 604 maris
1419 563 1614 615 potentia,
1645 560 1874 602 Monarchia

88 625 198 667 firma
227 627 264 668 &
291 625 504 668 inconcussa
525 636 780 678 permaneret.
838 626 1053 666 Hominum
1075 625 1208 673 animi,
1236 624 1264 664 ss
1289 625 1352 663 vel
1379 625 1492 663 etiam
1524 620 1750 661 adamantini
1779 621 1874 669 sint,

87 688 313 727 moeniorum
333 685 593 726 defensionem
615 686 792 740 supplere
821 696 1031 738 nequeunt.
1089 684 1243 738 Quibus
1276 685 1364 734 quia
1397 683 1487 722 Rex
1507 677 1652 720 Witiza
1674 683 1875 734 plerasque

85 743 274 797 Hispaniae
290 747 402 786 urbes
425 746 659 796 nudaverat,
689 746 819 786 Mauri
843 756 926 786 earn
955 743 1138 785 invadere
1160 743 1309 797 aggreffi
1333 743 1437 791 sunt,
1463 741 1614 781 sublatis
1632 742 1805 780 nimirum
1833 740 1876 779 il-

85 805 130 844 lis
150 808 368 857 aggeribus,
395 807 459 858 qui
475 817 610 847 eorum
632 805 909 846 incursionibus
928 806 1046 856 usque
1066 803 1115 844 eb
1134 803 1354 843 restiterant.
1415 800 1514 842 Non
1533 811 1608 840 tam
1627 812 1799 840 curarum
1807 811 1875 839 ne—

82 863 226 916 gligens
243 863 317 905 fuit
335 865 526 919 Augustus
545 868 583 906 in
602 866 817 917 ampliffima
831 868 911 914 illa,
941 877 1017 917 qua
1034 864 1254 913 fruebatur,
1282 874 1401 915 pace3
1430 863 1523 914 quin·
1535 861 1679 900 reditus
1699 860 1876 913 publicos

81 921 258 973 instituit,
289 925 326 964 &
347 927 383 965 in
402 927 531 965 aerario
548 925 691 978 deponi
720 925 837 977 justit,
867 935 910 965 ut
930 924 1040 974 effet,
1070 923 1177 976 quod
1200 926 1238 963 in
1261 922 1617 974 sumptusmilitares
1632 950 1646 970 ‚
1677 918 1780 960 bello
1799 919 1878 959 for-

81 982 123 1021 te
146 985 362 1036 ingruente,
392 985 625 1037 suppeteret.
683 984 723 1025 Si
744 988 849 1038 pacis
870 996 1048 1037 tempore
1065 986 1167 1024 vires
1190 995 1276 1032 mon
1297 992 1567 1029 exerceantur,
1598 981 1635 1021 δι
1653 981 1796 1020 bellicis
1821 991 1876 1018 ar-

81 1043 185 1082 tibus
205 1055 283 1084 non
304 1043 529 1085 instruantur
550 1046 692 1094 animi,
722 1044 846 1087 minus
876 1046 915 1086 id
944 1041 1027 1085 fieri
1049 1046 1218 1097 poterit,
1248 1042 1403 1095 quando
1435 1041 1641 1082 invasionis
1665 1038 1877 1093 periculum

81 1113 215 1142 omnes
230 1103 307 1154 jam
339 1105 378 1144 in
413 1117 601 1157 pavorem
633 1104 802 1156 dederit,
832 1105 881 1145 de
908 1104 999 1156 fuga
1019 1106 1137 1158 magis
1162 1102 1433 1155 servandisque
1462 1100 1649 1150 fortunis,
1678 1100 1790 1153 quam
1829 1099 1880 1138 de

79 1159 304 1203 defensione
322 1163 515 1205 sollicitos.
573 1163 739 1206 Nullum
765 1165 884 1217 majus
908 1161 1153 1217 stratagema,
1184 1161 1299 1216 quam
1321 1163 1500 1215 Regnum
1519 1158 1675 1214 aliquod
1708 1161 1789 1200 otio
1810 1159 1878 1199 suo

78 1220 118 1260 ὅτ.
141 1224 258 1272 quieti
271 1224 494 1276 relinquere.
554 1222 778 1266 Deficiente
800 1225 985 1266 exercitio
1006 1226 1179 1272 militari,
1209 1225 1331 1264 virtus
1353 1234 1511 1275 quoque
1536 1220 1679 1265 deficit.
1737 1218 1893 1270 Ubivis„

75 1289 259 1322 terrarum
276 1282 426 1324 Natura
445 1295 602 1338 magnos
619 1287 765 1326 animos
798 1294 999 1337 procreat,
1028 1297 1127 1336 quos
1154 1294 1221 1324 aut
1240 1283 1393 1324 occasio
1411 1284 1450 1323 in
1472 1286 1646 1335 apertum
1674 1280 1880 1334 protrahit,

77 1350 142 1380 aut
159 1343 277 1381 latere
294 1341 385 1382 facit
405 1346 541 1389 otium.
602 1342 695 1385 Nec
719 1346 824 1385 viros
843 1344 1106 1397 generosiores
1134 1345 1173 1384 in
1200 1341 1349 1384 Graecia
1374 1339 1488 1394 olim,
1520 1343 1558 1384 &
1582 1342 1718 1382 Romae
1745 1349 1881 1393 ptaete-·

74 1400 145 1438 rita
167 1400 307 1440 dedere
322 1403 478 1450 saecula,
507 1403 622 1452 quam
645 1403 765 1443 hodie
793 1404 1012 1450 nascantur-3
1042 1402 1181 1444 verum
1213 1413 1307 1444 tunc
1343 1401 1466 1443 fortes
1495 1402 1530 1441 se
1556 1401 1762 1455 gesserunt,
1793 1400 1881 1451 quia

75 1456 295 1498 dominandi
313 1462 420 1500 causa
438 1462 549 1500 armis
574 1460 611 1501 se
645 1463 920 1501 exercitabant.
979 1461 1079 1500 Non
1100 1466 1267 1500 animum
1301 1461 1408 1500 suum
1442 1462 1623 1512 Princeps
1646 1459 1882 1510 despondeat

74 1517 129 1557 ob
151 1518 384 1559 subditorum
415 1520 566 1559 suorum
595 1521 809 1571 ignaviam:
842 1518 1037 1571 disciplina
1060 1522 1162 1559 enirn
1192 1520 1339 1559 habiles
1363 1530 1434 1559 eos
1459 1520 1595 1559 reddet
1621 1518 1659 1559 &
1694 1517 1882 1566 idoneos,
1918 1544 1922 1546 f

75 1576 124 1616 ad
154 1578 333 1618 tuendam
355 1590 511 1631 pacem,
541 1578 578 1620 &
604 1580 744 1619 bellum
773 1577 1042 1618 sustinendum.
1101 1577 1262 1628 Semper
1278 1587 1347 1616 eos
1369 1589 1563 1620 armorum
1579 1586 1749 1630 occupet
1772 1589 1881 1620 exer·

5 1630 7 1687 ξ
74 1638 167 1677 citio
187 1651 196 1677 ε
227 1639 369 1680 beilum
391 1640 493 1680 enim
511 1649 753 1681 antevertere
770 1637 913 1690 debet,
942 1640 1006 1691 qui
1022 1649 1160 1692 pacem
1180 1635 1380 1677 defiderat.
1421 1655 1467 1668 a

555 1807 1245 1900 ‘SYMBOLUM
1299 1810 1373 1880 C.

6 2005 7 2019 χ
73 1957 302 2099 BRevis
325 1957 381 2000 est
394 1960 608 2014 respiratio,
639 1972 725 2013 quae
750 1972 867 2002 cunas
890 1962 989 2001 inter
1017 1960 1057 2001 δε
1076 1957 1266 2000 tumulum
1301 1957 1525 2007 intercedit3
1554 1959 1683 1999 brevis
1707 1958 1881 2012 inquam,

208 2021 272 2061 sed
293 2033 376 2072 quae
399 2023 528 2074 gravia
551 2021 700 2062 adferre
715 2021 826 2073 poffit
851 2020 1099 2068 detrimenta,
1128 2020 1157 2059 fi
1179 2021 1277 2059 male
1300 2020 1556 2071 impendatur.
1614 2017 1753 2061 Multis
1769 2020 1879 2059 saecu-

214 2082 258 2121 lis
273 2079 507 2133 Respublica
524 2083 647 2134 aliqua
661 2082 773 2121 unius
792 2082 978 2121 momenti
995 2089 1162 2120 errorem
1186 2079 1386 2132 deplorare
1405 2080 1513 2124 solet.
1573 2079 1637 2118 Ab
1666 2080 1733 2120 illo
1760 2079 1882 2131 impe-

72 2144 219 2185 riorum
243 2141 349 2180 ruina
365 2140 512 2193 pendet
526 2142 564 2182 &
587 2142 782 2181 exaltatio.
843 2140 966 2193 Quod
991 2151 1062 2192 per
1082 2141 1292 2179 multorum
1314 2151 1503 2179 annorum
1527 2137 1686 2190 spatium
1702 2140 1822 2179 virtus
1842 2138 1882 2178 ὃς

74 2200 277 2255 prudentia
304 2211 509 2240 erexerunt
523 2231 536 2250 ,
565 2212 645 2240 uno
668 2199 765 2252 saepe
780 2201 966 2252 temporis
982 2197 1130 2251 ρυηᾶο
1145 2200 1287 2238 malum
1305 2200 1446 2238 evertit
1467 2198 1692 2245 confilium-2
1721 2197 1880 2252 (anre-

8 2267 9 2273 ’
72 2261 177 2303 vibus
209 2262 354 2311 quippe
372 2263 543 2300 nwmentis
568 2272 694 2302 rerum
703 2257 835 2311 stamma
856 2262 953 2300 verti
970 2258 1093 2314 potest.
1151 2258 1283 2311 Quare
1300 2260 1338 2298 in
1356 2257 1428 2298 isto
1445 2259 1535 2298 vitae
1556 2258 1707 2298 theatro
1723 2257 1880 2299 minime

8 2322 10 2363 ἕ
73 2321 207 2362 sufficit
228 2317 388 2359 stadium
409 2320 516 2360 suum
541 2317 765 2368 decurrisse,
792 2319 875 2359 nifi‘
891 2319 1017 2359 cursus
1041 2317 1087 2358 ad
1114 2317 1230 2358 finem
1253 2316 1370 2370 usque
1394 2319 1546 2370 aequalis
1571 2317 1629 2358 fit.
1687 2317 1787 2358 Non
1816 2330 1882 2357 co-

8 2386 9 2396 *
71 2386 228 2420 tonatur
245 2407 258 2428 ,
286 2377 356 2419 nisi
374 2381 439 2430 qui
468 2377 637 2432 legitime
657 2381 827 2419 ultimam
844 2378 977 2418 mortis
996 2390 1136 2418 metam
1156 2379 1334 2430 attigerit.
1391 2377 1615 2418 Domorum
1635 2377 1793 2418 aedificia
1804 2378 1881 2430 pri-

9 2457 10 2484 ς
71 2441 143 2480 mis
163 2437 350 2488 lapidibus
372 2441 480 2477 velut
501 2438 755 2478 fundamento
780 2440 1012 2485 innituntur3
1041 2437 1225 2478 strusmra
1240 2436 1353 2478 famae
1385 2437 1452 2487 iis,
1472 2439 1537 2491 qui
1561 2436 1746 2489 postremi
1770 2439 1880 2479 sunt:

72 2499 114 2539 hi
140 2497 170 2537 si
187 2497 340 2549 gloriosi
363 2509 443 2537 non
473 2496 566 2547 sint,
595 2509 690 2545 mox
714 2497 776 2536 illa
801 2497 968 2542 corruit,
1005 2496 1043 2535 δι
1071 2497 1271 2536 oblivione
1298 2497 1490 2549 sepelitur.
1553 2496 1672 2536 Cunae
1698 2509 1780 2538 non
1807 2496 1881 2537 flo-

9 2558 10 2577 *
72 2567 183 2604 rent,
215 2553 340 2596 done'c
364 2559 532 2597 tumulus
555 2556 791 2604 effloruerit,
821 2556 859 2596 δε
888 2565 980 2596 tunc
1007 2555 1122 2595 etiam
1147 2557 1331 2596 vitiorum
1361 2556 1642 2607 praeteritorum
1670 2567 1811 2608 vepres
1838 2558 1881 2597 in

9 2626 10 2629 ’
71 2617 190 2668 flores
209 2625 499 2656 convertuntur.
559 2615 674 2658 Fama
694 2616 795 2656 enim
813 2617 967 2656 ultimus
991 2614 1185 2655 aetionum
1213 2614 1269 2655 est
1289 2616 1463 2667 spiritus,
1495 2627 1578 2666 quae
1598 2615 1645 2655 ab
1671 2616 1732 2656 illa
1750 2617 1878 2657 lucem

10 2710 11 2725 ,
74 2677 114 2718 &
144 2675 325 2716 decorem
343 2677 530 2716 hauriunt.
573 2677 721 2729 ⁴Atque
748 2676 825 2716 hoc
851 2677 889 2716 in
910 2675 1095 2727 flagitiosa
1128 2676 1251 2726 aliqua
1279 2673 1475 2716 seneritute
1498 2669 1692 2727 nunquam
1718 2675 1879 2726 accidit,

10 2742 12 2793 ξ
74 2738 165 2790 quin
182 2737 312 2787 potius
332 2736 503 2787 juventae
532 2736 687 2789 gloriam
717 2748 761 2776 ea
783 2736 982 2780 obliterat:
1009 2737 1065 2775 uti
1092 2734 1254 2775 Vitellio
1271 2734 1467 2786 quondam
1491 2733 1660 2775 evenisse
1687 2734 1764 2790 (b)
1793 2747 1879 2776 me-

10 2799 12 2844 ζ
76 2797 264 2836 minimus.
323 2794 579 2836 Perfefflffimi
600 2798 712 2836 etiam
727 2793 892 2849 penicilli
913 2804 979 2836 aut
1002 2795 1133 2847 scalpri
1151 2793 1287 2834 duetus
1312 2794 1463 2835 laudem
1482 2807 1562 2834 non
1573 2792 1724 2843 ferunt,
1741 2794 1879 2848 siopus

11 2862 13 2912 ξ
74 2853 345 2908 ι’ωρεπῗθόὶωι]
375 2854 562 2895 manserit.
620 2856 660 2897 Si
692 2856 901 2909 fragmenta
931 2855 970 2896 in
1000 2857 1127 2908 pretio
1155 2853 1364 2905 habentur,
1393 2867 1471 2894 non
1504 2855 1573 2895 alia
1600 2855 1650 2894 de
1677 2855 1785 2895 causa
1810 2854 1876 2903 fit,

76 2914 191 2967 quam
214 2915 321 2967 quod
344 2904 478 2954 'statuae
501 2914 655 2967 alicujus
678 2918 768 2956 olim
783 2915 966 2969 perfeetae
998 2914 1193 2969 particulae
1212 2913 1298 2955 sint.
1357 2913 1591 2964 AEmulatio,
1622 2924 1686 2954 aut
1710 2913 1878 2964 adulatio

76 2974 240 3031 diversas
260 2973 299 3014 in
320 2977 400 3014 vita
420 2975 631 3016 affionibus
652 2976 793 3016 formas
819 2978 990 3017 tribuunt
997 2988 1010 3024 ,·
1040 2987 1078 3015 at
1094 2973 1213 3023 fama,
1245 2972 1333 3026 post
1349 2974 1498 3015 obitum
1523 2973 1544 3014 a
1559 2975 1786 3026 passionibus
1801 2972 1878 3014 istis

76 3033 218 3085 libera,
248 3044 359 3074 veras
380 3033 572 3087 justasque
589 3036 811 3087 pronuntiat
829 3037 1051 3085 sententiaS,
1084 3040 1176 3087 quas
1193 3033 1422 3087 posteritatis
1451 3034 1613 3074 tribunal
1637 3032 1706 3087 (c)
1736 3032 1876 3073 confir-

77 3097 169 3134 mat.
228 3094 295 3135 Sat
319 3091 464 3136 norunt
489 3098 663 3136 nonnulli
694 3096 911 3149 Principes,
941 3105 1124 3148 quantum
1147 3097 1291 3136 interfit
1305 3098 1425 3136 vitam
1441 3094 1645 3135 virtutibus
1661 3105 1848 3134 coronare
1864 3121 1879 3144 ‚

197 3170 201 3172 ·
299 3170 305 3174 “
841 3155 886 3196 Ν
906 3166 932 3196 n
947 3167 973 3195 n
987 3168 1012 3195 n
1026 3166 1054 3194 n
1806 3152 1878 3194 fal-

134 3290 136 3293 ·
177 3266 239 3312 (a)
268 3267 352 3304 Tac.
367 3268 429 3306 lib.
455 3278 488 3316 ς.
517 3268 645 3305 Annal.
698 3266 765 3316 (b)
795 3266 1029 3320 Ceffi’runtque
1044 3269 1166 3320 prima
1175 3267 1368 3321 qu-emis,
1394 3268 1439 3311 ό·
1458 3232 1881 3315 boaajuventaest’neeffas

69 3312 487 3422 {ffzzfflgtfieravin
512 3321 599 3360 Tae.
620 3318 680 3359 lib.
701 3325 736 3359 6.
758 3320 890 3358 Annal.
940 3323 1000 3367 (c)
1023 3325 1130 3360 Suum
1151 3321 1270 3374 euique
1287 3321 1386 3361 decus
1397 3320 1583 3374 paesteritas
1597 3319 1765 3374 rependit.
1781 3322 1882 3371 'TacA
