<?xml version="1.0" encoding="UTF-8"?>
<!DOCTYPE html PUBLIC "-//W3C//DTD XHTML 1.0 Transitional//EN"
    "http://www.w3.org/TR/xhtml1/DTD/xhtml1-transitional.dtd">
<html xmlns="http://www.w3.org/1999/xhtml" xml:lang="en" lang="en">
 <head>
  <title>
</title>
<meta http-equiv="Content-Type" content="text/html;charset=utf-8" />
  <meta name='ocr-system' content='tesseract 3.04.00' />
  <meta name='ocr-capabilities' content='ocr_page ocr_carea ocr_par ocr_line ocrx_word'/>
</head>
<body>
  <div class='ocr_page' id='page_1' title='image "./didacisaavedraef00saav_0129.png"; bbox 0 0 2132 3730; ppageno 0'>
   <div class='ocr_carea' id='block_1_1' title="bbox 0 376 6 1338">
    <p class='ocr_par' dir='ltr' id='par_1_1' title="bbox 0 376 6 1338">
     <span class='ocr_line' id='line_1_1' title="bbox 0 376 6 1338; baseline 0 0"><span class='ocrx_word' id='word_1_1' title='bbox 0 376 6 1338; x_wconf 95' lang='lat' dir='ltr'> </span> 
     </span>
    </p>
   </div>
   <div class='ocr_carea' id='block_1_2' title="bbox 468 205 1843 264">
    <p class='ocr_par' dir='ltr' id='par_1_2' title="bbox 468 205 1843 264">
     <span class='ocr_line' id='line_1_2' title="bbox 468 205 1843 264; baseline 0.005 -15"><span class='ocrx_word' id='word_1_2' title='bbox 468 205 1437 253; x_wconf 81' lang='lat' dir='ltr'><em>SYMBOLAPOLITICA.</em></span> <span class='ocrx_word' id='word_1_3' title='bbox 1765 226 1843 264; x_wconf 71' lang='lat'>109</span> 
     </span>
    </p>
   </div>
   <div class='ocr_carea' id='block_1_3' title="bbox 0 271 1861 1782">
    <p class='ocr_par' dir='ltr' id='par_1_3' title="bbox 0 271 1861 1782">
     <span class='ocr_line' id='line_1_3' title="bbox 0 271 1849 289; baseline 0.002 -7"><span class='ocrx_word' id='word_1_4' title='bbox 0 271 5 289; x_wconf 36' lang='lat'>1,</span> <span class='ocrx_word' id='word_1_5' title='bbox 314 271 823 285; x_wconf 33' lang='lat' dir='ltr'>ffl-—ff—</span> <span class='ocrx_word' id='word_1_6' title='bbox 1338 275 1849 286; x_wconf 53' lang='lat' dir='ltr'>—Q</span> 
     </span>
     <span class='ocr_line' id='line_1_4' title="bbox 0 289 1847 348; baseline 0.001 -13"><span class='ocrx_word' id='word_1_7' title='bbox 0 292 5 335; x_wconf 69' lang='lat'>³⁴,</span> <span class='ocrx_word' id='word_1_8' title='bbox 53 292 236 348; x_wconf 84' lang='lat' dir='ltr'>Princeps</span> <span class='ocrx_word' id='word_1_9' title='bbox 259 293 427 333; x_wconf 80' lang='lat' dir='ltr'>secularis</span> <span class='ocrx_word' id='word_1_10' title='bbox 454 292 492 331; x_wconf 89' lang='lat' dir='ltr'>id</span> <span class='ocrx_word' id='word_1_11' title='bbox 507 289 635 331; x_wconf 84' lang='lat' dir='ltr'>facere</span> <span class='ocrx_word' id='word_1_12' title='bbox 654 292 692 330; x_wconf 89' lang='lat' dir='ltr'>vi</span> <span class='ocrx_word' id='word_1_13' title='bbox 718 292 982 340; x_wconf 82' lang='lat' dir='ltr'>attentaverit,</span> <span class='ocrx_word' id='word_1_14' title='bbox 1014 293 1052 333; x_wconf 64' lang='grc' dir='ltr'>ὃς</span> <span class='ocrx_word' id='word_1_15' title='bbox 1078 293 1211 332; x_wconf 87' lang='lat' dir='ltr'>abusus</span> <span class='ocrx_word' id='word_1_16' title='bbox 1236 294 1292 333; x_wconf 91' lang='lat' dir='ltr'>isti</span> <span class='ocrx_word' id='word_1_17' title='bbox 1309 296 1411 347; x_wconf 85' lang='lat' dir='ltr'>apud</span> <span class='ocrx_word' id='word_1_18' title='bbox 1425 289 1583 335; x_wconf 75' lang='lat' dir='ltr'>&#39;plebem</span> <span class='ocrx_word' id='word_1_19' title='bbox 1605 298 1847 336; x_wconf 77' lang='lat' dir='ltr'>inveterave-</span> 
     </span>
     <span class='ocr_line' id='line_1_5' title="bbox 0 345 1845 408; baseline -0.001 -11"><span class='ocrx_word' id='word_1_20' title='bbox 0 345 1 349; x_wconf 11' lang='grc' dir='ltr'><strong>Ἰ</strong></span> <span class='ocrx_word' id='word_1_21' title='bbox 52 358 152 405; x_wconf 78' lang='lat' dir='ltr'>rint,</span> <span class='ocrx_word' id='word_1_22' title='bbox 180 355 261 397; x_wconf 86' lang='lat' dir='ltr'>haec</span> <span class='ocrx_word' id='word_1_23' title='bbox 285 350 375 392; x_wconf 89' lang='lat' dir='ltr'>illud</span> <span class='ocrx_word' id='word_1_24' title='bbox 396 353 582 405; x_wconf 86' lang='lat' dir='ltr'>impietati</span> <span class='ocrx_word' id='word_1_25' title='bbox 600 351 760 398; x_wconf 85' lang='lat' dir='ltr'>tribuet,</span> <span class='ocrx_word' id='word_1_26' title='bbox 791 351 828 390; x_wconf 84' lang='lat'>&amp;</span> <span class='ocrx_word' id='word_1_27' title='bbox 851 351 1106 392; x_wconf 85' lang='lat' dir='ltr'>sacerdotibus</span> <span class='ocrx_word' id='word_1_28' title='bbox 1135 353 1419 405; x_wconf 81' lang='lat' dir='ltr'>obtemperabit</span> <span class='ocrx_word' id='word_1_29' title='bbox 1439 355 1589 408; x_wconf 77' lang='lat' dir='ltr'>potius,</span> <span class='ocrx_word' id='word_1_30' title='bbox 1620 356 1733 408; x_wconf 75' lang='lat' dir='ltr'>quam</span> <span class='ocrx_word' id='word_1_31' title='bbox 1744 356 1845 395; x_wconf 87' lang='lat' dir='ltr'>Prin-</span> 
     </span>
     <span class='ocr_line' id='line_1_6' title="bbox 0 408 1846 469; baseline 0 -14"><span class='ocrx_word' id='word_1_32' title='bbox 0 430 2 461; x_wconf 72' lang='lat'>:</span> <span class='ocrx_word' id='word_1_33' title='bbox 51 417 152 469; x_wconf 69' lang='lat' dir='ltr'>cipi,⁸</span> <span class='ocrx_word' id='word_1_34' title='bbox 183 410 314 454; x_wconf 73' lang='lat' dir='ltr'>contra</span> <span class='ocrx_word' id='word_1_35' title='bbox 335 411 452 461; x_wconf 81' lang='lat' dir='ltr'>vero,</span> <span class='ocrx_word' id='word_1_36' title='bbox 483 412 511 451; x_wconf 77' lang='lat' dir='ltr'>si</span> <span class='ocrx_word' id='word_1_37' title='bbox 536 408 728 462; x_wconf 83' lang='lat' dir='ltr'>Populum</span> <span class='ocrx_word' id='word_1_38' title='bbox 745 411 843 450; x_wconf 87' lang='lat' dir='ltr'>inter</span> <span class='ocrx_word' id='word_1_39' title='bbox 864 412 901 450; x_wconf 69' lang='grc' dir='ltr'>ἃ</span> <span class='ocrx_word' id='word_1_40' title='bbox 921 411 1148 452; x_wconf 83' lang='lat' dir='ltr'>Sacerdotes</span> <span class='ocrx_word' id='word_1_41' title='bbox 1165 424 1244 451; x_wconf 91' lang='lat' dir='ltr'>non</span> <span class='ocrx_word' id='word_1_42' title='bbox 1265 417 1423 453; x_wconf 86' lang='lat' dir='ltr'>omnino</span> <span class='ocrx_word' id='word_1_43' title='bbox 1442 416 1588 466; x_wconf 73' lang='lat' dir='ltr'>optime</span> <span class='ocrx_word' id='word_1_44' title='bbox 1606 418 1846 465; x_wconf 85' lang='lat' dir='ltr'>convenerit,</span> 
     </span>
     <span class='ocr_line' id='line_1_7' title="bbox 51 469 1846 525; baseline -0.001 -8.028"><span class='ocrx_word' id='word_1_45' title='bbox 51 476 92 516; x_wconf 88' lang='lat'>&amp;</span> <span class='ocrx_word' id='word_1_46' title='bbox 117 476 179 515; x_wconf 86' lang='lat' dir='ltr'>ille</span> <span class='ocrx_word' id='word_1_47' title='bbox 192 472 332 512; x_wconf 87' lang='lat' dir='ltr'>viderit</span> <span class='ocrx_word' id='word_1_48' title='bbox 347 501 360 521; x_wconf 88' lang='lat'>,</span> <span class='ocrx_word' id='word_1_49' title='bbox 393 470 658 511; x_wconf 59' lang='lat' dir='ltr'>auctoritatem</span> <span class='ocrx_word' id='word_1_50' title='bbox 671 469 970 512; x_wconf 84' lang='lat' dir='ltr'>Ecclesiasticam</span> <span class='ocrx_word' id='word_1_51' title='bbox 989 472 1025 511; x_wconf 67' lang='grc' dir='ltr'>δε</span> <span class='ocrx_word' id='word_1_52' title='bbox 1040 471 1242 511; x_wconf 87' lang='lat' dir='ltr'>secularem</span> <span class='ocrx_word' id='word_1_53' title='bbox 1264 474 1360 512; x_wconf 86' lang='lat' dir='ltr'>inter</span> <span class='ocrx_word' id='word_1_54' title='bbox 1381 474 1418 513; x_wconf 88' lang='lat' dir='ltr'>se</span> <span class='ocrx_word' id='word_1_55' title='bbox 1436 474 1604 516; x_wconf 82' lang='lat' dir='ltr'>diffidere</span> <span class='ocrx_word' id='word_1_56' title='bbox 1619 505 1632 525; x_wconf 86' lang='lat'>,</span> <span class='ocrx_word' id='word_1_57' title='bbox 1664 477 1846 516; x_wconf 89' lang='lat' dir='ltr'>obedien-</span> 
     </span>
     <span class='ocr_line' id='line_1_8' title="bbox 0 530 1846 587; baseline 0 -11"><span class='ocrx_word' id='word_1_58' title='bbox 0 543 2 558; x_wconf 57' lang='lat'><em>*</em></span> <span class='ocrx_word' id='word_1_59' title='bbox 49 537 142 576; x_wconf 86' lang='lat' dir='ltr'>tiam</span> <span class='ocrx_word' id='word_1_60' title='bbox 164 532 336 583; x_wconf 86' lang='lat' dir='ltr'>abjiciet,</span> <span class='ocrx_word' id='word_1_61' title='bbox 367 531 405 572; x_wconf 89' lang='lat'>&amp;</span> <span class='ocrx_word' id='word_1_62' title='bbox 438 540 574 572; x_wconf 85' lang='lat' dir='ltr'>contra</span> <span class='ocrx_word' id='word_1_63' title='bbox 596 530 713 582; x_wconf 88' lang='lat' dir='ltr'>ipsam</span> <span class='ocrx_word' id='word_1_64' title='bbox 745 531 909 584; x_wconf 85' lang='lat' dir='ltr'>insurget</span> <span class='ocrx_word' id='word_1_65' title='bbox 937 532 1196 584; x_wconf 84' lang='lat' dir='ltr'>Religionem,</span> <span class='ocrx_word' id='word_1_66' title='bbox 1228 531 1415 572; x_wconf 83' lang='lat' dir='ltr'>declarata</span> <span class='ocrx_word' id='word_1_67' title='bbox 1439 535 1621 587; x_wconf 86' lang='lat' dir='ltr'>Principis</span> <span class='ocrx_word' id='word_1_68' title='bbox 1645 539 1846 576; x_wconf 82' lang='lat' dir='ltr'>voluntate</span> 
     </span>
     <span class='ocr_line' id='line_1_9' title="bbox 0 590 1847 651; baseline 0.001 -16"><span class='ocrx_word' id='word_1_69' title='bbox 0 611 6 651; x_wconf 59' lang='lat' dir='ltr'><em>g</em></span> <span class='ocrx_word' id='word_1_70' title='bbox 45 594 122 648; x_wconf 81' lang='lat' dir='ltr'>jam</span> <span class='ocrx_word' id='word_1_71' title='bbox 139 590 264 633; x_wconf 63' lang='lat' dir='ltr'>faetus</span> <span class='ocrx_word' id='word_1_72' title='bbox 288 591 488 641; x_wconf 85' lang='lat' dir='ltr'>audacior,</span> <span class='ocrx_word' id='word_1_73' title='bbox 518 591 556 632; x_wconf 90' lang='lat'>&amp;</span> <span class='ocrx_word' id='word_1_74' title='bbox 580 591 761 643; x_wconf 82' lang='lat' dir='ltr'>paulatim</span> <span class='ocrx_word' id='word_1_75' title='bbox 780 593 817 630; x_wconf 89' lang='lat' dir='ltr'>in</span> <span class='ocrx_word' id='word_1_76' title='bbox 844 604 927 632; x_wconf 88' lang='lat' dir='ltr'>eam</span> <span class='ocrx_word' id='word_1_77' title='bbox 949 593 1079 632; x_wconf 87' lang='lat' dir='ltr'>veniet</span> <span class='ocrx_word' id='word_1_78' title='bbox 1103 593 1350 642; x_wconf 83' lang='lat' dir='ltr'>opinionem,</span> <span class='ocrx_word' id='word_1_79' title='bbox 1381 593 1516 633; x_wconf 85' lang='lat' dir='ltr'>damna</span> <span class='ocrx_word' id='word_1_80' title='bbox 1547 595 1734 644; x_wconf 82' lang='lat' dir='ltr'>ejusmodi</span> <span class='ocrx_word' id='word_1_81' title='bbox 1755 609 1847 636; x_wconf 81' lang='lat' dir='ltr'>con-</span> 
     </span>
     <span class='ocr_line' id='line_1_10' title="bbox 3 650 1848 707; baseline 0.001 -11"><span class='ocrx_word' id='word_1_82' title='bbox 3 668 5 671; x_wconf 89' lang='lat'>·</span> <span class='ocrx_word' id='word_1_83' title='bbox 49 653 265 696; x_wconf 82' lang='lat' dir='ltr'>tentionum</span> <span class='ocrx_word' id='word_1_84' title='bbox 282 657 329 692; x_wconf 84' lang='lat' dir='ltr'>ad</span> <span class='ocrx_word' id='word_1_85' title='bbox 345 651 585 693; x_wconf 86' lang='lat' dir='ltr'>substantiam</span> <span class='ocrx_word' id='word_1_86' title='bbox 608 651 818 702; x_wconf 85' lang='lat' dir='ltr'>Religionis</span> <span class='ocrx_word' id='word_1_87' title='bbox 840 652 1051 703; x_wconf 80' lang='lat' dir='ltr'>pertinere3</span> <span class='ocrx_word' id='word_1_88' title='bbox 1080 663 1158 702; x_wconf 88' lang='lat' dir='ltr'>quo</span> <span class='ocrx_word' id='word_1_89' title='bbox 1182 650 1247 690; x_wconf 88' lang='lat' dir='ltr'>fiet</span> <span class='ocrx_word' id='word_1_90' title='bbox 1261 682 1273 701; x_wconf 92' lang='lat'>,</span> <span class='ocrx_word' id='word_1_91' title='bbox 1303 662 1346 692; x_wconf 88' lang='lat' dir='ltr'>ut</span> <span class='ocrx_word' id='word_1_92' title='bbox 1370 652 1471 693; x_wconf 84' lang='lat' dir='ltr'>facili</span> <span class='ocrx_word' id='word_1_93' title='bbox 1494 657 1652 707; x_wconf 86' lang='lat' dir='ltr'>negotio</span> <span class='ocrx_word' id='word_1_94' title='bbox 1681 658 1848 697; x_wconf 83' lang='lat' dir='ltr'>animum</span> 
     </span>
     <span class='ocr_line' id='line_1_11' title="bbox 3 705 1849 766; baseline 0.002 -13"><span class='ocrx_word' id='word_1_95' title='bbox 3 748 5 753; x_wconf 80' lang='grc'>,</span> <span class='ocrx_word' id='word_1_96' title='bbox 48 713 211 766; x_wconf 81' lang='lat' dir='ltr'>pariter,</span> <span class='ocrx_word' id='word_1_97' title='bbox 241 711 279 752; x_wconf 87' lang='lat'>&amp;</span> <span class='ocrx_word' id='word_1_98' title='bbox 309 705 408 753; x_wconf 89' lang='lat' dir='ltr'>illam</span> <span class='ocrx_word' id='word_1_99' title='bbox 424 714 615 753; x_wconf 89' lang='lat' dir='ltr'>immutet.</span> <span class='ocrx_word' id='word_1_100' title='bbox 674 711 806 762; x_wconf 88' lang='lat' dir='ltr'>Atque</span> <span class='ocrx_word' id='word_1_101' title='bbox 835 708 879 751; x_wconf 68' lang='lat' dir='ltr'>ea</span> <span class='ocrx_word' id='word_1_102' title='bbox 909 712 1077 758; x_wconf 83' lang='lat' dir='ltr'>ratione,</span> <span class='ocrx_word' id='word_1_103' title='bbox 1108 711 1137 750; x_wconf 82' lang='lat' dir='ltr'>sl</span> <span class='ocrx_word' id='word_1_104' title='bbox 1160 711 1341 764; x_wconf 84' lang='lat' dir='ltr'>Princeps</span> <span class='ocrx_word' id='word_1_105' title='bbox 1365 714 1494 753; x_wconf 88' lang='lat' dir='ltr'>litibus</span> <span class='ocrx_word' id='word_1_106' title='bbox 1518 714 1555 753; x_wconf 72' lang='grc' dir='ltr'>δε</span> <span class='ocrx_word' id='word_1_107' title='bbox 1577 717 1849 757; x_wconf 80' lang='lat' dir='ltr'>controversiis</span> 
     </span>
     <span class='ocr_line' id='line_1_12' title="bbox 49 770 1847 826; baseline 0.001 -13"><span class='ocrx_word' id='word_1_108' title='bbox 49 784 137 813; x_wconf 91' lang='lat' dir='ltr'>cum</span> <span class='ocrx_word' id='word_1_109' title='bbox 154 771 379 825; x_wconf 81' lang='lat' dir='ltr'>Magistratu</span> <span class='ocrx_word' id='word_1_110' title='bbox 401 771 689 818; x_wconf 85' lang='lat' dir='ltr'>Ecclefiastico;</span> <span class='ocrx_word' id='word_1_111' title='bbox 719 771 890 823; x_wconf 89' lang='lat' dir='ltr'>Populus</span> <span class='ocrx_word' id='word_1_112' title='bbox 916 770 1013 811; x_wconf 76' lang='lat' dir='ltr'>verb</span> <span class='ocrx_word' id='word_1_113' title='bbox 1034 775 1210 811; x_wconf 87' lang='lat' dir='ltr'>novitate</span> <span class='ocrx_word' id='word_1_114' title='bbox 1234 774 1461 824; x_wconf 84' lang='lat' dir='ltr'>opinionum</span> <span class='ocrx_word' id='word_1_115' title='bbox 1488 774 1703 826; x_wconf 85' lang='lat' dir='ltr'>implicatus</span> <span class='ocrx_word' id='word_1_116' title='bbox 1720 775 1847 825; x_wconf 78' lang='lat' dir='ltr'>suerit,</span> 
     </span>
     <span class='ocr_line' id='line_1_13' title="bbox 3 823 1850 884; baseline 0.001 -11"><span class='ocrx_word' id='word_1_117' title='bbox 3 823 6 877; x_wconf 62' lang='lat' dir='ltr'>J</span> <span class='ocrx_word' id='word_1_118' title='bbox 47 833 173 873; x_wconf 89' lang='lat' dir='ltr'>nullus</span> <span class='ocrx_word' id='word_1_119' title='bbox 189 832 307 884; x_wconf 79' lang='lat' dir='ltr'>porro</span> <span class='ocrx_word' id='word_1_120' title='bbox 337 833 451 873; x_wconf 88' lang='lat' dir='ltr'>rebus</span> <span class='ocrx_word' id='word_1_121' title='bbox 478 833 587 872; x_wconf 86' lang='lat' dir='ltr'>sacris</span> <span class='ocrx_word' id='word_1_122' title='bbox 609 831 813 871; x_wconf 84' lang='lat' dir='ltr'>habebitur</span> <span class='ocrx_word' id='word_1_123' title='bbox 835 832 983 878; x_wconf 83' lang='lat' dir='ltr'>honOS,</span> <span class='ocrx_word' id='word_1_124' title='bbox 1015 829 1052 869; x_wconf 86' lang='lat'>&amp;</span> <span class='ocrx_word' id='word_1_125' title='bbox 1081 842 1216 883; x_wconf 86' lang='lat' dir='ltr'>graves</span> <span class='ocrx_word' id='word_1_126' title='bbox 1239 833 1465 873; x_wconf 86' lang='lat' dir='ltr'>oborientur</span> <span class='ocrx_word' id='word_1_127' title='bbox 1490 844 1658 881; x_wconf 85' lang='lat' dir='ltr'>errores,</span> <span class='ocrx_word' id='word_1_128' title='bbox 1688 834 1850 875; x_wconf 67' lang='lat' dir='ltr'>confusa</span> 
     </span>
     <span class='ocr_line' id='line_1_14' title="bbox 46 889 1850 946; baseline 0.003 -14.884"><span class='ocrx_word' id='word_1_129' title='bbox 46 889 108 932; x_wconf 70' lang='lat' dir='ltr'>illa</span> <span class='ocrx_word' id='word_1_130' title='bbox 134 890 264 933; x_wconf 65' lang='lat' dir='ltr'>divina</span> <span class='ocrx_word' id='word_1_131' title='bbox 282 895 390 943; x_wconf 89' lang='lat' dir='ltr'>luce,</span> <span class='ocrx_word' id='word_1_132' title='bbox 424 905 509 945; x_wconf 80' lang='lat' dir='ltr'>quae</span> <span class='ocrx_word' id='word_1_133' title='bbox 538 889 780 932; x_wconf 87' lang='lat' dir='ltr'>collustrabat</span> <span class='ocrx_word' id='word_1_134' title='bbox 815 891 983 941; x_wconf 82' lang='lat' dir='ltr'>animos,</span> <span class='ocrx_word' id='word_1_135' title='bbox 1015 890 1053 930; x_wconf 88' lang='lat'>&amp;</span> <span class='ocrx_word' id='word_1_136' title='bbox 1082 892 1252 934; x_wconf 86' lang='lat' dir='ltr'>uniebat:</span> <span class='ocrx_word' id='word_1_137' title='bbox 1283 892 1386 933; x_wconf 88' lang='lat' dir='ltr'>unde</span> <span class='ocrx_word' id='word_1_138' title='bbox 1407 894 1616 934; x_wconf 87' lang='lat' dir='ltr'>multorum</span> <span class='ocrx_word' id='word_1_139' title='bbox 1633 894 1850 946; x_wconf 84' lang='lat' dir='ltr'>Principum</span> 
     </span>
     <span class='ocr_line' id='line_1_15' title="bbox 4 950 1851 1007; baseline 0.001 -15"><span class='ocrx_word' id='word_1_140' title='bbox 4 999 6 1003; x_wconf 91' lang='lat'>.</span> <span class='ocrx_word' id='word_1_141' title='bbox 48 953 246 1000; x_wconf 86' lang='lat' dir='ltr'>interitus,</span> <span class='ocrx_word' id='word_1_142' title='bbox 277 952 316 992; x_wconf 71' lang='grc' dir='ltr'>δε</span> <span class='ocrx_word' id='word_1_143' title='bbox 348 952 525 992; x_wconf 90' lang='lat' dir='ltr'>Statuum</span> <span class='ocrx_word' id='word_1_144' title='bbox 556 952 632 1005; x_wconf 69' lang='lat' dir='ltr'>(a)</span> <span class='ocrx_word' id='word_1_145' title='bbox 669 952 953 990; x_wconf 87' lang='lat' dir='ltr'>immutationes</span> <span class='ocrx_word' id='word_1_146' title='bbox 993 950 1093 990; x_wconf 85' lang='lat' dir='ltr'>nasci</span> <span class='ocrx_word' id='word_1_147' title='bbox 1124 952 1308 992; x_wconf 86' lang='lat' dir='ltr'>vidimus.</span> <span class='ocrx_word' id='word_1_148' title='bbox 1339 952 1485 1005; x_wconf 88' lang='lat' dir='ltr'>Magna</span> <span class='ocrx_word' id='word_1_149' title='bbox 1515 954 1717 1005; x_wconf 86' lang='lat' dir='ltr'>prudentia</span> <span class='ocrx_word' id='word_1_150' title='bbox 1751 966 1851 1007; x_wconf 88' lang='lat' dir='ltr'>opus</span> 
     </span>
     <span class='ocr_line' id='line_1_16' title="bbox 3 1010 1853 1066; baseline 0.002 -14"><span class='ocrx_word' id='word_1_151' title='bbox 3 1012 7 1026; x_wconf 76' lang='lat'>²</span> <span class='ocrx_word' id='word_1_152' title='bbox 47 1010 125 1061; x_wconf 88' lang='lat' dir='ltr'>est,</span> <span class='ocrx_word' id='word_1_153' title='bbox 155 1011 204 1052; x_wconf 88' lang='lat' dir='ltr'>ad</span> <span class='ocrx_word' id='word_1_154' title='bbox 223 1010 294 1053; x_wconf 79' lang='lat' dir='ltr'>rite</span> <span class='ocrx_word' id='word_1_155' title='bbox 324 1012 608 1065; x_wconf 80' lang='lat' dir='ltr'>gubernandam</span> <span class='ocrx_word' id='word_1_156' title='bbox 629 1012 667 1051; x_wconf 91' lang='lat' dir='ltr'>in</span> <span class='ocrx_word' id='word_1_157' title='bbox 690 1011 825 1050; x_wconf 85' lang='lat' dir='ltr'>talibus</span> <span class='ocrx_word' id='word_1_158' title='bbox 845 1011 1011 1050; x_wconf 87' lang='lat' dir='ltr'>materiis</span> <span class='ocrx_word' id='word_1_159' title='bbox 1027 1011 1331 1062; x_wconf 83' lang='lat' dir='ltr'>multitudinem,</span> <span class='ocrx_word' id='word_1_160' title='bbox 1359 1026 1447 1053; x_wconf 87' lang='lat' dir='ltr'>nam</span> <span class='ocrx_word' id='word_1_161' title='bbox 1468 1016 1548 1066; x_wconf 89' lang='lat' dir='ltr'>pari</span> <span class='ocrx_word' id='word_1_162' title='bbox 1567 1014 1767 1063; x_wconf 79' lang='lat' dir='ltr'>facilitate,</span> <span class='ocrx_word' id='word_1_163' title='bbox 1789 1025 1853 1055; x_wconf 87' lang='lat' dir='ltr'>aut</span> 
     </span>
     <span class='ocr_line' id='line_1_17' title="bbox 4 1069 1854 1126; baseline 0.002 -15"><span class='ocrx_word' id='word_1_164' title='bbox 4 1073 7 1092; x_wconf 82' lang='lat'><em>³</em></span> <span class='ocrx_word' id='word_1_165' title='bbox 48 1083 111 1112; x_wconf 85' lang='lat' dir='ltr'>eas</span> <span class='ocrx_word' id='word_1_166' title='bbox 135 1072 296 1125; x_wconf 90' lang='lat' dir='ltr'>spernit,</span> <span class='ocrx_word' id='word_1_167' title='bbox 329 1073 504 1124; x_wconf 86' lang='lat' dir='ltr'>&amp;impia</span> <span class='ocrx_word' id='word_1_168' title='bbox 524 1071 602 1120; x_wconf 78' lang='lat' dir='ltr'>est,-</span> <span class='ocrx_word' id='word_1_169' title='bbox 631 1079 696 1110; x_wconf 84' lang='lat' dir='ltr'>aut</span> <span class='ocrx_word' id='word_1_170' title='bbox 712 1071 850 1110; x_wconf 90' lang='lat' dir='ltr'>leviter</span> <span class='ocrx_word' id='word_1_171' title='bbox 875 1069 997 1111; x_wconf 90' lang='lat' dir='ltr'>credit</span> <span class='ocrx_word' id='word_1_172' title='bbox 1017 1070 1056 1111; x_wconf 88' lang='lat'>&amp;</span> <span class='ocrx_word' id='word_1_173' title='bbox 1086 1070 1337 1122; x_wconf 87' lang='lat' dir='ltr'>superstitiosa</span> <span class='ocrx_word' id='word_1_174' title='bbox 1375 1072 1449 1121; x_wconf 85' lang='lat' dir='ltr'>est;</span> <span class='ocrx_word' id='word_1_175' title='bbox 1480 1075 1587 1126; x_wconf 84' lang='lat' dir='ltr'>quod</span> <span class='ocrx_word' id='word_1_176' title='bbox 1618 1073 1854 1126; x_wconf 86' lang='lat' dir='ltr'>postremum</span> 
     </span>
     <span class='ocr_line' id='line_1_18' title="bbox 48 1131 1855 1187; baseline 0.001 -15"><span class='ocrx_word' id='word_1_177' title='bbox 48 1131 286 1184; x_wconf 82' lang='lat' dir='ltr'>frequentius</span> <span class='ocrx_word' id='word_1_178' title='bbox 306 1132 464 1180; x_wconf 80' lang='lat' dir='ltr'>accidit3</span> <span class='ocrx_word' id='word_1_179' title='bbox 493 1132 570 1184; x_wconf 89' lang='lat' dir='ltr'>ipsa</span> <span class='ocrx_word' id='word_1_180' title='bbox 591 1133 692 1171; x_wconf 88' lang='lat' dir='ltr'>enirn</span> <span class='ocrx_word' id='word_1_181' title='bbox 717 1140 898 1182; x_wconf 84' lang='lat' dir='ltr'>tanquam</span> <span class='ocrx_word' id='word_1_182' title='bbox 926 1131 1138 1185; x_wconf 87' lang='lat' dir='ltr'>imperitior</span> <span class='ocrx_word' id='word_1_183' title='bbox 1162 1131 1288 1183; x_wconf 89' lang='lat' dir='ltr'>specie</span> <span class='ocrx_word' id='word_1_184' title='bbox 1308 1133 1472 1184; x_wconf 77' lang='lat' dir='ltr'>religiosi</span> <span class='ocrx_word' id='word_1_185' title='bbox 1495 1136 1619 1174; x_wconf 89' lang='lat' dir='ltr'>cultus</span> <span class='ocrx_word' id='word_1_186' title='bbox 1646 1134 1683 1173; x_wconf 87' lang='lat'>&amp;</span> <span class='ocrx_word' id='word_1_187' title='bbox 1705 1136 1855 1187; x_wconf 85' lang='lat' dir='ltr'>opinio-</span> 
     </span>
     <span class='ocr_line' id='line_1_19' title="bbox 3 1188 1853 1243; baseline 0.003 -13"><span class='ocrx_word' id='word_1_188' title='bbox 3 1233 7 1239; x_wconf 28' lang='grc'><strong><em>4</em></strong></span> <span class='ocrx_word' id='word_1_189' title='bbox 47 1203 142 1231; x_wconf 84' lang='lat' dir='ltr'>num</span> <span class='ocrx_word' id='word_1_190' title='bbox 161 1201 338 1232; x_wconf 83' lang='lat' dir='ltr'>novitate</span> <span class='ocrx_word' id='word_1_191' title='bbox 357 1192 544 1232; x_wconf 81' lang='lat' dir='ltr'>continuo</span> <span class='ocrx_word' id='word_1_192' title='bbox 562 1192 732 1243; x_wconf 85' lang='lat' dir='ltr'>capitur,</span> <span class='ocrx_word' id='word_1_193' title='bbox 763 1188 852 1230; x_wconf 79' lang='lat' dir='ltr'>ante</span> <span class='ocrx_word' id='word_1_194' title='bbox 878 1191 994 1231; x_wconf 88' lang='lat' dir='ltr'>etiam</span> <span class='ocrx_word' id='word_1_195' title='bbox 1015 1189 1130 1242; x_wconf 69' lang='lat' dir='ltr'>quam</span> <span class='ocrx_word' id='word_1_196' title='bbox 1147 1190 1250 1232; x_wconf 59' lang='lat' dir='ltr'>resta</span> <span class='ocrx_word' id='word_1_197' title='bbox 1267 1195 1364 1232; x_wconf 90' lang='lat' dir='ltr'>ratio</span> <span class='ocrx_word' id='word_1_198' title='bbox 1387 1192 1452 1233; x_wconf 85' lang='lat' dir='ltr'>ista</span> <span class='ocrx_word' id='word_1_199' title='bbox 1470 1196 1598 1234; x_wconf 89' lang='lat' dir='ltr'>omnia</span> <span class='ocrx_word' id='word_1_200' title='bbox 1626 1194 1673 1233; x_wconf 88' lang='lat' dir='ltr'>ad</span> <span class='ocrx_word' id='word_1_201' title='bbox 1692 1206 1853 1235; x_wconf 85' lang='lat' dir='ltr'>examen</span> 
     </span>
     <span class='ocr_line' id='line_1_20' title="bbox 5 1249 1855 1306; baseline 0.003 -17"><span class='ocrx_word' id='word_1_202' title='bbox 5 1300 7 1306; x_wconf 15' lang='grc' dir='ltr'><em>Α</em></span> <span class='ocrx_word' id='word_1_203' title='bbox 49 1261 181 1292; x_wconf 90' lang='lat' dir='ltr'>vocet.</span> <span class='ocrx_word' id='word_1_204' title='bbox 241 1252 374 1302; x_wconf 87' lang='lat' dir='ltr'>Quare</span> <span class='ocrx_word' id='word_1_205' title='bbox 394 1251 600 1303; x_wconf 76' lang='lat' dir='ltr'>plurimum</span> <span class='ocrx_word' id='word_1_206' title='bbox 617 1249 755 1298; x_wconf 80' lang='lat' dir='ltr'>refert,</span> <span class='ocrx_word' id='word_1_207' title='bbox 788 1263 943 1290; x_wconf 89' lang='lat' dir='ltr'>onmem</span> <span class='ocrx_word' id='word_1_208' title='bbox 972 1251 1021 1290; x_wconf 90' lang='lat' dir='ltr'>illi</span> <span class='ocrx_word' id='word_1_209' title='bbox 1037 1253 1216 1302; x_wconf 89' lang='lat' dir='ltr'>paulatim</span> <span class='ocrx_word' id='word_1_210' title='bbox 1236 1253 1353 1293; x_wconf 84' lang='lat' dir='ltr'>ruinae</span> <span class='ocrx_word' id='word_1_211' title='bbox 1376 1254 1617 1294; x_wconf 78' lang='lat' dir='ltr'>occasionem</span> <span class='ocrx_word' id='word_1_212' title='bbox 1633 1254 1855 1306; x_wconf 75' lang='lat' dir='ltr'>praecidere‚</span> 
     </span>
     <span class='ocr_line' id='line_1_21' title="bbox 5 1310 1856 1365; baseline 0.003 -16"><span class='ocrx_word' id='word_1_213' title='bbox 5 1337 7 1358; x_wconf 56' lang='lat'>2</span> <span class='ocrx_word' id='word_1_214' title='bbox 49 1322 112 1350; x_wconf 90' lang='lat' dir='ltr'>eas</span> <span class='ocrx_word' id='word_1_215' title='bbox 137 1311 376 1361; x_wconf 87' lang='lat' dir='ltr'>cumprimis,</span> <span class='ocrx_word' id='word_1_216' title='bbox 408 1321 492 1361; x_wconf 65' lang='lat' dir='ltr'>quae</span> <span class='ocrx_word' id='word_1_217' title='bbox 510 1312 599 1349; x_wconf 89' lang='lat' dir='ltr'>oriri</span> <span class='ocrx_word' id='word_1_218' title='bbox 620 1311 741 1349; x_wconf 89' lang='lat' dir='ltr'>solent</span> <span class='ocrx_word' id='word_1_219' title='bbox 758 1321 807 1348; x_wconf 85' lang='lat' dir='ltr'>ex</span> <span class='ocrx_word' id='word_1_220' title='bbox 829 1310 1002 1349; x_wconf 88' lang='lat' dir='ltr'>inanibus</span> <span class='ocrx_word' id='word_1_221' title='bbox 1021 1311 1368 1363; x_wconf 85' lang='lat' dir='ltr'>disceptatiunculis</span> <span class='ocrx_word' id='word_1_222' title='bbox 1386 1313 1609 1354; x_wconf 84' lang='lat' dir='ltr'>demateriis</span> <span class='ocrx_word' id='word_1_223' title='bbox 1628 1314 1856 1365; x_wconf 85' lang='lat' dir='ltr'>quibusdam</span> 
     </span>
     <span class='ocr_line' id='line_1_22' title="bbox 5 1368 1857 1425; baseline 0.003 -16"><span class='ocrx_word' id='word_1_224' title='bbox 5 1378 8 1423; x_wconf 67' lang='lat' dir='ltr'>j</span> <span class='ocrx_word' id='word_1_225' title='bbox 47 1369 329 1417; x_wconf 86' lang='lat' dir='ltr'>subtilioribus,</span> <span class='ocrx_word' id='word_1_226' title='bbox 361 1381 498 1420; x_wconf 86' lang='lat' dir='ltr'>quaeve</span> <span class='ocrx_word' id='word_1_227' title='bbox 520 1368 567 1408; x_wconf 88' lang='lat' dir='ltr'>ad</span> <span class='ocrx_word' id='word_1_228' title='bbox 585 1369 830 1422; x_wconf 83' lang='lat' dir='ltr'>Religionem</span> <span class='ocrx_word' id='word_1_229' title='bbox 863 1369 955 1408; x_wconf 89' lang='lat' dir='ltr'>nihil</span> <span class='ocrx_word' id='word_1_230' title='bbox 981 1373 1140 1409; x_wconf 86' lang='lat' dir='ltr'>omnino</span> <span class='ocrx_word' id='word_1_231' title='bbox 1159 1381 1223 1410; x_wconf 88' lang='lat' dir='ltr'>aut</span> <span class='ocrx_word' id='word_1_232' title='bbox 1245 1384 1379 1423; x_wconf 89' lang='lat' dir='ltr'>parum</span> <span class='ocrx_word' id='word_1_233' title='bbox 1404 1373 1569 1422; x_wconf 84' lang='lat' dir='ltr'>faciunt,</span> <span class='ocrx_word' id='word_1_234' title='bbox 1600 1386 1680 1413; x_wconf 89' lang='lat' dir='ltr'>non</span> <span class='ocrx_word' id='word_1_235' title='bbox 1702 1377 1857 1425; x_wconf 85' lang='lat' dir='ltr'>permit-</span> 
     </span>
     <span class='ocr_line' id='line_1_23' title="bbox 5 1427 1858 1480; baseline 0.002 -11"><span class='ocrx_word' id='word_1_236' title='bbox 5 1439 8 1473; x_wconf 67' lang='lat'><em>}</em></span> <span class='ocrx_word' id='word_1_237' title='bbox 48 1428 193 1479; x_wconf 88' lang='lat' dir='ltr'>tendo,</span> <span class='ocrx_word' id='word_1_238' title='bbox 221 1438 265 1468; x_wconf 89' lang='lat' dir='ltr'>ut</span> <span class='ocrx_word' id='word_1_239' title='bbox 280 1438 346 1468; x_wconf 87' lang='lat' dir='ltr'>aut</span> <span class='ocrx_word' id='word_1_240' title='bbox 363 1427 618 1469; x_wconf 86' lang='lat' dir='ltr'>defendantur</span> <span class='ocrx_word' id='word_1_241' title='bbox 635 1457 648 1477; x_wconf 90' lang='lat'>,</span> <span class='ocrx_word' id='word_1_242' title='bbox 679 1437 744 1467; x_wconf 84' lang='lat' dir='ltr'>aut</span> <span class='ocrx_word' id='word_1_243' title='bbox 766 1429 869 1480; x_wconf 85' lang='lat' dir='ltr'>typis</span> <span class='ocrx_word' id='word_1_244' title='bbox 888 1429 1173 1480; x_wconf 69' lang='lat' dir='ltr'>imprimantur,</span> <span class='ocrx_word' id='word_1_245' title='bbox 1205 1432 1293 1470; x_wconf 90' lang='lat' dir='ltr'>alias</span> <span class='ocrx_word' id='word_1_246' title='bbox 1318 1434 1417 1473; x_wconf 78' lang='lat' dir='ltr'>enim</span> <span class='ocrx_word' id='word_1_247' title='bbox 1437 1431 1646 1473; x_wconf 87' lang='lat' dir='ltr'>multitudo</span> <span class='ocrx_word' id='word_1_248' title='bbox 1665 1434 1702 1472; x_wconf 87' lang='lat' dir='ltr'>in</span> <span class='ocrx_word' id='word_1_249' title='bbox 1731 1434 1858 1475; x_wconf 87' lang='lat' dir='ltr'>diver-</span> 
     </span>
     <span class='ocr_line' id='line_1_24' title="bbox 5 1487 1856 1542; baseline 0.002 -11"><span class='ocrx_word' id='word_1_250' title='bbox 5 1488 8 1531; x_wconf 79' lang='lat'>3&#39;</span> <span class='ocrx_word' id='word_1_251' title='bbox 45 1491 85 1531; x_wconf 85' lang='lat' dir='ltr'>sa</span> <span class='ocrx_word' id='word_1_252' title='bbox 102 1490 271 1530; x_wconf 89' lang='lat' dir='ltr'>trahetur</span> <span class='ocrx_word' id='word_1_253' title='bbox 294 1487 435 1536; x_wconf 85' lang='lat' dir='ltr'>studia,</span> <span class='ocrx_word' id='word_1_254' title='bbox 467 1488 506 1528; x_wconf 87' lang='lat'>&amp;</span> <span class='ocrx_word' id='word_1_255' title='bbox 522 1489 747 1541; x_wconf 90' lang='lat' dir='ltr'>opinionem</span> <span class='ocrx_word' id='word_1_256' title='bbox 762 1488 864 1528; x_wconf 89' lang='lat' dir='ltr'>suam</span> <span class='ocrx_word' id='word_1_257' title='bbox 880 1518 894 1537; x_wconf 88' lang='lat'>,</span> <span class='ocrx_word' id='word_1_258' title='bbox 924 1498 1103 1541; x_wconf 84' lang='lat' dir='ltr'>tanquam</span> <span class='ocrx_word' id='word_1_259' title='bbox 1124 1490 1173 1529; x_wconf 90' lang='lat' dir='ltr'>de</span> <span class='ocrx_word' id='word_1_260' title='bbox 1202 1489 1280 1531; x_wconf 91' lang='lat' dir='ltr'>fide</span> <span class='ocrx_word' id='word_1_261' title='bbox 1310 1491 1423 1542; x_wconf 84' lang='lat' dir='ltr'>effet,</span> <span class='ocrx_word' id='word_1_262' title='bbox 1453 1493 1623 1533; x_wconf 88' lang='lat' dir='ltr'>tuebitur</span> <span class='ocrx_word' id='word_1_263' title='bbox 1650 1493 1856 1534; x_wconf 89' lang='lat' dir='ltr'>mordicus.</span> 
     </span>
     <span class='ocr_line' id='line_1_25' title="bbox 6 1547 1858 1604; baseline 0.002 -15"><span class='ocrx_word' id='word_1_264' title='bbox 6 1593 8 1597; x_wconf 19' lang='lat' dir='ltr'>y</span> <span class='ocrx_word' id='word_1_265' title='bbox 48 1550 153 1603; x_wconf 75' lang='lat' dir='ltr'>Quae</span> <span class='ocrx_word' id='word_1_266' title='bbox 174 1560 234 1590; x_wconf 86' lang='lat' dir='ltr'>res</span> <span class='ocrx_word' id='word_1_267' title='bbox 249 1561 331 1588; x_wconf 86' lang='lat' dir='ltr'>non</span> <span class='ocrx_word' id='word_1_268' title='bbox 349 1550 517 1589; x_wconf 86' lang='lat' dir='ltr'>minores</span> <span class='ocrx_word' id='word_1_269' title='bbox 536 1548 665 1589; x_wconf 84' lang='lat' dir='ltr'>turbas</span> <span class='ocrx_word' id='word_1_270' title='bbox 683 1549 786 1588; x_wconf 90' lang='lat' dir='ltr'>ciere</span> <span class='ocrx_word' id='word_1_271' title='bbox 807 1547 954 1601; x_wconf 80' lang='lat' dir='ltr'>posset,</span> <span class='ocrx_word' id='word_1_272' title='bbox 984 1548 1098 1601; x_wconf 81' lang='lat' dir='ltr'>quam</span> <span class='ocrx_word' id='word_1_273' title='bbox 1116 1549 1192 1602; x_wconf 89' lang='lat' dir='ltr'>ipsa</span> <span class='ocrx_word' id='word_1_274' title='bbox 1212 1551 1460 1604; x_wconf 85' lang='lat' dir='ltr'>Religionum</span> <span class='ocrx_word' id='word_1_275' title='bbox 1483 1552 1681 1594; x_wconf 80' lang='lat' dir='ltr'>diversitas</span> <span class='ocrx_word' id='word_1_276' title='bbox 1698 1582 1710 1603; x_wconf 93' lang='lat'>,</span> <span class='ocrx_word' id='word_1_277' title='bbox 1733 1564 1798 1593; x_wconf 90' lang='lat' dir='ltr'>aut</span> <span class='ocrx_word' id='word_1_278' title='bbox 1814 1556 1858 1594; x_wconf 91' lang='lat' dir='ltr'>iis</span> 
     </span>
     <span class='ocr_line' id='line_1_26' title="bbox 5 1607 1859 1665; baseline 0.003 -17"><span class='ocrx_word' id='word_1_279' title='bbox 5 1651 9 1665; x_wconf 41' lang='grc' dir='ltr'>ι</span> <span class='ocrx_word' id='word_1_280' title='bbox 50 1610 174 1649; x_wconf 87' lang='lat' dir='ltr'>ansam</span> <span class='ocrx_word' id='word_1_281' title='bbox 197 1608 300 1653; x_wconf 79' lang='lat' dir='ltr'>dare.</span> <span class='ocrx_word' id='word_1_282' title='bbox 361 1607 516 1648; x_wconf 90' lang='lat' dir='ltr'>Eodem</span> <span class='ocrx_word' id='word_1_283' title='bbox 532 1607 708 1661; x_wconf 88' lang='lat' dir='ltr'>periculo</span> <span class='ocrx_word' id='word_1_284' title='bbox 733 1609 886 1650; x_wconf 88' lang='lat' dir='ltr'>territus</span> <span class='ocrx_word' id='word_1_285' title='bbox 913 1607 1090 1649; x_wconf 87' lang='lat' dir='ltr'>Tiberius</span> <span class='ocrx_word' id='word_1_286' title='bbox 1113 1611 1331 1650; x_wconf 87' lang='lat' dir='ltr'>concedere</span> <span class='ocrx_word' id='word_1_287' title='bbox 1347 1614 1496 1662; x_wconf 89' lang='lat' dir='ltr'>noluit,</span> <span class='ocrx_word' id='word_1_288' title='bbox 1527 1622 1570 1653; x_wconf 80' lang='lat' dir='ltr'>ut</span> <span class='ocrx_word' id='word_1_289' title='bbox 1596 1613 1680 1652; x_wconf 88' lang='lat' dir='ltr'>libri</span> <span class='ocrx_word' id='word_1_290' title='bbox 1707 1612 1859 1664; x_wconf 89' lang='lat' dir='ltr'>Sibylli-</span> 
     </span>
     <span class='ocr_line' id='line_1_27' title="bbox 6 1668 1858 1722; baseline 0.003 -13"><span class='ocrx_word' id='word_1_291' title='bbox 6 1677 9 1717; x_wconf 71' lang='grc' dir='ltr'>ἵ</span> <span class='ocrx_word' id='word_1_292' title='bbox 47 1671 88 1710; x_wconf 92' lang='lat' dir='ltr'>ni</span> <span class='ocrx_word' id='word_1_293' title='bbox 116 1668 191 1722; x_wconf 75' lang='lat' dir='ltr'>(b)</span> <span class='ocrx_word' id='word_1_294' title='bbox 223 1668 517 1721; x_wconf 88' lang='lat' dir='ltr'>inspicerentur,</span> <span class='ocrx_word' id='word_1_295' title='bbox 547 1679 715 1720; x_wconf 89' lang='lat' dir='ltr'>quorum</span> <span class='ocrx_word' id='word_1_296' title='bbox 745 1668 926 1709; x_wconf 88' lang='lat' dir='ltr'>vaticinia</span> <span class='ocrx_word' id='word_1_297' title='bbox 958 1670 1143 1708; x_wconf 88' lang='lat' dir='ltr'>tumultus</span> <span class='ocrx_word' id='word_1_298' title='bbox 1171 1672 1366 1711; x_wconf 90' lang='lat' dir='ltr'>concitare</span> <span class='ocrx_word' id='word_1_299' title='bbox 1391 1680 1593 1722; x_wconf 80' lang='lat' dir='ltr'>poterant3</span> <span class='ocrx_word' id='word_1_300' title='bbox 1624 1671 1664 1711; x_wconf 88' lang='lat'>&amp;</span> <span class='ocrx_word' id='word_1_301' title='bbox 1696 1674 1736 1712; x_wconf 90' lang='lat' dir='ltr'>in</span> <span class='ocrx_word' id='word_1_302' title='bbox 1764 1674 1858 1714; x_wconf 60' lang='lat' dir='ltr'>aslis</span> 
     </span>
     <span class='ocr_line' id='line_1_28' title="bbox 6 1725 1861 1782; baseline 0.003 -15"><span class='ocrx_word' id='word_1_303' title='bbox 6 1744 8 1767; x_wconf 88' lang='lat'>:</span> <span class='ocrx_word' id='word_1_304' title='bbox 48 1727 117 1782; x_wconf 73' lang='lat' dir='ltr'>(c)</span> <span class='ocrx_word' id='word_1_305' title='bbox 149 1727 427 1780; x_wconf 88' lang='lat' dir='ltr'>Apostolorum</span> <span class='ocrx_word' id='word_1_306' title='bbox 447 1729 635 1780; x_wconf 87' lang='lat' dir='ltr'>legimus,</span> <span class='ocrx_word' id='word_1_307' title='bbox 664 1727 782 1766; x_wconf 88' lang='lat' dir='ltr'>libros</span> <span class='ocrx_word' id='word_1_308' title='bbox 803 1728 880 1781; x_wconf 86' lang='lat' dir='ltr'>igni</span> <span class='ocrx_word' id='word_1_309' title='bbox 897 1725 1006 1767; x_wconf 88' lang='lat' dir='ltr'>fuisse</span> <span class='ocrx_word' id='word_1_310' title='bbox 1027 1726 1210 1778; x_wconf 85' lang='lat' dir='ltr'>traditos,</span> <span class='ocrx_word' id='word_1_311' title='bbox 1241 1730 1307 1780; x_wconf 93' lang='lat' dir='ltr'>qui</span> <span class='ocrx_word' id='word_1_312' title='bbox 1332 1742 1450 1770; x_wconf 88' lang='lat' dir='ltr'>vanas</span> <span class='ocrx_word' id='word_1_313' title='bbox 1472 1730 1708 1772; x_wconf 82' lang='lat' dir='ltr'>curiositates</span> <span class='ocrx_word' id='word_1_314' title='bbox 1737 1736 1861 1773; x_wconf 89' lang='lat' dir='ltr'>conti-</span> 
     </span>
    </p>
   </div>
   <div class='ocr_carea' id='block_1_4' title="bbox 58 275 313 287">
    <p class='ocr_par' dir='ltr' id='par_1_4' title="bbox 58 275 313 287">
     <span class='ocr_line' id='line_1_29' title="bbox 58 275 313 287; baseline 0 3443"><span class='ocrx_word' id='word_1_315' title='bbox 58 275 313 287; x_wconf 95' lang='lat' dir='ltr'> </span> 
     </span>
    </p>
   </div>
   <div class='ocr_carea' id='block_1_5' title="bbox 824 274 1081 281">
    <p class='ocr_par' dir='ltr' id='par_1_5' title="bbox 824 274 1081 281">
     <span class='ocr_line' id='line_1_30' title="bbox 824 274 1081 281; baseline 0 3449"><span class='ocrx_word' id='word_1_316' title='bbox 824 274 1081 281; x_wconf 95' lang='lat' dir='ltr'> </span> 
     </span>
    </p>
   </div>
   <div class='ocr_carea' id='block_1_6' title="bbox 1082 276 1335 283">
    <p class='ocr_par' dir='ltr' id='par_1_6' title="bbox 1082 276 1335 283">
     <span class='ocr_line' id='line_1_31' title="bbox 1082 276 1335 283; baseline 0 3447"><span class='ocrx_word' id='word_1_317' title='bbox 1082 276 1335 283; x_wconf 95' lang='lat' dir='ltr'> </span> 
     </span>
    </p>
   </div>
   <div class='ocr_carea' id='block_1_7' title="bbox 8 1798 197 1828">
    <p class='ocr_par' dir='ltr' id='par_1_7' title="bbox 8 1798 197 1828">
     <span class='ocr_line' id='line_1_32' title="bbox 8 1798 197 1828; baseline -0.016 1"><span class='ocrx_word' id='word_1_318' title='bbox 8 1810 9 1813; x_wconf 53' lang='lat'><em>*</em></span> <span class='ocrx_word' id='word_1_319' title='bbox 48 1798 197 1828; x_wconf 76' lang='lat' dir='ltr'><strong>nerent·</strong></span> 
     </span>
    </p>
   </div>
   <div class='ocr_carea' id='block_1_8' title="bbox 0 1334 30 3605">
    <p class='ocr_par' dir='ltr' id='par_1_8' title="bbox 0 1334 30 3605">
     <span class='ocr_line' id='line_1_33' title="bbox 0 1334 30 3605; baseline 0 0"><span class='ocrx_word' id='word_1_320' title='bbox 0 1334 30 3605; x_wconf 95' lang='lat' dir='ltr'> </span> 
     </span>
    </p>
   </div>
   <div class='ocr_carea' id='block_1_9' title="bbox 6 1842 1865 2968">
    <p class='ocr_par' dir='ltr' id='par_1_9' title="bbox 6 1842 1862 2679">
     <span class='ocr_line' id='line_1_34' title="bbox 6 1842 1862 1904; baseline 0.004 -20"><span class='ocrx_word' id='word_1_321' title='bbox 6 1878 9 1884; x_wconf 86' lang='lat'><strong>.</strong></span> <span class='ocrx_word' id='word_1_322' title='bbox 224 1845 260 1897; x_wconf 85' lang='lat'>§.</span> <span class='ocrx_word' id='word_1_323' title='bbox 291 1844 399 1885; x_wconf 91' lang='lat' dir='ltr'>Solet</span> <span class='ocrx_word' id='word_1_324' title='bbox 417 1845 590 1898; x_wconf 86' lang='lat' dir='ltr'>Populus</span> <span class='ocrx_word' id='word_1_325' title='bbox 611 1843 676 1883; x_wconf 88' lang='lat' dir='ltr'>sub</span> <span class='ocrx_word' id='word_1_326' title='bbox 698 1842 826 1895; x_wconf 85' lang='lat' dir='ltr'>specie</span> <span class='ocrx_word' id='word_1_327' title='bbox 839 1845 992 1896; x_wconf 88' lang='lat' dir='ltr'>pietatis</span> <span class='ocrx_word' id='word_1_328' title='bbox 1008 1844 1142 1886; x_wconf 76' lang='lat' dir='ltr'>misere</span> <span class='ocrx_word' id='word_1_329' title='bbox 1161 1845 1307 1899; x_wconf 86' lang='lat' dir='ltr'>decipi,</span> <span class='ocrx_word' id='word_1_330' title='bbox 1332 1846 1371 1888; x_wconf 88' lang='lat'>&amp;</span> <span class='ocrx_word' id='word_1_331' title='bbox 1392 1860 1501 1889; x_wconf 80' lang='lat' dir='ltr'>coeco</span> <span class='ocrx_word' id='word_1_332' title='bbox 1523 1850 1692 1902; x_wconf 86' lang='lat' dir='ltr'>quodam</span> <span class='ocrx_word' id='word_1_333' title='bbox 1714 1851 1862 1904; x_wconf 88' lang='lat' dir='ltr'>impetu</span> 
     </span>
     <span class='ocr_line' id='line_1_35' title="bbox 7 1900 1860 1963; baseline 0.002 -16"><span class='ocrx_word' id='word_1_334' title='bbox 7 1901 9 1939; x_wconf 77' lang='grc' dir='ltr'><strong><em>Ῑ</em></strong></span> <span class='ocrx_word' id='word_1_335' title='bbox 49 1905 126 1947; x_wconf 88' lang='lat' dir='ltr'>sese</span> <span class='ocrx_word' id='word_1_336' title='bbox 143 1904 284 1946; x_wconf 87' lang='lat' dir='ltr'>dedere</span> <span class='ocrx_word' id='word_1_337' title='bbox 306 1905 471 1944; x_wconf 90' lang='lat' dir='ltr'>cultibus</span> <span class='ocrx_word' id='word_1_338' title='bbox 487 1902 716 1954; x_wconf 83' lang='lat' dir='ltr'>quibusdam</span> <span class='ocrx_word' id='word_1_339' title='bbox 732 1900 995 1954; x_wconf 86' lang='lat' dir='ltr'>superstitiosis</span> <span class='ocrx_word' id='word_1_340' title='bbox 1023 1916 1111 1944; x_wconf 88' lang='lat' dir='ltr'>cum</span> <span class='ocrx_word' id='word_1_341' title='bbox 1133 1906 1372 1946; x_wconf 86' lang='lat' dir='ltr'>submiffione</span> <span class='ocrx_word' id='word_1_342' title='bbox 1388 1909 1540 1959; x_wconf 88' lang='lat' dir='ltr'>prorsus</span> <span class='ocrx_word' id='word_1_343' title='bbox 1558 1911 1759 1961; x_wconf 85' lang='lat' dir='ltr'>muliebri,</span> <span class='ocrx_word' id='word_1_344' title='bbox 1776 1923 1860 1963; x_wconf 79' lang='lat' dir='ltr'>quae</span> 
     </span>
     <span class='ocr_line' id='line_1_36' title="bbox 8 1959 1859 2018; baseline 0.003 -12"><span class='ocrx_word' id='word_1_345' title='bbox 8 1975 9 1978; x_wconf 75' lang='grc'>’</span> <span class='ocrx_word' id='word_1_346' title='bbox 49 1966 249 2006; x_wconf 82' lang='lat' dir='ltr'>hominem</span> <span class='ocrx_word' id='word_1_347' title='bbox 273 1963 594 2003; x_wconf 88' lang='lat' dir='ltr'>melancholicum</span> <span class='ocrx_word' id='word_1_348' title='bbox 612 1959 780 2000; x_wconf 87' lang='lat' dir='ltr'>reddunt</span> <span class='ocrx_word' id='word_1_349' title='bbox 806 1961 843 2000; x_wconf 86' lang='lat'>&amp;</span> <span class='ocrx_word' id='word_1_350' title='bbox 864 1961 1062 2012; x_wconf 85' lang='lat' dir='ltr'>timidum,</span> <span class='ocrx_word' id='word_1_351' title='bbox 1094 1963 1461 2018; x_wconf 85' lang='lat' dir='ltr'>&amp;imaginationum</span> <span class='ocrx_word' id='word_1_352' title='bbox 1480 1967 1629 2009; x_wconf 89' lang='lat' dir='ltr'>suarum</span> <span class='ocrx_word' id='word_1_353' title='bbox 1653 1972 1731 2009; x_wconf 91' lang='lat' dir='ltr'>vile</span> <span class='ocrx_word' id='word_1_354' title='bbox 1756 1983 1859 2011; x_wconf 73' lang='lat' dir='ltr'>man-</span> 
     </span>
     <span class='ocr_line' id='line_1_37' title="bbox 49 2020 1859 2078; baseline 0.004 -14"><span class='ocrx_word' id='word_1_355' title='bbox 49 2027 220 2077; x_wconf 90' lang='lat' dir='ltr'>cipium,</span> <span class='ocrx_word' id='word_1_356' title='bbox 249 2033 333 2074; x_wconf 83' lang='lat' dir='ltr'>quae</span> <span class='ocrx_word' id='word_1_357' title='bbox 358 2022 524 2061; x_wconf 89' lang='lat' dir='ltr'>animum</span> <span class='ocrx_word' id='word_1_358' title='bbox 544 2020 706 2060; x_wconf 75' lang='lat' dir='ltr'>simul&amp;</span> <span class='ocrx_word' id='word_1_359' title='bbox 722 2020 893 2072; x_wconf 82' lang='lat' dir='ltr'>spiritum</span> <span class='ocrx_word' id='word_1_360' title='bbox 919 2023 1165 2074; x_wconf 72' lang='lat' dir='ltr'>opprimunt,</span> <span class='ocrx_word' id='word_1_361' title='bbox 1192 2023 1416 2078; x_wconf 87' lang='lat' dir='ltr'>faciuntque</span> <span class='ocrx_word' id='word_1_362' title='bbox 1446 2039 1536 2068; x_wconf 90' lang='lat' dir='ltr'>eum</span> <span class='ocrx_word' id='word_1_363' title='bbox 1560 2030 1727 2070; x_wconf 90' lang='lat' dir='ltr'>otiosum</span> <span class='ocrx_word' id='word_1_364' title='bbox 1752 2031 1859 2070; x_wconf 78' lang='lat' dir='ltr'>soda—</span> 
     </span>
     <span class='ocr_line' id='line_1_38' title="bbox 49 2081 1861 2136; baseline 0.004 -13"><span class='ocrx_word' id='word_1_365' title='bbox 49 2084 130 2125; x_wconf 88' lang='lat' dir='ltr'>litia</span> <span class='ocrx_word' id='word_1_366' title='bbox 153 2084 282 2130; x_wconf 89' lang='lat' dir='ltr'>obire,</span> <span class='ocrx_word' id='word_1_367' title='bbox 312 2082 350 2121; x_wconf 84' lang='lat'>&amp;</span> <span class='ocrx_word' id='word_1_368' title='bbox 368 2093 506 2121; x_wconf 88' lang='lat' dir='ltr'>vacare</span> <span class='ocrx_word' id='word_1_369' title='bbox 522 2081 911 2132; x_wconf 79' lang='lat' dir='ltr'>peregrinationibus,</span> <span class='ocrx_word' id='word_1_370' title='bbox 928 2082 994 2121; x_wconf 93' lang='lat' dir='ltr'>ubi</span> <span class='ocrx_word' id='word_1_371' title='bbox 1009 2085 1117 2122; x_wconf 89' lang='lat' dir='ltr'>multi</span> <span class='ocrx_word' id='word_1_372' title='bbox 1137 2083 1233 2136; x_wconf 78' lang='lat' dir='ltr'>saepe</span> <span class='ocrx_word' id='word_1_373' title='bbox 1251 2086 1386 2126; x_wconf 90' lang='lat' dir='ltr'>abusus</span> <span class='ocrx_word' id='word_1_374' title='bbox 1404 2090 1722 2133; x_wconf 73' lang='lat' dir='ltr'>committuntur..</span> <span class='ocrx_word' id='word_1_375' title='bbox 1745 2090 1782 2130; x_wconf 89' lang='lat'>&amp;</span> <span class='ocrx_word' id='word_1_376' title='bbox 1804 2092 1861 2131; x_wconf 87' lang='lat' dir='ltr'>vi-</span> 
     </span>
     <span class='ocr_line' id='line_1_39' title="bbox 50 2139 1860 2198; baseline 0.003 -13"><span class='ocrx_word' id='word_1_377' title='bbox 50 2147 112 2185; x_wconf 87' lang='lat' dir='ltr'>tia.</span> <span class='ocrx_word' id='word_1_378' title='bbox 176 2142 365 2194; x_wconf 82' lang='lat' dir='ltr'>Imperitae</span> <span class='ocrx_word' id='word_1_379' title='bbox 381 2142 592 2193; x_wconf 78' lang='lat' dir='ltr'>plebeculae</span> <span class='ocrx_word' id='word_1_380' title='bbox 607 2139 802 2180; x_wconf 81' lang='lat' dir='ltr'>infirmitas</span> <span class='ocrx_word' id='word_1_381' title='bbox 834 2141 895 2180; x_wconf 90' lang='lat' dir='ltr'>illa</span> <span class='ocrx_word' id='word_1_382' title='bbox 923 2141 997 2190; x_wconf 89' lang='lat' dir='ltr'>est,</span> <span class='ocrx_word' id='word_1_383' title='bbox 1028 2155 1155 2194; x_wconf 88' lang='lat' dir='ltr'>neque</span> <span class='ocrx_word' id='word_1_384' title='bbox 1180 2157 1313 2195; x_wconf 86' lang='lat' dir='ltr'>parum</span> <span class='ocrx_word' id='word_1_385' title='bbox 1339 2147 1550 2198; x_wconf 85' lang='lat' dir='ltr'>periculosa</span> <span class='ocrx_word' id='word_1_386' title='bbox 1576 2151 1728 2189; x_wconf 85' lang='lat' dir='ltr'>veritati</span> <span class='ocrx_word' id='word_1_387' title='bbox 1756 2151 1860 2190; x_wconf 80' lang='lat' dir='ltr'>Reli·</span> 
     </span>
     <span class='ocr_line' id='line_1_40' title="bbox 8 2199 1858 2259; baseline 0.003 -15"><span class='ocrx_word' id='word_1_388' title='bbox 8 2214 10 2216; x_wconf 84' lang='lat'>·</span> <span class='ocrx_word' id='word_1_389' title='bbox 52 2205 197 2258; x_wconf 87' lang='lat' dir='ltr'>gionis,</span> <span class='ocrx_word' id='word_1_390' title='bbox 227 2202 266 2242; x_wconf 91' lang='lat'>&amp;</span> <span class='ocrx_word' id='word_1_391' title='bbox 287 2201 394 2241; x_wconf 88' lang='lat' dir='ltr'>saluti</span> <span class='ocrx_word' id='word_1_392' title='bbox 412 2201 602 2254; x_wconf 83' lang='lat' dir='ltr'>publicae,</span> <span class='ocrx_word' id='word_1_393' title='bbox 631 2199 751 2240; x_wconf 83' lang='lat' dir='ltr'>&amp;nisi</span> <span class='ocrx_word' id='word_1_394' title='bbox 779 2202 974 2254; x_wconf 91' lang='lat' dir='ltr'>principiis</span> <span class='ocrx_word' id='word_1_395' title='bbox 997 2206 1081 2254; x_wconf 90' lang='lat' dir='ltr'>quis</span> <span class='ocrx_word' id='word_1_396' title='bbox 1098 2203 1248 2254; x_wconf 89' lang='lat' dir='ltr'>obstet,</span> <span class='ocrx_word' id='word_1_397' title='bbox 1277 2208 1484 2259; x_wconf 85' lang='lat' dir='ltr'>gravissirna</span> <span class='ocrx_word' id='word_1_398' title='bbox 1511 2219 1615 2248; x_wconf 88' lang='lat' dir='ltr'>creat</span> <span class='ocrx_word' id='word_1_399' title='bbox 1641 2211 1858 2250; x_wconf 89' lang='lat' dir='ltr'>incommo-</span> 
     </span>
     <span class='ocr_line' id='line_1_41' title="bbox 54 2259 1861 2322; baseline 0.003 -18"><span class='ocrx_word' id='word_1_400' title='bbox 54 2263 101 2304; x_wconf 89' lang='lat' dir='ltr'>da</span> <span class='ocrx_word' id='word_1_401' title='bbox 120 2263 159 2304; x_wconf 89' lang='lat'>&amp;</span> <span class='ocrx_word' id='word_1_402' title='bbox 179 2262 368 2317; x_wconf 88' lang='lat' dir='ltr'>pericula:</span> <span class='ocrx_word' id='word_1_403' title='bbox 397 2273 486 2302; x_wconf 88' lang='lat' dir='ltr'>nam</span> <span class='ocrx_word' id='word_1_404' title='bbox 504 2259 667 2300; x_wconf 85' lang='lat' dir='ltr'>stultitiae</span> <span class='ocrx_word' id='word_1_405' title='bbox 685 2271 804 2313; x_wconf 87' lang='lat' dir='ltr'>genus</span> <span class='ocrx_word' id='word_1_406' title='bbox 824 2260 900 2310; x_wconf 91' lang='lat' dir='ltr'>est,</span> <span class='ocrx_word' id='word_1_407' title='bbox 932 2274 1018 2315; x_wconf 84' lang='lat' dir='ltr'>quae</span> <span class='ocrx_word' id='word_1_408' title='bbox 1039 2263 1105 2303; x_wconf 92' lang='lat' dir='ltr'>sub</span> <span class='ocrx_word' id='word_1_409' title='bbox 1126 2264 1252 2317; x_wconf 88' lang='lat' dir='ltr'>specie</span> <span class='ocrx_word' id='word_1_410' title='bbox 1274 2266 1368 2307; x_wconf 89' lang='lat' dir='ltr'>boni</span> <span class='ocrx_word' id='word_1_411' title='bbox 1389 2277 1534 2307; x_wconf 89' lang='lat' dir='ltr'>temere</span> <span class='ocrx_word' id='word_1_412' title='bbox 1553 2271 1792 2322; x_wconf 87' lang='lat' dir='ltr'>praecipitet,</span> <span class='ocrx_word' id='word_1_413' title='bbox 1822 2270 1861 2309; x_wconf 74' lang='grc' dir='ltr'>δε</span> 
     </span>
     <span class='ocr_line' id='line_1_42' title="bbox 54 2320 1859 2381; baseline 0.004 -19"><span class='ocrx_word' id='word_1_414' title='bbox 54 2334 177 2369; x_wconf 86' lang='lat' dir='ltr'>novas</span> <span class='ocrx_word' id='word_1_415' title='bbox 198 2320 439 2364; x_wconf 63' lang='lat' dir='ltr'>consectatur</span> <span class='ocrx_word' id='word_1_416' title='bbox 469 2321 681 2373; x_wconf 89' lang='lat' dir='ltr'>Religionis</span> <span class='ocrx_word' id='word_1_417' title='bbox 718 2322 947 2374; x_wconf 86' lang='lat' dir='ltr'>opiniones,</span> <span class='ocrx_word' id='word_1_418' title='bbox 975 2323 1016 2363; x_wconf 72' lang='grc' dir='ltr'>δε</span> <span class='ocrx_word' id='word_1_419' title='bbox 1051 2335 1150 2364; x_wconf 86' lang='lat' dir='ltr'>artes</span> <span class='ocrx_word' id='word_1_420' title='bbox 1187 2324 1408 2371; x_wconf 71' lang='lat' dir='ltr'>diabolicas,</span> <span class='ocrx_word' id='word_1_421' title='bbox 1469 2328 1658 2381; x_wconf 87' lang='lat' dir='ltr'>Religiosa</span> <span class='ocrx_word' id='word_1_422' title='bbox 1683 2329 1859 2381; x_wconf 86' lang='lat' dir='ltr'>quaedam</span> 
     </span>
     <span class='ocr_line' id='line_1_43' title="bbox 8 2379 1862 2442; baseline 0.003 -18"><span class='ocrx_word' id='word_1_423' title='bbox 8 2421 11 2429; x_wconf 93' lang='grc'>,</span> <span class='ocrx_word' id='word_1_424' title='bbox 54 2382 238 2435; x_wconf 65' lang='lat' dir='ltr'>subjefitio</span> <span class='ocrx_word' id='word_1_425' title='bbox 255 2383 357 2423; x_wconf 87' lang='lat' dir='ltr'>utilis</span> <span class='ocrx_word' id='word_1_426' title='bbox 377 2380 457 2433; x_wconf 90' lang='lat' dir='ltr'>est,</span> <span class='ocrx_word' id='word_1_427' title='bbox 487 2380 551 2421; x_wconf 90' lang='lat' dir='ltr'>sed</span> <span class='ocrx_word' id='word_1_428' title='bbox 573 2380 650 2421; x_wconf 87' lang='lat' dir='ltr'>fine</span> <span class='ocrx_word' id='word_1_429' title='bbox 669 2379 933 2433; x_wconf 88' lang='lat' dir='ltr'>superstitione</span> <span class='ocrx_word' id='word_1_430' title='bbox 955 2382 1103 2435; x_wconf 61' lang='lat' dir='ltr'>abjecta</span> <span class='ocrx_word' id='word_1_431' title='bbox 1125 2385 1163 2425; x_wconf 67' lang='grc' dir='ltr'>ἃ</span> <span class='ocrx_word' id='word_1_432' title='bbox 1191 2386 1344 2436; x_wconf 68' lang='lat' dir='ltr'>humili,</span> <span class='ocrx_word' id='word_1_433' title='bbox 1375 2389 1457 2427; x_wconf 88' lang='lat' dir='ltr'>talis</span> <span class='ocrx_word' id='word_1_434' title='bbox 1481 2387 1643 2440; x_wconf 87' lang='lat' dir='ltr'>scilicet,</span> <span class='ocrx_word' id='word_1_435' title='bbox 1675 2402 1759 2442; x_wconf 85' lang='lat' dir='ltr'>quae</span> <span class='ocrx_word' id='word_1_436' title='bbox 1785 2392 1862 2430; x_wconf 86' lang='lat' dir='ltr'>vir-</span> 
     </span>
     <span class='ocr_line' id='line_1_44' title="bbox 57 2440 1861 2497; baseline 0.004 -13"><span class='ocrx_word' id='word_1_437' title='bbox 57 2452 182 2484; x_wconf 89' lang='lat' dir='ltr'>tutem</span> <span class='ocrx_word' id='word_1_438' title='bbox 199 2444 238 2483; x_wconf 90' lang='lat' dir='ltr'>in</span> <span class='ocrx_word' id='word_1_439' title='bbox 254 2444 380 2495; x_wconf 89' lang='lat' dir='ltr'>pretio</span> <span class='ocrx_word' id='word_1_440' title='bbox 396 2443 558 2490; x_wconf 88' lang='lat' dir='ltr'>habeat,</span> <span class='ocrx_word' id='word_1_441' title='bbox 587 2440 626 2480; x_wconf 89' lang='lat'>&amp;</span> <span class='ocrx_word' id='word_1_442' title='bbox 646 2442 908 2494; x_wconf 86' lang='lat' dir='ltr'>perhorrescat</span> <span class='ocrx_word' id='word_1_443' title='bbox 935 2444 1071 2484; x_wconf 87' lang='lat' dir='ltr'>vitium</span> <span class='ocrx_word' id='word_1_444' title='bbox 1089 2474 1102 2492; x_wconf 89' lang='lat'>,</span> <span class='ocrx_word' id='word_1_445' title='bbox 1135 2458 1221 2497; x_wconf 86' lang='lat' dir='ltr'>quae</span> <span class='ocrx_word' id='word_1_446' title='bbox 1246 2445 1381 2488; x_wconf 84' lang='lat' dir='ltr'>statuat</span> <span class='ocrx_word' id='word_1_447' title='bbox 1398 2449 1570 2489; x_wconf 90' lang='lat' dir='ltr'>laborem</span> <span class='ocrx_word' id='word_1_448' title='bbox 1587 2449 1625 2490; x_wconf 71' lang='grc' dir='ltr'>δε</span> <span class='ocrx_word' id='word_1_449' title='bbox 1646 2450 1861 2491; x_wconf 86' lang='lat' dir='ltr'>obedienti·</span> 
     </span>
     <span class='ocr_line' id='line_1_45' title="bbox 59 2500 1862 2563; baseline 0.004 -21"><span class='ocrx_word' id='word_1_450' title='bbox 59 2515 121 2543; x_wconf 86' lang='lat' dir='ltr'>am</span> <span class='ocrx_word' id='word_1_451' title='bbox 139 2502 288 2555; x_wconf 86' lang='lat' dir='ltr'>majoris</span> <span class='ocrx_word' id='word_1_452' title='bbox 314 2500 388 2544; x_wconf 86' lang='lat' dir='ltr'>effe</span> <span class='ocrx_word' id='word_1_453' title='bbox 414 2501 517 2555; x_wconf 91' lang='lat' dir='ltr'>apud</span> <span class='ocrx_word' id='word_1_454' title='bbox 536 2501 667 2542; x_wconf 88' lang='lat' dir='ltr'>Deum</span> <span class='ocrx_word' id='word_1_455' title='bbox 694 2502 732 2542; x_wconf 86' lang='lat'>&amp;</span> <span class='ocrx_word' id='word_1_456' title='bbox 748 2502 965 2555; x_wconf 89' lang='lat' dir='ltr'>Principem</span> <span class='ocrx_word' id='word_1_457' title='bbox 983 2507 1129 2555; x_wconf 89' lang='lat' dir='ltr'>meriti,</span> <span class='ocrx_word' id='word_1_458' title='bbox 1163 2505 1276 2560; x_wconf 66' lang='lat' dir='ltr'>quam</span> <span class='ocrx_word' id='word_1_459' title='bbox 1300 2510 1501 2549; x_wconf 81' lang='lat' dir='ltr'>societates</span> <span class='ocrx_word' id='word_1_460' title='bbox 1523 2509 1561 2548; x_wconf 87' lang='lat'>&amp;</span> <span class='ocrx_word' id='word_1_461' title='bbox 1588 2512 1862 2563; x_wconf 84' lang='lat' dir='ltr'>peregrinatio-</span> 
     </span>
     <span class='ocr_line' id='line_1_46' title="bbox 57 2561 1861 2622; baseline 0.004 -19"><span class='ocrx_word' id='word_1_462' title='bbox 57 2575 149 2613; x_wconf 88' lang='lat' dir='ltr'>nes,</span> <span class='ocrx_word' id='word_1_463' title='bbox 178 2561 330 2615; x_wconf 86' lang='lat' dir='ltr'>quando</span> <span class='ocrx_word' id='word_1_464' title='bbox 354 2561 541 2615; x_wconf 90' lang='lat' dir='ltr'>ejusmodi</span> <span class='ocrx_word' id='word_1_465' title='bbox 562 2563 744 2614; x_wconf 88' lang='lat' dir='ltr'>pietatem</span> <span class='ocrx_word' id='word_1_466' title='bbox 770 2565 974 2614; x_wconf 87' lang='lat' dir='ltr'>convivia,</span> <span class='ocrx_word' id='word_1_467' title='bbox 1003 2566 1155 2606; x_wconf 87' lang='lat' dir='ltr'>choreae</span> <span class='ocrx_word' id='word_1_468' title='bbox 1182 2568 1337 2610; x_wconf 86' lang='lat' dir='ltr'>&amp;lusus</span> <span class='ocrx_word' id='word_1_469' title='bbox 1371 2571 1628 2615; x_wconf 60' lang='lat' dir='ltr'>comitantum</span> <span class='ocrx_word' id='word_1_470' title='bbox 1658 2570 1861 2622; x_wconf 89' lang='lat' dir='ltr'>quomodo</span> 
     </span>
     <span class='ocr_line' id='line_1_47' title="bbox 58 2621 1210 2679; baseline 0.003 -14"><span class='ocrx_word' id='word_1_471' title='bbox 58 2623 233 2677; x_wconf 86' lang='lat' dir='ltr'>Populus</span> <span class='ocrx_word' id='word_1_472' title='bbox 256 2621 475 2663; x_wconf 73' lang='lat' dir='ltr'>Israeliticus</span> <span class='ocrx_word' id='word_1_473' title='bbox 493 2621 734 2665; x_wconf 86' lang='lat' dir='ltr'>dedicatione</span> <span class='ocrx_word' id='word_1_474' title='bbox 752 2623 863 2664; x_wconf 84' lang='lat' dir='ltr'>vituli</span> <span class='ocrx_word' id='word_1_475' title='bbox 894 2623 970 2679; x_wconf 68' lang='lat' dir='ltr'>(d)</span> <span class='ocrx_word' id='word_1_476' title='bbox 999 2624 1210 2668; x_wconf 65' lang='lat' dir='ltr'>factitabat.</span> 
     </span>
    </p>

    <p class='ocr_par' dir='ltr' id='par_1_10' title="bbox 12 2680 1865 2968">
     <span class='ocr_line' id='line_1_48' title="bbox 233 2680 1861 2743; baseline 0.004 -21"><span class='ocrx_word' id='word_1_477' title='bbox 233 2680 269 2733; x_wconf 85' lang='lat'>§.</span> <span class='ocrx_word' id='word_1_478' title='bbox 301 2681 423 2735; x_wconf 81' lang='lat' dir='ltr'>Quod</span> <span class='ocrx_word' id='word_1_479' title='bbox 453 2683 482 2723; x_wconf 85' lang='lat' dir='ltr'><strong>fi</strong></span> <span class='ocrx_word' id='word_1_480' title='bbox 507 2681 610 2723; x_wconf 75' lang='lat' dir='ltr'>forte</span> <span class='ocrx_word' id='word_1_481' title='bbox 630 2686 787 2737; x_wconf 90' lang='lat' dir='ltr'>coeperit</span> <span class='ocrx_word' id='word_1_482' title='bbox 806 2683 1013 2726; x_wconf 88' lang='lat' dir='ltr'>multitudo</span> <span class='ocrx_word' id='word_1_483' title='bbox 1037 2690 1077 2727; x_wconf 90' lang='lat' dir='ltr'>in</span> <span class='ocrx_word' id='word_1_484' title='bbox 1096 2689 1211 2727; x_wconf 88' lang='lat' dir='ltr'>rebus</span> <span class='ocrx_word' id='word_1_485' title='bbox 1235 2686 1282 2727; x_wconf 87' lang='lat' dir='ltr'>ad</span> <span class='ocrx_word' id='word_1_486' title='bbox 1298 2689 1539 2741; x_wconf 86' lang='lat' dir='ltr'>Religionem</span> <span class='ocrx_word' id='word_1_487' title='bbox 1557 2689 1861 2743; x_wconf 86' lang='lat' dir='ltr'>pertinentibus,</span> 
     </span>
     <span class='ocr_line' id='line_1_49' title="bbox 58 2740 1863 2798; baseline 0.003 -14"><span class='ocrx_word' id='word_1_488' title='bbox 58 2742 218 2785; x_wconf 81' lang='lat' dir='ltr'>nimium</span> <span class='ocrx_word' id='word_1_489' title='bbox 244 2740 318 2781; x_wconf 90' lang='lat' dir='ltr'>suae</span> <span class='ocrx_word' id='word_1_490' title='bbox 343 2743 510 2783; x_wconf 90' lang='lat' dir='ltr'>tribuere</span> <span class='ocrx_word' id='word_1_491' title='bbox 531 2744 728 2794; x_wconf 89' lang='lat' dir='ltr'>opinioni,</span> <span class='ocrx_word' id='word_1_492' title='bbox 759 2744 797 2785; x_wconf 89' lang='lat'>&amp;</span> <span class='ocrx_word' id='word_1_493' title='bbox 830 2746 1024 2785; x_wconf 85' lang='lat' dir='ltr'>novitates</span> <span class='ocrx_word' id='word_1_494' title='bbox 1042 2747 1081 2788; x_wconf 91' lang='lat' dir='ltr'>in</span> <span class='ocrx_word' id='word_1_495' title='bbox 1106 2748 1205 2788; x_wconf 84' lang='lat' dir='ltr'>illam</span> <span class='ocrx_word' id='word_1_496' title='bbox 1226 2750 1393 2789; x_wconf 89' lang='lat' dir='ltr'>voluerit</span> <span class='ocrx_word' id='word_1_497' title='bbox 1420 2748 1686 2798; x_wconf 84' lang='lat' dir='ltr'>introducere,</span> <span class='ocrx_word' id='word_1_498' title='bbox 1717 2759 1863 2789; x_wconf 80' lang='lat' dir='ltr'>extem-</span> 
     </span>
     <span class='ocr_line' id='line_1_50' title="bbox 60 2800 1865 2863; baseline 0.004 -21"><span class='ocrx_word' id='word_1_499' title='bbox 60 2802 128 2856; x_wconf 79' lang='lat' dir='ltr'>plo</span> <span class='ocrx_word' id='word_1_500' title='bbox 148 2801 358 2856; x_wconf 89' lang='lat' dir='ltr'>parandum</span> <span class='ocrx_word' id='word_1_501' title='bbox 374 2800 428 2841; x_wconf 90' lang='lat' dir='ltr'>est</span> <span class='ocrx_word' id='word_1_502' title='bbox 449 2802 682 2853; x_wconf 85' lang='lat' dir='ltr'>remedium,</span> <span class='ocrx_word' id='word_1_503' title='bbox 712 2804 750 2844; x_wconf 88' lang='lat'>&amp;</span> <span class='ocrx_word' id='word_1_504' title='bbox 776 2806 874 2845; x_wconf 88' lang='lat' dir='ltr'>mala</span> <span class='ocrx_word' id='word_1_505' title='bbox 889 2805 1065 2847; x_wconf 90' lang='lat' dir='ltr'>sementis</span> <span class='ocrx_word' id='word_1_506' title='bbox 1092 2808 1270 2847; x_wconf 86' lang='lat' dir='ltr'>radicitus</span> <span class='ocrx_word' id='word_1_507' title='bbox 1292 2810 1513 2859; x_wconf 85' lang='lat' dir='ltr'>evellenda,</span> <span class='ocrx_word' id='word_1_508' title='bbox 1543 2810 1757 2863; x_wconf 85' lang='lat' dir='ltr'>priusquam</span> <span class='ocrx_word' id='word_1_509' title='bbox 1783 2820 1865 2849; x_wconf 87' lang='lat' dir='ltr'>cre·</span> 
     </span>
     <span class='ocr_line' id='line_1_51' title="bbox 12 2861 1863 2923; baseline 0.002 -18"><span class='ocrx_word' id='word_1_510' title='bbox 12 2879 14 2906; x_wconf 81' lang='lat'>3</span> <span class='ocrx_word' id='word_1_511' title='bbox 60 2863 159 2913; x_wconf 88' lang='lat' dir='ltr'>scat,</span> <span class='ocrx_word' id='word_1_512' title='bbox 188 2861 226 2902; x_wconf 86' lang='lat'>&amp;</span> <span class='ocrx_word' id='word_1_513' title='bbox 242 2861 365 2914; x_wconf 88' lang='lat' dir='ltr'>serpat</span> <span class='ocrx_word' id='word_1_514' title='bbox 384 2862 554 2916; x_wconf 68' lang='lat' dir='ltr'>longitis,</span> <span class='ocrx_word' id='word_1_515' title='bbox 581 2873 626 2904; x_wconf 89' lang='lat' dir='ltr'>ut</span> <span class='ocrx_word' id='word_1_516' title='bbox 642 2864 826 2905; x_wconf 88' lang='lat' dir='ltr'>coalescat</span> <span class='ocrx_word' id='word_1_517' title='bbox 844 2867 883 2905; x_wconf 92' lang='lat' dir='ltr'>in</span> <span class='ocrx_word' id='word_1_518' title='bbox 898 2877 1039 2919; x_wconf 88' lang='lat' dir='ltr'>corpus</span> <span class='ocrx_word' id='word_1_519' title='bbox 1055 2869 1252 2921; x_wconf 88' lang='lat' dir='ltr'>potentius</span> <span class='ocrx_word' id='word_1_520' title='bbox 1265 2870 1346 2921; x_wconf 89' lang='lat' dir='ltr'>ipso</span> <span class='ocrx_word' id='word_1_521' title='bbox 1365 2870 1564 2923; x_wconf 87' lang='lat' dir='ltr'>Principe,</span> <span class='ocrx_word' id='word_1_522' title='bbox 1594 2880 1728 2911; x_wconf 84' lang='lat' dir='ltr'>contra</span> <span class='ocrx_word' id='word_1_523' title='bbox 1746 2881 1863 2922; x_wconf 90' lang='lat' dir='ltr'>quem</span> 
     </span>
     <span class='ocr_line' id='line_1_52' title="bbox 13 2925 1862 2968; baseline 0.002 -4"><span class='ocrx_word' id='word_1_524' title='bbox 13 2942 15 2952; x_wconf 62' lang='lat'><strong>⁴</strong></span> <span class='ocrx_word' id='word_1_525' title='bbox 870 2925 905 2965; x_wconf 94' lang='lat' dir='ltr'>E</span> <span class='ocrx_word' id='word_1_526' title='bbox 934 2938 956 2964; x_wconf 87' lang='lat' dir='ltr'>e</span> <span class='ocrx_word' id='word_1_527' title='bbox 1798 2929 1862 2968; x_wconf 78' lang='lat' dir='ltr'>de.-</span> 
     </span>
    </p>
   </div>
   <div class='ocr_carea' id='block_1_10' title="bbox 61 3017 316 3028">
    <p class='ocr_par' dir='ltr' id='par_1_11' title="bbox 61 3017 316 3028">
     <span class='ocr_line' id='line_1_53' title="bbox 61 3017 316 3028; baseline 0 702"><span class='ocrx_word' id='word_1_528' title='bbox 61 3017 316 3028; x_wconf 95' lang='lat' dir='ltr'> </span> 
     </span>
    </p>
   </div>
   <div class='ocr_carea' id='block_1_11' title="bbox 319 3017 572 3024">
    <p class='ocr_par' dir='ltr' id='par_1_12' title="bbox 319 3017 572 3024">
     <span class='ocr_line' id='line_1_54' title="bbox 319 3017 572 3024; baseline 0 0"><span class='ocrx_word' id='word_1_529' title='bbox 319 3017 572 3024; x_wconf 95' lang='lat' dir='ltr'> </span> 
     </span>
    </p>
   </div>
   <div class='ocr_carea' id='block_1_12' title="bbox 573 3014 824 3026">
    <p class='ocr_par' dir='ltr' id='par_1_13' title="bbox 573 3014 824 3026">
     <span class='ocr_line' id='line_1_55' title="bbox 573 3014 824 3026; baseline 0 704"><span class='ocrx_word' id='word_1_530' title='bbox 573 3014 824 3026; x_wconf 95' lang='lat' dir='ltr'> </span> 
     </span>
    </p>
   </div>
   <div class='ocr_carea' id='block_1_13' title="bbox 828 3017 1083 3028">
    <p class='ocr_par' dir='ltr' id='par_1_14' title="bbox 828 3017 1083 3028">
     <span class='ocr_line' id='line_1_56' title="bbox 828 3017 1083 3028; baseline 0 702"><span class='ocrx_word' id='word_1_531' title='bbox 828 3017 1083 3028; x_wconf 95' lang='lat' dir='ltr'> </span> 
     </span>
    </p>
   </div>
   <div class='ocr_carea' id='block_1_14' title="bbox 1090 3018 1344 3027">
    <p class='ocr_par' dir='ltr' id='par_1_15' title="bbox 1090 3018 1344 3027">
     <span class='ocr_line' id='line_1_57' title="bbox 1090 3018 1344 3027; baseline 0 703"><span class='ocrx_word' id='word_1_532' title='bbox 1090 3018 1344 3027; x_wconf 95' lang='lat' dir='ltr'> </span> 
     </span>
    </p>
   </div>
   <div class='ocr_carea' id='block_1_15' title="bbox 1350 3021 1605 3029">
    <p class='ocr_par' dir='ltr' id='par_1_16' title="bbox 1350 3021 1605 3029">
     <span class='ocr_line' id='line_1_58' title="bbox 1350 3021 1605 3029; baseline 0 701"><span class='ocrx_word' id='word_1_533' title='bbox 1350 3021 1605 3029; x_wconf 95' lang='lat' dir='ltr'> </span> 
     </span>
    </p>
   </div>
   <div class='ocr_carea' id='block_1_16' title="bbox 1607 3021 1861 3029">
    <p class='ocr_par' dir='ltr' id='par_1_17' title="bbox 1607 3021 1861 3029">
     <span class='ocr_line' id='line_1_59' title="bbox 1607 3021 1861 3029; baseline 0 701"><span class='ocrx_word' id='word_1_534' title='bbox 1607 3021 1861 3029; x_wconf 95' lang='lat' dir='ltr'> </span> 
     </span>
    </p>
   </div>
   <div class='ocr_carea' id='block_1_17' title="bbox 12 3067 1864 3330">
    <p class='ocr_par' dir='ltr' id='par_1_18' title="bbox 12 3067 1864 3330">
     <span class='ocr_line' id='line_1_60' title="bbox 168 3067 1863 3123; baseline 0.002 -19"><span class='ocrx_word' id='word_1_535' title='bbox 168 3071 225 3115; x_wconf 63' lang='grc' dir='ltr'>(ἃ)</span> <span class='ocrx_word' id='word_1_536' title='bbox 252 3068 358 3104; x_wconf 75' lang='lat' dir='ltr'>Nulla</span> <span class='ocrx_word' id='word_1_537' title='bbox 380 3082 435 3105; x_wconf 80' lang='lat' dir='ltr'>res</span> <span class='ocrx_word' id='word_1_538' title='bbox 462 3067 729 3106; x_wconf 73' lang='lat' dir='ltr'>multitudinem</span> <span class='ocrx_word' id='word_1_539' title='bbox 748 3069 913 3119; x_wconf 73' lang='lat' dir='ltr'>efficacius</span> <span class='ocrx_word' id='word_1_540' title='bbox 933 3071 1050 3123; x_wconf 52' lang='lat' dir='ltr'>‘regim</span> <span class='ocrx_word' id='word_1_541' title='bbox 1076 3082 1182 3122; x_wconf 74' lang='lat' dir='ltr'>quam</span> <span class='ocrx_word' id='word_1_542' title='bbox 1195 3070 1404 3123; x_wconf 65' lang='lat' dir='ltr'>fitpersss&#39;liO.</span> <span class='ocrx_word' id='word_1_543' title='bbox 1431 3072 1591 3110; x_wconf 75' lang='lat' dir='ltr'>Curtius.</span> <span class='ocrx_word' id='word_1_544' title='bbox 1641 3072 1701 3118; x_wconf 80' lang='lat' dir='ltr'>(b)</span> <span class='ocrx_word' id='word_1_545' title='bbox 1730 3068 1863 3115; x_wconf 61' lang='lat' dir='ltr'>(fevs&#39;m&#39;t</span> 
     </span>
     <span class='ocr_line' id='line_1_61' title="bbox 12 3116 1862 3175; baseline 0.001 -19"><span class='ocrx_word' id='word_1_546' title='bbox 12 3142 15 3144; x_wconf 39' lang='lat' dir='ltr'>v</span> <span class='ocrx_word' id='word_1_547' title='bbox 64 3116 206 3167; x_wconf 80' lang='lat' dir='ltr'>Afinius</span> <span class='ocrx_word' id='word_1_548' title='bbox 235 3121 368 3161; x_wconf 72' lang='lat' dir='ltr'>Gallus,</span> <span class='ocrx_word' id='word_1_549' title='bbox 392 3130 435 3157; x_wconf 81' lang='lat' dir='ltr'>ut</span> <span class='ocrx_word' id='word_1_550' title='bbox 460 3119 543 3158; x_wconf 73' lang='lat' dir='ltr'>libri</span> <span class='ocrx_word' id='word_1_551' title='bbox 574 3119 722 3173; x_wconf 79' lang='lat' dir='ltr'>Sibyllini</span> <span class='ocrx_word' id='word_1_552' title='bbox 750 3122 960 3167; x_wconf 56' lang='lat' dir='ltr'>armentur,-</span> <span class='ocrx_word' id='word_1_553' title='bbox 984 3125 1104 3160; x_wconf 68' lang='lat' dir='ltr'>remtit</span> <span class='ocrx_word' id='word_1_554' title='bbox 1135 3121 1284 3160; x_wconf 61' lang='lat' dir='ltr'>&lt;liberius</span> <span class='ocrx_word' id='word_1_555' title='bbox 1299 3125 1443 3175; x_wconf 73' lang='lat' dir='ltr'>perinde</span> <span class='ocrx_word' id='word_1_556' title='bbox 1472 3123 1645 3162; x_wconf 68' lang='lat' dir='ltr'>hamam,</span> <span class='ocrx_word' id='word_1_557' title='bbox 1668 3122 1862 3175; x_wconf 68' lang='lat' dir='ltr'>cli-vinaque</span> 
     </span>
     <span class='ocr_line' id='line_1_62' title="bbox 13 3169 1864 3228; baseline 0.003 -20"><span class='ocrx_word' id='word_1_558' title='bbox 13 3215 15 3218; x_wconf 14' lang='grc' dir='ltr'><em>Α</em></span> <span class='ocrx_word' id='word_1_559' title='bbox 65 3169 231 3221; x_wconf 74' lang='lat' dir='ltr'>obtegens.</span> <span class='ocrx_word' id='word_1_560' title='bbox 256 3172 373 3211; x_wconf 86' lang='lat' dir='ltr'>Tacit.</span> <span class='ocrx_word' id='word_1_561' title='bbox 394 3173 417 3211; x_wconf 89' lang='lat' dir='ltr'>l.</span> <span class='ocrx_word' id='word_1_562' title='bbox 447 3187 476 3210; x_wconf 90' lang='lat'>1.</span> <span class='ocrx_word' id='word_1_563' title='bbox 493 3174 622 3211; x_wconf 79' lang='lat' dir='ltr'>AnnaL</span> <span class='ocrx_word' id='word_1_564' title='bbox 673 3177 730 3217; x_wconf 91' lang='lat' dir='ltr'>(c)</span> <span class='ocrx_word' id='word_1_565' title='bbox 757 3174 872 3211; x_wconf 76' lang='lat' dir='ltr'>Multi</span> <span class='ocrx_word' id='word_1_566' title='bbox 891 3186 1011 3213; x_wconf 79' lang='lat' dir='ltr'>autem</span> <span class='ocrx_word' id='word_1_567' title='bbox 1032 3190 1078 3212; x_wconf 77' lang='lat' dir='ltr'>ex</span> <span class='ocrx_word' id='word_1_568' title='bbox 1094 3177 1142 3212; x_wconf 85' lang='lat' dir='ltr'>eis</span> <span class='ocrx_word' id='word_1_569' title='bbox 1157 3201 1166 3216; x_wconf 86' lang='lat'>‚</span> <span class='ocrx_word' id='word_1_570' title='bbox 1191 3173 1414 3228; x_wconf 58' lang='lat' dir='ltr'>quis-sterant</span> <span class='ocrx_word' id='word_1_571' title='bbox 1433 3174 1718 3222; x_wconf 56' lang='lat' dir='ltr'>cztae‘ioffific‘t&#39;ati,</span> <span class='ocrx_word' id='word_1_572' title='bbox 1748 3185 1864 3210; x_wconf 66' lang='lat' dir='ltr'>comt&lt;-</span> 
     </span>
     <span class='ocr_line' id='line_1_63' title="bbox 65 3220 1863 3280; baseline 0.002 -20"><span class='ocrx_word' id='word_1_573' title='bbox 65 3223 182 3260; x_wconf 79' lang='lat' dir='ltr'>lerunt</span> <span class='ocrx_word' id='word_1_574' title='bbox 199 3220 318 3266; x_wconf 86' lang='lat' dir='ltr'>libros,</span> <span class='ocrx_word' id='word_1_575' title='bbox 345 3225 392 3269; x_wconf 59' lang='grc' dir='ltr'>ὧν</span> <span class='ocrx_word' id='word_1_576' title='bbox 409 3222 652 3273; x_wconf 72' lang='lat' dir='ltr'>combtff’runt</span> <span class='ocrx_word' id='word_1_577' title='bbox 665 3239 781 3263; x_wconf 81' lang='lat' dir='ltr'>coram</span> <span class='ocrx_word' id='word_1_578' title='bbox 796 3225 959 3265; x_wconf 64' lang='lat' dir='ltr'>omnibus.</span> <span class='ocrx_word' id='word_1_579' title='bbox 988 3230 1028 3264; x_wconf 82' lang='lat' dir='ltr'>In</span> <span class='ocrx_word' id='word_1_580' title='bbox 1048 3229 1130 3266; x_wconf 70' lang='lat' dir='ltr'>Ast.</span> <span class='ocrx_word' id='word_1_581' title='bbox 1158 3229 1275 3277; x_wconf 85' lang='lat' dir='ltr'>Apost.</span> <span class='ocrx_word' id='word_1_582' title='bbox 1295 3241 1369 3278; x_wconf 77' lang='lat' dir='ltr'>cap.</span> <span class='ocrx_word' id='word_1_583' title='bbox 1401 3243 1457 3275; x_wconf 71' lang='lat'>19.</span> <span class='ocrx_word' id='word_1_584' title='bbox 1493 3241 1548 3274; x_wconf 77' lang='lat'>19.</span> <span class='ocrx_word' id='word_1_585' title='bbox 1601 3228 1661 3276; x_wconf 77' lang='lat' dir='ltr'>(d)</span> <span class='ocrx_word' id='word_1_586' title='bbox 1689 3226 1783 3264; x_wconf 76' lang='lat' dir='ltr'>Sedit</span> <span class='ocrx_word' id='word_1_587' title='bbox 1803 3237 1863 3280; x_wconf 61' lang='lat' dir='ltr'>lto²²</span> 
     </span>
     <span class='ocr_line' id='line_1_64' title="bbox 59 3273 1377 3330; baseline 0.007 -19"><span class='ocrx_word' id='word_1_588' title='bbox 59 3273 164 3330; x_wconf 70' lang='lat' dir='ltr'>palus</span> <span class='ocrx_word' id='word_1_589' title='bbox 178 3276 404 3320; x_wconf 71' lang='lat' dir='ltr'>manducare,</span> <span class='ocrx_word' id='word_1_590' title='bbox 430 3277 476 3322; x_wconf 52' lang='grc' dir='ltr'>ἄν</span> <span class='ocrx_word' id='word_1_591' title='bbox 502 3276 630 3320; x_wconf 71' lang='lat' dir='ltr'>bibere.</span> <span class='ocrx_word' id='word_1_592' title='bbox 656 3277 702 3322; x_wconf 56' lang='grc' dir='ltr'>εὖ*</span> <span class='ocrx_word' id='word_1_593' title='bbox 715 3277 951 3326; x_wconf 69' lang='lat' dir='ltr'>ficrrexerum</span> <span class='ocrx_word' id='word_1_594' title='bbox 968 3280 1096 3319; x_wconf 75' lang='lat' dir='ltr'>ludere.</span> <span class='ocrx_word' id='word_1_595' title='bbox 1128 3282 1239 3318; x_wconf 78' lang='lat' dir='ltr'>Exod.</span> <span class='ocrx_word' id='word_1_596' title='bbox 1264 3295 1322 3329; x_wconf 72' lang='lat'>32.</span> <span class='ocrx_word' id='word_1_597' title='bbox 1344 3287 1377 3320; x_wconf 77' lang='lat'>6·</span> 
     </span>
    </p>
   </div>
  </div>
 </body>
</html>
