2132 3730
460 211 1427 256 STMBOLAPOLJTICA.
1793 232 1871 270 131

74 311 134 340 tur
169 299 216 339 ad
242 306 392 346 ternpus
419 293 586 338 offensae,
647 294 728 346 Qui
750 291 851 332 illico
877 296 1063 335 ultionem
1087 305 1212 346 parat,
1243 301 1359 348 magis
1387 297 1552 348 paffione
1580 296 1667 337 duci
1692 299 1729 337 se
1755 300 1838 340 linit
1859 332 1873 351 ,

74 360 189 412 quam
207 359 367 397 honore.
428 353 633 394 Iracundiae
659 352 812 404 quidem
833 352 875 392 fit
896 354 999 403 sati33
1026 365 1063 394 at
1081 355 1295 406 divulgatur
1313 358 1473 408 amplius
1489 387 1500 405 ,
1530 357 1567 397 δε
1582 359 1800 408 publicatur
1818 361 1874 397 in-

75 417 197 458 famia.
257 412 295 452 O
321 414 473 464 quoties
501 413 679 465 profusus
695 412 838 465 sanguis
856 415 1006 454 rubrica
1028 414 1122 463 fuit,
1154 425 1227 464 qua
1251 417 1577 456 conscriberentur
1594 417 1757 468 injuriae!
1778 430 1876 469 quo-

73 479 142 517 ties
161 477 198 515 in
217 472 298 525 ipso
315 472 548 514 offendentis
578 473 689 512 vultu
715 475 938 514 vulneribus
965 474 1119 513 conciso
1145 473 1272 526 legere
1287 476 1394 514 licuit
1423 477 1664 516 cicatricibus
1697 477 1799 529 quasi
1833 479 1874 518 li-

70 537 158 577 teris
181 532 407 585 quibusdam
426 543 617 573 exaratam
650 531 785 573 offensi
812 532 1020 573 infamiam!
1050 533 1195 585 Saepius
1229 533 1425 583 vindicta,
1450 534 1563 586 quam
1589 536 1876 578 dissimulatione

73 592 292 646 deperditus
315 592 389 632 fuit
407 593 553 634 honos:
584 594 666 633 haec
684 593 923 633 oblivionem
948 593 1112 641 inducit,
1142 595 1205 632 illa
1229 596 1475 641 memoriam3
1504 598 1698 647 magisque
1723 599 1763 637 in
1787 610 1877 639 eum

0 644 4 693 ξ’
70 653 296 704 conjicimus
327 654 484 703 oculos,
516 655 579 706 qui
609 653 781 692 iniuriam
807 655 977 705 accepit,
1008 651 1121 704 quain
1138 653 1202 704 qui
1224 654 1410 693 ultionem
1434 652 1613 694 sustinuit.
1677 656 1757 709 Qui
1788 669 1876 711 pru-

0 716 1 726 *
69 713 161 754 dens
180 712 339 753 honoris
365 713 418 753 sui
433 712 633 753 aestimator
657 711 729 761 est,
761 715 799 752 in
816 714 964 752 bilance
985 724 1075 752 eum
1093 712 1250 764 pendit,
1281 725 1325 754 ac
1346 713 1457 753 librat
1481 726 1570 752 cum
1590 714 1782 767 vindicta,
1814 719 1876 758 cui

27 798 30 799 ν
66 775 155 824 ille,
184 771 335 824 adjecto
359 785 593 825 quocunque
615 771 804 813 sacomate
833 774 978 812 notitiae
994 773 1156 824 publicae
1173 774 1336 814 multum
1359 773 1640 826 praeponderat.

3 876 6 882 ,
230 832 310 873 Etfi
328 832 425 874 vero
442 833 606 886 Principi
628 834 820 882 suaserim,
853 842 895 871 ut
923 831 1063 872 famam
1100 834 1327 885 popularem
1358 834 1508 886 infiiper
1530 834 1693 886 habeat3
1722 835 1802 875 hoc
1825 844 1878 876 ta-

3 912 6 918 *
71 904 160 934 men
181 894 221 933 in
246 893 393 934 casibus
417 893 538 934 solum
558 895 677 934 allatis
702 895 817 933 velim
835 893 1009 945 intelligi,
1040 892 1068 932 fi
1094 894 1271 933 nimirum
1294 893 1477 945 jasturam
1504 896 1602 935 illius
1635 894 1782 935 bonum
1809 908 1881 948 pu-

3 1005 5 1007 Υ
73 954 215 993 blicum
238 954 486 1005 compenset,
518 965 581 994 aut
606 956 711 994 aliter
737 951 941 1005 impediret
953 954 1110 1005 negotia
1129 956 1480 1006 magnimomenti,
1513 967 1597 1006 quae
1622 954 1792 1006 Populus
1815 966 1881 996 aut

68 1025 147 1054 non
163 1014 284 1065 capit,
315 1023 379 1053 aut
397 1023 501 1055 certe
523 1027 601 1055 non
618 1012 722 1054 reete
741 1014 934 1066 intelligitt
963 1025 1051 1053 nam
1066 1012 1200 1065 postea
1222 1014 1405 1054 successus
1424 1014 1491 1055 iste
1510 1014 1715 1054 felicior&
1733 1019 1788 1056 rei
1809 1016 1880 1056 ho·

72 1072 216 1122 nestas,
247 1072 411 1113 amissam
436 1073 575 1115 famam
601 1086 688 1114 cum
709 1074 818 1113 usura
844 1074 958 1112 etiam
984 1072 1270 1114 existimationis
1298 1074 1337 1114 &
1366 1074 1523 1115 honoris
1547 1073 1760 1116 restituunt.
1821 1076 1881 1117 In-

3 1137 5 1139 ’
69 1135 178 1172 terim
210 1133 420 1183 prudenter
436 1133 573 1175 fecerit
597 1134 803 1185 Princeps,
833 1132 860 1172 fi
885 1133 1014 1184 quoad
1038 1132 1119 1173 fieri
1143 1132 1298 1186 potest,
1328 1134 1476 1186 semper
1500 1133 1670 1174 actiones
1693 1135 1799 1185 sum,
1832 1136 1879 1178 ad

68 1190 297 1244 popularem
317 1206 445 1234 auram
476 1193 772 1235 accommodare
798 1192 965 1233 studeat:
995 1193 1155 1234 eosdem
1184 1195 1285 1234 enim
1305 1194 1388 1235 fere
1413 1192 1595 1242 effeetus,
1626 1205 1671 1234 ac
1698 1207 1791 1235 vera
1820 1199 1881 1237 illa

5 1267 8 1309 j
66 1253 185 1303 gloria
210 1252 360 1302 operari
379 1251 486 1290 solet.
549 1254 725 1305 Utraque
747 1255 785 1293 in
799 1253 1000 1293 hominum
1025 1254 1295 1307 imaginatione
1322 1253 1378 1295 est
1394 1254 1542 1307 ponsa,
1574 1253 1611 1294 &
1640 1266 1723 1295 Vox
1751 1269 1879 1308 popu·

68 1313 153 1351 laris
174 1308 469 1361 nonnunquam,
500 1311 592 1349 licet
605 1312 693 1350 falsa
715 1312 781 1361 fit,
813 1320 956 1351 tantam
979 1323 1147 1353 meretur
1177 1314 1313 1364 fidem,
1346 1326 1388 1355 ut
1415 1314 1524 1355 nullo
1550 1325 1719 1366 unquam
1742 1316 1878 1369 postea

69 1379 269 1425 tempore,
301 1379 366 1409 aut
384 1368 537 1410 actione
559 1371 747 1411 contraria
762 1371 955 1412 obliterari
983 1374 1123 1418 valeat,

395 1542 1187 1646 ngssoLUM
1267 1547 1554 1616 xxxm.

219 3039 315 3081 Uod
343 3041 538 3095 spaculum
559 3042 746 3096 integrum
761 3045 1022 3097 repraesentat‚
1051 3044 1154 3087 idem
1170 3047 1282 3087 etiam
1312 3045 1553 3093 confractum
1573 3049 1613 3088 in
1631 3046 1799 3100 qualibet
1808 3045 1871 3085 sua

245 3104 427 3153 particula
443 3103 621 3150 exhibet3
650 3103 702 3143 fic
725 3102 810 3144 Leo
835 3107 872 3145 in
898 3116 1064 3158 utroque
1089 3107 1229 3159 speculi
1257 3107 1475 3162 fragmento
1504 3108 1693 3160 praesentis
1715 3105 1871 3146 Emble-

246 3164 355 3202 matis
376 3163 413 3203 se
434 3173 659 3213 contuetur,
689 3162 944 3216 fortitudinis,
974 3167 1012 3207 &
1031 3167 1222 3221 generosae
1243 3167 1462 3209 constantiae
1489 3168 1738 3217 Symbolum,
1754 3177 1868 3217 quam

73 3218 113 3258 in
132 3219 239 3260 omni
253 3222 338 3263 casu
360 3222 543 3280 Princeps
559 3223 786 3266 conservare
809 3224 938 3266 debet.
999 3227 1208 3282 Speculum
1232 3240 1374 3283 nempe
1397 3229 1595 3284 publicum
1624 3225 1703 3278 ust,
1725 3227 1764 3265 in
1789 3238 1868 3277 quo

875 3284 951 3327 Kk
979 3300 1008 3330 2
1749 3285 1868 3326 Mun<
