2132 3730
253 249 316 297 9³
687 238 1040 281 DJDACJ
1090 238 1627 286 SAAVEDRAE.

260 329 297 369 ei
325 326 511 379 largienda
534 336 546 370 ς
577 324 638 361 cui
659 321 736 372 jam
761 321 875 360 semel
891 319 1066 360 favorem
1088 323 1194 363 suum
1215 324 1382 377 coepiffet
1406 324 1497 381 (a)
1524 309 2054 381 Μ

258 387 314 428 est
331 388 445 434 iniis,
470 384 532 435 qui
546 380 708 431 Principi
736 393 814 432 prae
828 382 973 420 caeteris
983 381 1086 420 chari
1107 380 1213 426 suntt
1236 395 1323 439 erga
1340 386 1413 427 hos
1427 387 1529 429 enim
1544 390 1663 442 gratia
1680 389 1718 431 &
1734 388 1935 432 liberalitas
1951 390 2055 432 prin.

259 449 354 502 cipis
378 442 479 500 pene
504 438 768 484 obstinationis
786 439 959 494 quaedam
982 441 1128 495 species
1141 439 1210 487 est.
1937 441 1942 445 ”

667 613 1308 690 SYMBOLUM
1358 619 1620 692 XXIV.

243 2096 248 2102 ’
377 2089 521 2129 Ametsi
537 2087 563 2140 ζ
576 2095 618 2127 ut
633 2084 821 2128 ostensum
837 2081 892 2126 est
910 2081 1127 2139 haetenus)
1157 2084 1302 2139 Justitia
1319 2083 1487 2140 Legibus
1508 2095 1647 2128 armata
1667 2087 1872 2131 Proemium
1892 2089 1984 2132 item
2006 2100 2052 2133 ac

247 2155 251 2159 '
406 2152 540 2199 Poena,
572 2150 761 2190 columnae
781 2149 851 2188 sint
867 2148 1104 2200 Reipublicae
1128 2150 1271 2188 molem
1289 2147 1559 2200 sustentante53
1588 2152 1775 2190 columna:
1793 2159 1919 2191 tamen
1939 2161 2055 2192 erunt:

406 2213 443 2251 in
469 2212 577 2260 aere,
608 2209 676 2250 nisi
700 2208 779 2249 basi
801 2209 1035 2263 Religionis,
1065 2221 1149 2261 quae
1171 2207 1320 2261 Legum
1347 2207 1401 2248 est
1435 2207 1651 2260 vinculum,
1681 2211 1907 2251 innitantur:
1935 2210 2054 2252 Enim

247 2272 345 2313 vero
366 2271 520 2323 justitiae
537 2269 747 2323 jurisdictio
765 2268 866 2310 solos
882 2278 1064 2310 externos
1085 2267 1191 2309 aetus
1213 2268 1482 2321 complectitur
1500 2269 1666 2322 legitime
1684 2270 1897 2322 probat033
1923 2272 2058 2310 occul«

246 2336 276 2372 ti
295 2332 391 2371 vero
416 2332 454 2372 ὅτ.
475 2332 611 2371 interni
628 2330 677 2370 ad
692 2330 822 2370 forum
838 2331 935 2370 illius
954 2342 1034 2371 non
1053 2330 1259 2382 pertinent.
1319 2328 1363 2369 In
1386 2327 1466 2369 sola
1504 2341 1666 2383 corpora
1695 2328 1962 2370 auctoritatem
1987 2330 2056 2370 ha-

246 2393 335 2439 bet,
365 2403 445 2431 non
469 2392 507 2431 in
524 2392 692 2438 anim033
710 2389 888 2442 adeoque
907 2387 1142 2444 magnopere
1158 2401 1308 2442 poenam
1340 2388 1622 2442 pertimesceret
1640 2388 1812 2439 Malitia,
1841 2389 1870 2429 fi
1895 2389 2053 2430 occulte

252 2452 423 2503 injurias,
446 2450 650 2500 adulteria,
683 2449 721 2490 &
738 2451 885 2504 rapinas
901 2450 1120 2491 exercendo
1144 2448 1343 2504 cupiditati
1365 2448 1437 2489 suae
1464 2449 1661 2503 indulgere
1680 2447 1828 2501 posset-2
1858 2447 1978 2490 immo
2009 2449 2057 2495 11-Ι

249 2512 399 2552 luderet
418 2511 606 2564 Legibus,
636 2509 665 2550 fi
687 2510 772 2551 Lex
797 2511 866 2551 alia
886 2510 1081 2551 invisibilis
1095 2522 1175 2551 non
1189 2509 1302 2559 esset,
1320 2521 1404 2561 quae
1420 2510 1543 2559 intus,
1573 2511 1612 2550 δι
1630 2511 1668 2550 in
1684 2510 1811 2549 animo
1827 2507 1928 2549 male
1938 2519 2054 2560 agen-

249 2582 277 2610 ti
299 2573 416 2610 minas
443 2573 658 2611 intentaret.
719 2569 800 2623 Jam
815 2569 1039 2611 necessarius
1059 2569 1114 2610 est
1141 2572 1179 2611 in
1202 2570 1416 2624 Republica
1444 2571 1558 2610 timor
1584 2568 1671 2619 iste,
1699 2578 1742 2609 ut
1773 2570 1902 2609 multis
1926 2568 2054 2619 impiis

248 2632 401 2685 Religio
430 2644 508 2671 non
530 2631 598 2672 nist
611 2632 812 2671 inventum
838 2630 1013 2671 videatur
1029 2632 1243 2684 politicum.
1304 2629 1403 2683 Quis
1421 2630 1566 2681 absque
1583 2641 1633 2670 eo
1649 2627 1813 2682 egestate
1833 2628 1895 2668 sua
1920 2627 1958 2667 &
1974 2627 2054 2666 sor-

249 2701 287 2731 te
306 2702 510 2731 contentus
534 2691 712 2731 viveret?
744 2702 827 2743 quae
846 2693 884 2731 in
901 2690 1020 2743 paetis
1039 2691 1077 2731 ἃ
1094 2691 1296 2730 conventis
1313 2689 1414 2729 foret
1429 2688 1557 2730 fides?
1585 2703 1669 2742 quae
1697 2692 1736 2729 in
1754 2686 2052 2729 administrandis

248 2752 359 2790 ὶῑωηίς
391 2751 614 2803 integritas?
645 2763 729 2802 quae
760 2749 921 2791 fidelitas
950 2752 988 2790 in
1018 2751 1240 2791 muneribus
1283 2759 1398 2800 atque
1432 2750 1591 2790 officiis?
1621 2762 1705 2801 quae
1728 2749 1902 2790 securitas
1928 2745 2052 2785 vitae?

247 2810 397 2850 i'nucos
425 2811 628 2851 Proemium
649 2813 840 2861 alliceret,
869 2810 898 2851 fi
915 2810 1049 2851 mediis
1075 2811 1235 2851 occultis
1259 2809 1351 2849 iliud
1375 2808 1514 2861 assequi
1537 2812 1795 2862 contingeret,
1822 2807 1923 2847 nulla
1944 2806 2053 2845 habi-

245 2882 285 2908 m
312 2869 494 2917 injustitiae
519 2872 676 2910 ratione.
735 2871 849 2910 Pauci
867 2872 1001 2911 eximia
1025 2872 1174 2911 virtutis
1191 2870 1316 2921 specie
1345 2881 1594 2921 caperentur,
1623 2870 1691 2910 nisi
1714 2865 2051 2909 immarceffibssem

245 2930 438 2977 {perantes
457 2930 650 2971 Coronam
667 2932 820 2982 potius,
853 2930 965 2982 quam
984 2932 1082 2971 illam
1093 2931 1380 2981 temporariam,
1394 2929 1528 2970 strictis
1544 2930 1786 2970 continentiae
1806 2924 1952 2977 legibus
1972 2925 2050 2965 sese

246 2989 411 3029 sinerent
439 2990 606 3041 obligari.
667 2991 771 3031 Mox
799 2991 973 3031 ordinem
990 2990 1226 3044 Reipublicae
1245 2990 1442 3030 turbarent
1462 2991 1576 3040 vitia,
1600 2988 1746 3031 sublato
1765 2985 1842 3037 jam
1859 2984 1936 3025 fine
1949 2987 2052 3037 prin-

1933 3046 2046 3097 cipali

355 3163 411 3205 (2)
433 3164 606 3195 Amamus
626 3157 740 3209 ῆᾴβνιι
766 3158 928 3205 beneficia
943 3163 1167 3214 germinare,
1193 3158 1511 3212 72ecse³melprigstat
1527 3156 1683 3207 largitas
1705 3153 2051 3208 collataffqstiditnm

245 3212 428 3262 stragisque
450 3224 508 3247 7705
531 3221 723 3262 provocarit
743 3212 793 3248 ad
814 3212 986 3265 frequens
1002 3214 1183 3258 proemium
1202 3240 1210 3254 ,
1235 3214 1294 3265 qus‘
1311 3214 1424 3249 initia
1447 3208 1559 3262 nostrae
1574 3210 1706 3259 gratia
1725 3207 1893 3261 ficsttpcre
1918 3221 2050 3245 merue-

246 3272 334 3301 νειμ-,τ
353 3275 364 3296 .·
389 3265 490 3300 novis
520 3264 612 3300 enim
627 3262 805 3311 judicium
820 3265 1035 3317 inpenditur
1052 3291 1063 3307 ‚
1076 3262 1198 3317 favor
1212 3274 1335 3303 autem
1344 3263 1456 3312 fimel
1469 3261 1616 3317 placitis
1639 3259 1839 3299 exhibetur.
1878 3262 1961 3298 (Las⁷
1969 3261 2048 3310 filib.

250 3331 284 3352 Ξ.
313 3328 367 3365 ep.
387 3328 423 3352 2.
