2132 3730
292 244 377 289 190
743 224 1100 271 DJDACJ
1146 222 1701 272 SAxAVEDRAE·

291 288 2078 310 mffl*

286 317 387 357 iacta
404 315 596 365 Scriptura
619 313 733 361 leprae
749 321 795 350 ea
810 308 888 363 (a)
908 308 1056 363 signum
1085 307 1154 354 est.
1220 308 1272 350 Et
1289 312 1388 364 ligna
1411 311 1564 364 putrida
1598 314 1728 355 lumen
1751 317 1905 369 aliquod
1928 317 1995 359 sub
2015 332 2086 360 no-

286 375 391 416 stem
406 374 531 414 =solent
551 369 728 411 fundere.
814 368 849 410 Ε
872 370 1082 425 perniciosa
1106 377 1239 410 mente
1257 372 1390 424 aliquae
1410 372 1505 413 boni
1526 370 1707 414 strfflmae
1732 378 1912 418 emicant.
1969 377 2089 419 Inter·

286 436 378 476 dum
397 436 490 473 intra
508 430 586 483 ipsa
605 429 814 470 severitatis
838 429 1011 480 viscera,
1040 442 1126 482 quae
1140 430 1323 471 libertatis
1349 431 1405 473 est
1430 434 1578 484 amica,
1608 433 1647 475 &
1672 436 1859 477 contraria
1887 439 2049 492 Principi
2073 469 2088 488 ‚

284 495 468 535 serviliter
501 489 578 531 sese
593 489 698 530 abdit
711 488 929 534 ostentatio.
987 489 1165 531 Valerius
1186 488 1358 533 Meffalla
1374 493 1427 534 sic
1451 494 1545 535 fecit
1566 523 1579 544 ,
1609 496 1766 547 quando
1784 495 1916 537 &motor
1931 497 2027 548 fuit,
2043 508 2089 539 ut

284 551 490 609 quotannis
517 551 748 595 obedientiae
781 551 1059 596 sacramentum
1077 553 1326 594 innovaretur
1357 553 1546 597 Tiberio:
1594 566 1828 612 rogatusque
1852 558 1960 611 cujus
1993 557 2088 612 iussu

274 2001 328 2046 sta
342 2011 615 2056 proponeret:
644 1998 721 2056 (b)
739 1997 858 2056 sponte
875 1998 990 2057 dioriffe'
1009 1998 1193 2056 Respondit
1209 2032 1223 2052 ,
1250 2014 1358 2057 neque
1378 2003 1415 2044 in
1430 2002 1475 2044 iis
1492 2016 1572 2060 quae
1599 2001 1653 2044 ad
1689 2001 1943 2056 Remublicam
1966 2003 2081 2055 perti-

272 2070 393 2105 nerent
406 2095 420 2113 ‚
449 2061 573 2116 consilio
595 2061 659 2115 mfi
672 2060 735 2113 sito
753 2060 889 2111 ufimmz
904 2091 915 2110 ‚
943 2060 1001 2100 vel
1022 2073 1096 2100 cum
1105 2060 1255 2112 periculo
1269 2058 1453 2113 offi’nfionis
1469 2092 1482 2108 ,
1515 2074 1593 2113 quae
1602 2061 1676 2112 stila
1688 2059 1813 2113 species
1845 2061 2009 2103 adulandi
2024 2059 2086 2113 su-

264 2131 426 2177 pererat.
486 2120 591 2169 Huic,
614 2133 695 2160 non
710 2118 827 2173 longe
854 2120 1030 2162 absimilis
1053 2119 1126 2159 fuit
1154 2119 1322 2158 adulatio
1355 2120 1418 2157 illa
1441 2119 1558 2170 Ateii,
1580 2119 1735 2170 quando
1763 2121 1937 2160 accusato
1959 2120 2086 2160 Lucio

273 2182 423 2231 Ennio,
451 2180 559 2233 quod
590 2190 807 2234 argenteam
829 2176 972 2220 Tiberii
1003 2177 1161 2218 statuam
1199 2176 1436 2217 destruxisset
1455 2205 1469 2226 ‚
1499 2187 1543 2217 ut
1576 2180 1681 2218 varia
1710 2178 1954 2232 supelle&ilia
1995 2180 2086 2220 inde

274 2243 493 2295 effingeret,
515 2241 753 2291 nolenteque
783 2237 866 2291 ipso
888 2238 1048 2278 Tiberio
1079 2238 1363 2277 occusationem
1384 2236 1587 2278 admittere
1603 2268 1615 2288 ‚
1645 2240 1770 2291 palam
1790 2240 1867 2279 sese
1890 2241 1941 2280 illi
1958 2251 2086 2292 oppo-

270 2302 372 2351 suit,
402 2301 558 2341 dicens:
587 2298 657 2355 (c)
689 2300 773 2340 Non
788 2298 908 2340 dehere
929 2300 1018 2351 eripi
1044 2297 1218 2338 Patribus
1237 2299 1311 2337 vim
1330 2296 1541 2351 statuendi3
1587 2311 1690 2352 neque
1723 2306 1860 2339 tantum
1890 2298 2087 2354 maleficiwn

272 2363 408 2413 impune
424 2357 623 2400 habendum.
710 2358 800 2399 Sam>
818 2358 936 2399 [entitur
959 2362 996 2399 in
1010 2354 1073 2409 fito
1088 2356 1198 2397 dolore
1219 2354 1314 2410 tffitg
1333 2355 1539 2408 Reipublicae
1556 2359 1705 2401 iniurias
1729 2372 1770 2397 ne
1791 2359 1996 2411 largiretur.

426 2418 462 2470 §.
494 2419 628 2459 Stellio
654 2420 795 2471 pellem
820 2429 942 2458 mutat
971 2420 1008 2457 in
1039 2428 1159 2456 annos
1188 2416 1386 2470 fingulos3
1414 2428 1504 2457 cum
1529 2427 1707 2471 tempore
1738 2418 1891 2458 consilia
1910 2418 1974 2458 sua
1994 2418 2086 2458 adu-

275 2479 392 2528 latio,
421 2480 574 2530 quoties
590 2480 765 2518 nimirum
785 2477 964 2529 Princeps
981 2478 1189 2516 voluntatis
1220 2476 1291 2516 suae
1312 2475 1490 2516 alferium
1506 2480 1640 2522 variat.
1699 2474 1774 2532 (d)
1797 2478 1894 2531 Regi
1907 2479 2087 2530 Alphon·

272 2540 318 2580 so
343 2538 513 2579 Decimo
530 2537 695 2579 Ministri
715 2537 794 2589 ejus
815 2537 979 2590 primum
995 2536 1173 2576 auftores
1196 2534 1368 2584 fuerant,
1397 2546 1439 2576 ut
1456 2537 1641 2591 Reginam
1666 2536 1890 2577 Violantem
1911 2538 1965 2577 oh
1976 2537 2086 2578 infoe-

275 2598 513 2639 cunditatem
545 2599 611 2638 abs
637 2598 675 2637 se
690 2597 920 2646 dimitteret,
934 2599 1214 2637 matrimonium
1232 2597 1377 2636 irritum
1400 2597 1567 2647 causati,
1594 2596 1701 2650 quod
1717 2596 1850 2649 postea
1872 2596 1985 2637 iidem
1999 2610 2085 2637 mu.

275 2661 363 2699 tatis
398 2659 592 2699 sententiis
620 2667 744 2698 ratum
767 2655 937 2698 habuere
953 2688 966 2708 ‚
996 2657 1262 2709 suaseruntque
1286 2657 1458 2710 Regi,ut
1482 2657 1645 2699 eandem
1672 2657 1722 2697 ad
1739 2658 1843 2699 thori
1858 2656 2082 2700 societatem

273 2727 493 2762 revocaret.

428 2779 464 2829 ᾗ.
494 2773 658 2816 Nullum
683 2778 817 2818 animal
844 2776 963 2828 magis
985 2773 1268 2817 fraudulentum
1296 2773 1413 2827 quam
1436 2774 1592 2825 stellio;
1619 2775 1723 2818 unde
1747 2777 1788 2818 δε
1808 2775 2018 2831 jurisperiti
2036 2787 2080 2815 ο.

275 2847 367 2880 mne
399 2834 581 2876 delictum
602 2848 651 2875 ex
677 2837 812 2877 fraude
845 2838 987 2876 crimen
1009 2834 1241 2876 stellionatus
1261 2838 1465 2888 appellant.
1550 2835 1693 2891 Ecquis
1720 2837 1931 2889 majoribus.
1961 2836 2080 2877 utitur

277 2896 378 2937 dolis
393 2925 407 2945 ‚
436 2907 481 2935 ac
502 2893 704 2936 assentator
720 2927 735 2947 ‚
766 2898 830 2950 qui
842 2907 1037 2947 nunquam
1054 2908 1134 2937 non
1151 2895 1341 2936 voluntati
1367 2899 1480 2948 ponit
1494 2894 1652 2949 laqueos
1665 2927 1678 2947 ,
1705 2897 1937 2939 nobiliffimae,
1953 2894 2081 2935 homi-

276 2958 337 2999 nis
366 2954 540 2997 facultati
563 2984 577 3005 ,
606 2964 762 3009 tamque
806 2957 1042 3010 principali,
1070 2965 1115 2996 ut
1148 2955 1228 2996 fine
1255 2953 1316 2996 illa
1350 2956 1475 2998 sensus
1505 2968 1640 2998 omnes
1671 2954 1735 2997 sub
1754 2953 2078 3010 jugo5servitutis

276 3016 363 3058 sint.

1904 3072 1947 3125 ς.
1975 3071 2075 3114 Νοιι

373 3228 433 3274 (a)
449 3234 527 3264 Aut
542 3225 762 3281 quafilucens
779 3230 955 3282 quippiam
971 3257 980 3270 ‚
1006 3228 1048 3266 id
1067 3226 1114 3281 est
1138 3224 1240 3281 'laga
1260 3228 1366 3283 leprae.
1392 3227 1512 3267 Levit.
1540 3237 1597 3278 13.
1615 3242 1653 3269 2.
1702 3227 1765 3278 (b)
1787 3229 1873 3270 Tac.
1888 3228 1916 3269 l·
1943 3239 1976 3268 1.
1998 3229 2075 3269 An-

278 3276 351 3317 nal.
402 3283 459 3327 (c)
475 3279 573 3320 idem
598 3281 623 3319 1.
635 3294 668 3330 3,
689 3281 822 3320 Amal.
873 3282 941 3332 (d)
956 3281 1047 3320 Mar.
1066 3238 1156 3322 Ηιίζ.
1175 3280 1278 3335 Hisp.-
1294 3282 1318 3322 1.
1341 3288 1448 3328 28.c.
1466 3292 1502 3328 2.
1685 3293 1688 3296 ’
2068 3314 2072 3319 .
