2132 3730
529 210 977 272 SYMBOVLA
1034 213 1509 257 POLJTJCA.
1816 220 1869 269 83

83 275 596 290 W
1113 279 1174 286 .-

74 310 134 342 ter
150 299 299 340 easdem
314 298 502 336 immutat.
562 295 621 335 Ut
649 295 902 349 significarent
941 298 1085 349 antiqui
1123 296 1199 349 (a)
1229 296 1355 350 Leges
1386 298 1528 339 debere
1551 297 1626 339 effe
1644 308 1871 351 perpetuas,

74 360 209 402 tabulis
236 357 341 396 aereis
361 364 424 396 eas
445 355 737 408 consignabant,
770 355 808 395 &
824 355 935 396 Deus
957 355 1146 408 insculpsit
1167 358 1206 394 in
1237 356 1310 410 (b)
1326 358 1453 409 lapide
1479 368 1622 398 aeterno
1658 360 1778 411 digito
1803 359 1872 398 suo

74 426 253 461 exaratas.
312 415 395 456 Has
413 416 465 455 ob
488 414 627 456 caussas
646 417 761 455 etiam
777 415 969 468 Augustus
998 416 1051 456 sic
1075 415 1256 455 Senatum
1273 416 1448 457 hortatus
1467 417 1546 457 est:
1581 417 1649 471 (c)
1674 415 1872 471 Positasse-

73 479 136 520 mel
151 477 234 528 leges
257 475 448 532 cnstanter
457 472 625 527 servate,
655 486 712 514 nec
739 476 839 516 ullam
859 489 977 516 earum
998 478 1184 515 immutate
1243 475 1342 514 Nam
1361 489 1438 529 qnce
1463 479 1498 516 in
1514 475 1576 527 fito
1591 477 1714 532 statu:
1741 476 1871 518 eadem·

72 549 132 594 qus
149 543 284 575 manent
296 567 308 585 ‚
337 534 398 587 etfi
407 535 578 576 deteriora
587 534 682 588 stret,
711 542 823 574 tamen
839 536 975 575 utiliora
989 531 1074 585 fiant
1095 533 1303 585 Respublicae
1321 536 1396 583 bis,
1427 548 1504 588 quae
1519 545 1583 587 per
1606 540 1872 586 innovationem,

73 595 126 638 vd
141 594 277 635 meliora
298 595 517 636 inducuntur.
575 593 741 634 Nullum
769 593 824 634 est
844 606 1022 646 regnum,
1052 594 1159 645 quod
1175 593 1344 645 Legibus
1363 595 1630 635 sufficientibus
1648 596 1872 638 instruffifflm

71 667 146 699 non
170 654 237 697 sit:
266 655 360 696 illud
379 652 500 696 solum
519 653 736 694 cavendum
750 685 763 704 ‚
793 667 843 695 ne
862 654 1220 705 interpretationum
1240 655 1402 692 varietas
1422 666 1484 694 eas
1502 657 1618 706 magis
1637 655 1769 696 dubias
1788 657 1873 696 red-

73 712 134 756 dat
152 713 190 754 &
218 715 419 765 obscuras,
447 725 492 754 ac
513 716 598 754 lites
619 713 792 754 suscitet:
821 715 882 753 cui
903 714 958 753 rei
973 722 1062 752 ante
1079 715 1207 753 omnia
1221 713 1431 764 parandum
1448 714 1679 754 remedium:
1709 716 1746 754 id
1764 715 1872 767 quod

7 797 9 826 2
67 772 182 816 facile
205 773 317 815 fieret
338 776 376 814 in
392 774 598 826 Hispania,
615 773 740 813 siRex
758 775 908 825 aliquis,
920 785 1000 812 non
1022 772 1146 812 minus
1156 774 1234 813 hoc
1249 775 1407 813 nomine
1427 775 1522 812 illius
1534 783 1744 825 reparator,
1754 788 1870 826 quam

7 828 9 854 3
62 833 236 885 Pelagius
251 865 264 883 ,
294 834 574 874 controversias
599 845 734 874 omnes
752 833 800 873 ad
822 834 960 872 breves
977 832 1221 872 contraheret
1249 834 1434 872 terminos
1453 863 1465 882 ,
1495 834 1532 872 δε
1556 833 1691 872 relicto
1713 833 1798 884 jure
1820 838 1872 874 ci-

7 894 10 915 ²
64 896 132 936 vili
153 893 323 946 Legibus
345 894 383 933 δε
403 895 531 946 patriis
550 903 721 933 uteretur
740 905 820 933 non
836 891 961 931 minus
993 891 1247 939 prudentibus
1265 892 1304 932 δε
1333 892 1483 941 doceris,
1516 893 1630 944 quam
1645 891 1763 944 justis.
1827 894 1874 934 11-

7 961 9 1004 j
70 953 143 995 lust
163 953 239 1002 est,
272 953 379 1004 quod
396 954 484 993 Rex
502 952 808 993 Reccesvinthus
824 952 1048 991 intendebat
1063 983 1074 1000 ‚
1096 952 1184 992 cum
1202 953 1347 992 diceret
1362 955 1399 992 in
1425 951 1588 1004 quadam
1602 952 1688 1005 lege
1702 953 1754 991 sui
1774 953 1873 1003 libri,

8 1059 9 1062 Ἴ
65 1025 181 1067 quem
208 1013 421 1068 Eser-‹yuzgo
442 1012 644 1064 inscripsit:
662 1011 739 1066 (d)
761 1013 804 1055 E
821 1013 882 1051 nin
899 1024 1096 1065 qneremos,
1120 1025 1183 1064 qne
1207 1011 1247 1051 de
1273 1015 1357 1066 aqui
1383 1012 1539 1053 adelonte
1552 1010 1643 1064 istan
1670 1009 1794 1063 zgsadas
1819 1014 1874 1053 las

7 1069 10 1079 ¹
63 1075 148 1127 leyes
174 1073 351 1113 Romamn
368 1103 380 1122 ,
410 1074 468 1112 m'n
482 1072 535 1113 las
549 1070 716 1125 estranas.
805 1070 1208 1126 Nolmnztsqne'deincffs
1221 1079 1284 1111 aut
1302 1073 1482 1113 Romanas
1508 1072 1593 1126 leges
1607 1103 1620 1121 ,
1655 1079 1718 1111 aut
1734 1079 1875 1113 exteras

7 1158 10 1162 ›
63 1134 236 1185 tim-pari.
295 1133 384 1172 Rex
403 1143 560 1183 quoque
576 1131 794 1183 Alphonsus
824 1131 982 1183 Sapiens
996 1131 1193 1184 judicibus
1211 1132 1306 1171 serio
1327 1133 1512 1184 praecepit
1532 1146 1542 1171 2
1571 1131 1640 1186 (e)
1661 1144 1723 1183 que
1738 1131 1874 1183 losplei-

8 1235 10 1239 ,
65 1201 118 1234 tos
140 1200 222 1232 ante
237 1193 311 1232 ellos
328 1193 375 1232 los
392 1191 498 1231 libren
516 1191 616 1240 bien,
644 1192 706 1230 ele
727 1190 867 1231 aintente
890 1192 918 1230 Io
935 1204 1010 1231 mas
1029 1194 1112 1232 aina
1131 1221 1145 1241 ,
1172 1205 1190 1231 e
1215 1192 1383 1246 inejorque
1398 1188 1578 1244 fitpieren‚
1607 1205 1624 1230 e
1635 1200 1706 1243 por
1719 1191 1771 1230 las
1786 1193 1873 1244 leyes

65 1250 153 1306 diste
172 1252 256 1292 libro
275 1282 288 1299 ,
318 1265 336 1290 e
351 1263 392 1290 no
406 1258 476 1301 por
491 1257 599 1290 otras.
666 1251 718 1290 Ut
732 1251 806 1290 lites
830 1253 899 1290 rite
912 1280 924 1300 ,
945 1248 1165 1305 fideliterque
1177 1253 1282 1303 prins
1308 1248 1464 1304 expenstls
1485 1264 1588 1304 quam
1607 1247 1737 1305 poffent
1753 1253 1874 1302 optime

66 1312 300 1364 celerrimeque
326 1307 509 1361 dijudicent
532 1338 543 1357 ,
573 1320 677 1361 neque
697 1310 785 1349 alias
808 1310 871 1348 hac
892 1311 928 1349 in
954 1324 994 1350 re
1015 1312 1229 1364 Ieges‚qztam
1248 1324 1337 1365 quas
1355 1311 1441 1352 liber
1459 1310 1520 1362 isle
1534 1313 1680 1352 continet
1693 1342 1705 1359 ‚
1723 1307 1875 1364 fitquan-

9 1380 11 1384 ’
67 1380 140 1412 tur.
198 1369 307 1409 Idem
323 1367 457 1420 postea
472 1366 746 1408 confirmarunt
769 1368 857 1409 Rex
868 1368 1127 1410 Ferdinandus
1147 1371 1345 1422 &joanna
1358 1401 1371 1421 ,
1402 1368 1489 1424 (f)
1511 1373 1567 1410 uti
1589 1370 1627 1410 &
1642 1370 1732 1410 Rex
1752 1371 1875 1410 Alari-

9 1467 11 1469 ,
66 1442 135 1470 cus
155 1459 167 1479 ,
198 1431 263 1481 qui
295 1439 430 1482 graves
455 1428 659 1467 intentavit
682 1438 813 1480 poenas
827 1429 1033 1480 judicibus,
1051 1430 1079 1470 fi
1100 1432 1344 1483 allegationes
1361 1430 1513 1483 Legum
1529 1426 1791 1470 Romanarum
1808 1429 1874 1469 ada

68 1492 276 1533 mitterent,
336 1486 483 1539 Neque
501 1488 683 1540 supremae
704 1487 956 1540 jurisdietioni
971 1502 1105 1542 parum
1120 1490 1300 1543 derogat,
1332 1492 1461 1530 alienis
1474 1491 1676 1543 gubernari
1691 1488 1875 1543 Legibus.

66 1550 201 1590 Video
229 1549 307 1588 duo
324 1546 458 1588 contra
485 1547 560 1588 dici
588 1546 720 1599 poffe3
751 1560 871 1589 unum
907 1548 962 1589 est
980 1582 991 1598 ,
1021 1550 1110 1591 cum
1138 1550 1264 1603 Leges
1289 1548 1366 1590 istae
1387 1547 1514 1603 lingua
1544 1547 1756 1589 Castellana
1784 1561 1879 1589 con·

10 1655 11 1661 ¹
70 1611 215 1661 scriptae
249 1609 320 1649 sint
340 1638 352 1658 ‚
382 1607 469 1648 fore
501 1617 546 1648 ut
572 1607 709 1648 Latina
731 1608 877 1660 pessum
903 1611 977 1649 iret
998 1637 1011 1659 ‚
1040 1610 1068 1649 fi
1089 1609 1400 1662 Jurisprudentiae
1413 1608 1647 1661 professores
1659 1611 1697 1649 in
1723 1609 1793 1648 illis
1819 1609 1878 1649 so-

70 1671 115 1710 lis
140 1667 395 1721 perdiscendis
413 1667 452 1707 &
474 1665 707 1720 explicandis
730 1680 846 1708 omne
870 1679 1062 1718 ponerent
1080 1668 1258 1709 studium.
1318 1670 1574 1720 Praeterquam
1599 1668 1707 1719 qubd
1729 1669 1882 1719 absque

9 1731 12 1735 ’
71 1729 208 1770 notitia
223 1730 313 1779 juris
334 1729 454 1767 civilis
473 1755 486 1775 ,
515 1726 619 1765 unde
643 1725 719 1765 istae
740 1727 896 1766 trahunt
911 1729 1096 1779 originem
1121 1758 1133 1777 ,
1163 1727 1269 1767 reete
1290 1729 1447 1780 intelligi
1471 1736 1680 1778 nequeant,
1767 1729 1881 1767 Alte*

72 1800 158 1829 rum
189 1787 262 1836 est,
294 1786 381 1826 cum
400 1789 438 1826 in
461 1785 638 1826 omnibus
662 1783 764 1838 pene
783 1785 951 1837 Europae
961 1786 1198 1827 Nationibus
1219 1799 1427 1827 commune
1442 1787 1557 1838 fitjus
1571 1788 1686 1826 civile
1700 1816 1713 1835 ‚
1744 1786 1878 1826 secun·

11 1841 13 1860 ³
71 1849 162 1889 dum
174 1847 280 1899 quod
289 1847 406 1886 causae
415 1845 539 1885 decidi
553 1846 674 1884 solent
688 1873 699 1890 ‚
713 1844 951 1894 &dijudicari
960 1847 998 1883 in
1008 1847 1250 1885 parlamentis
1267 1847 1305 1885 &
1329 1846 1453 1885 Curiis
1472 1847 1614 1885 exteris·
1625 1846 1708 1895 jura
1729 1845 1768 1885 δε
1783 1857 1879 1886 cona

74 1907 268 1947 troversiae
290 1906 507 1954 Principum
524 1933 535 1951 ‚
563 1901 754 1953 plurmiim
769 1902 932 1953 proinde
950 1902 1093 1942 referre
1115 1934 1126 1951 ‚
1155 1903 1185 1944 fi
1209 1903 1329 1943 Viros
1342 1905 1483 1944 habeat
1502 1906 1540 1944 in
1562 1903 1670 1944 dieto
1681 1904 1767 1955 jure
1785 1918 1879 1958 pro-

12 1996 13 2000 ,
74 1966 126 2007 be
149 1967 387 2014 multumque
403 1963 645 2002 exercitatos.
702 1960 852 2001 Verum
871 1960 946 2000 istis
966 1963 1223 2002 incommodis
1239 1962 1352 2003 facile
1370 1966 1520 2004 occurri
1540 1965 1686 2017 poterit
1701 1966 1828 2014 aliter,
1847 1965 1878 2007 st

71 2027 250 2068 nimirum
272 2025 412 2075 aliquas
440 2022 531 2074 juris
547 2022 669 2061 civilis
698 2021 897 2061 cathedras
917 2022 955 2061 iu
983 2022 1292 2063 universitatibus
1319 2024 1458 2064 dotent
1487 2024 1525 2064 δε
1543 2026 1712 2076 erigant,
1743 2037 1877 2075 quem-

74 2085 283 2126 admodum
302 2086 339 2123 in
360 2084 438 2123 hoc
457 2083 538 2133 ipso
559 2092 698 2132 genere
712 2080 805 2121 fecit
816 2080 996 2136 (tametsi
1010 2084 1087 2122 aliis
1101 2082 1150 2122 de
1166 2082 1332 2137 cauffis)
1360 2083 1621 2124 Ferdinandus
1639 2084 1880 2133 Catholicus‚

75 2146 129 2187 sle
145 2146 319 2197 inquiens
341 2157 349 2181 :
379 2143 525 2194 Empero
552 2141 626 2181 bien
653 2153 844 2193 queremos,
873 2143 886 2181 i
888 2138 1065 2196 stffiimos
1082 2172 1094 2192 ‚
1123 2155 1187 2195 qne
1210 2143 1256 2183 los
1271 2143 1375 2184 libros
1395 2142 1437 2182 de
1465 2144 1510 2184 Ios
1529 2143 1711 2193 derechos,
1740 2158 1805 2197 que
1828 2146 1878 2186 los

73 2205 182 2258 fabios
205 2206 362 2256 antignos
383 2203 535 2242 hizieron
558 2232 570 2250 ,
599 2197 703 2254 quest>
720 2201 794 2241 Iean
818 2215 858 2241 en
875 2202 921 2242 Ios
951 2201 1087 2257 estodios
1100 2203 1277 2254 generales
1298 2202 1338 2242 de
1368 2202 1502 2258 nenstro
1527 2203 1688 2244 Senum-io
1710 2235 1722 2251 ‚
1745 2213 1877 2257 porque

77 2268 153 2305 aien
175 2265 250 2305 ellos
266 2263 387 2304 mucha
399 2257 607 2314 fhbidnria3
635 2262 650 2301 i
672 2274 843 2315 queremos
862 2261 930 2301 dar
945 2263 1044 2314 Iugur
1067 2293 1079 2312 ,
1108 2275 1173 2317 qne
1196 2263 1242 2302 Ios
1260 2275 1323 2302 neit
1354 2276 1411 2303 ros
1437 2264 1636 2304 Naturales
1648 2259 1734 2314 jean
1736 2260 1857 2314 fhbido

73 2338 136 2365 res
151 2354 164 2372 ,
192 2338 208 2364 e
215 2320 299 2375 seon
317 2321 467 2375 porende
484 2334 558 2361 inas
574 2319 751 2362 honrados.
808 2322 1033 2380 ‘Quapropter
1060 2322 1150 2362 ultro
1160 2319 1342 2375 sponteque
1364 2322 1576 2363 admittimus
1600 2355 1612 2373 ,
1641 2330 1681 2362 ut
1695 2323 1801 2375 legum
1835 2336 1877 2363 ac

72 2385 170 2439 juris
195 2384 272 2424 libri
292 2414 305 2433 ,
326 2379 449 2434 priscis
476 2378 683 2433 sapientibus
705 2377 876 2433 consoribti
889 2412 902 2431 ,
931 2384 969 2422 in
997 2381 1159 2424 ditionum
1184 2381 1378 2438 nostrornm
1400 2382 1595 2424 Academiis
1610 2381 1847 2435 praelegantnr
1860 2415 1875 2434 ‚

81 2456 155 2483 cum
168 2456 321 2495 magnam
335 2445 360 2483 ii
367 2439 563 2493 snpientimn
583 2443 770 2482 contineant
786 2456 798 2490 ,·
818 2441 1070 2496 occqffOJJeinque
1084 2439 1301 2495 fiqopeditare
1315 2443 1377 2496 φῇ
1399 2444 1554 2483 volumus
1572 2473 1584 2490 ‚
1612 2451 1652 2482 ut
1676 2439 1800 2490 fitbditi
1820 2455 1878 2483 no·

70 2500 148 2556 stri
173 2515 285 2542 eornm
290 2505 455 2554 peritiam
470 2531 481 2551 ‚
501 2503 721 2557 majoremque
740 2501 857 2543 exinde
880 2503 1022 2555 gloriam
1042 2501 1295 2557 conkqnantur.
1356 2503 1479 2556 Quod
1506 2504 1535 2543 s1
1557 2512 1686 2542 tamen
1703 2502 1808 2550 ‚illud
1820 2501 1877 2544 'o-

81 2563 214 2603 mnino
238 2561 320 2601 fieri
342 2571 532 2614 nequeat,
550 2560 628 2601 duo
649 2565 849 2603 memorati
867 2562 1002 2603 abusus
1015 2565 1152 2616 corrigi
1186 2564 1238 2604 sic
1256 2571 1441 2615 poterunt
1464 2576 1478 2610 ς
1508 2563 1654 2603 Primus
1690 2561 1880 2613 quidem,

82 2623 161 2662 hoc
176 2619 255 2670 est,
271 2623 385 2661 nimia
399 2624 459 2661 illa
488 2621 670 2662 librorum
683 2624 889 2664 multitudo
908 2652 920 2671 ‚
950 2625 1015 2675 qui
1043 2625 1081 2663 in
1112 2622 1333 2675 Hispaniam
1359 2623 1596 2675 asportantur
1616 2647 1629 2671 ,
1658 2621 1877 2674 simpliciter

83 2681 176 2722 illud
193 2680 363 2720 vetando
381 2695 389 2723 :
419 2683 536 2734 magis
557 2683 700 2735 quippe
718 2682 772 2722 est
789 2683 834 2722 ad
857 2685 991 2722 oculos
1014 2682 1277 2735 emungendos
1296 2713 1308 2732 ,
1341 2683 1455 2734 quam
1477 2682 1525 2722 ad
1546 2681 1759 2722 doc‘trinam
1771 2694 1879 2723 com-

81 2740 287 2795 parandam
304 2770 318 2790 ,
347 2752 473 2792 neque
488 2741 769 2795 Typographiae
792 2743 892 2783 aliud
923 2742 1041 2783 hodie
1059 2742 1168 2791 sunt,
1199 2755 1242 2781 ac
1264 2742 1558 2782 nundinationes
1578 2741 1615 2782 &
1641 2751 1876 2785 mercaturae.¹

83 2801 284 2840 Varietate
306 2797 367 2839 illa
391 2800 677 2841 confunduntur
693 2805 840 2856 ingenia
857 2833 870 2853 ,
901 2805 1094 2843 intricatur
1116 2802 1299 2853 judicium
1324 2833 1336 2851 ‚
1367 2802 1406 2842 &
1423 2803 1541 2843 haeret
1567 2802 1739 2841 dubium.
1799 2802 1881 2843 Mi-

83 2874 154 2902 nus
176 2861 302 2901 damni
322 2860 572 2901 metuendum
589 2860 690 2901 foret
708 2893 721 2912 ‚
749 2864 778 2903 fi
797 2864 1063 2904 deficientibus
1090 2861 1258 2916 Legibus
1278 2862 1422 2914 scriptis
1443 2875 1515 2915 pro
1533 2861 1796 2902 controversia
1815 2864 1879 2902 ali-

84 2934 159 2974 qua
184 2919 395 2961 decidenda
417 2950 429 2969 ‚
459 2920 574 2959 Ratio
603 2921 678 2972 ipsa
700 2925 875 2964 naturalis
901 2933 1079 2976 tanquam
1101 2925 1165 2962 lex
1194 2925 1284 2963 viva
1304 2935 1382 2976 prae
1402 2922 1524 2962 oculis
1546 2921 1638 2962 esset
1653 2952 1665 2971 ,
1696 2921 1810 2974 quam
1830 2923 1876 2960 ri-

1046 2981 1082 3021 Y
1787 2982 1881 3021 mari

187 3077 247 3123 (a)
279 3075 360 3121 [ἶβις
383 3078 478 3113 artis
490 3075 541 3113 ad
554 3077 826 3128 perpetuitatem
845 3088 1142 3115 monumentorum
1145 3077 1230 3124 jam
1241 3075 1380 3129 pridem
1402 3078 1604 3114 tramlatus
1625 3076 1671 3128 est
1692 3075 1824 3113 tabulis
1840 3091 1878 3113 ι-

87 3126 157 3165 reis
172 3153 182 3167 ,
206 3129 245 3165 in
259 3127 380 3180 quibus
399 3127 652 3180 constitutiones
664 3126 800 3180 publicae
818 3129 1033 3168 inciduntur.
1059 3130 1152 3168 Plin.
1168 3129 1228 3166 lib.
1248 3142 1306 3177 34.
1329 3142 1405 3180 cap.
1436 3142 1466 3165 1.
1521 3132 1582 3178 (b)
1608 3128 1783 3181 Deditque
1810 3134 1878 3166 Do-

88 3179 203 3217 minus
215 3180 325 3231 qusi
335 3209 343 3222 ‚
369 3195 438 3218 com
460 3181 540 3217 letis
553 3179 781 3228 hujuscemodi
785 3180 1000 3227 sermonibus
1016 3210 1025 3224 ,
1050 3184 1090 3220 in
1099 3192 1213 3220 monte
1226 3182 1329 3218 sinai
1337 3208 1344 3222 ‚
1361 3181 1449 3218 duas
1470 3180 1612 3219 tabulas
1627 3178 1813 3229 testimonii
1824 3181 1878 3218 las-

82 3229 207 3300 pidem
223 3257 231 3271 .
248 3232 400 3286 striptas
433 3235 523 3286 {gito
538 3235 614 3270 Dei.
640 3234 753 3270 Exod.
782 3247 840 3281 31.
870 3248 925 3282 13.
989 3236 1053 3284 (c)
1071 3234 1181 3274 Dion.
1199 3235 1223 3272 l.
1244 3246 1301 3280 52..
1315 3235 1377 3282 (d)
1395 3235 1417 3271 1.
1440 3241 1471 3276 8.
1487 3237 1522 3271 ὅ(
1542 3238 1575 3270 6.
1591 3243 1634 3270 tt.
1655 3245 1687 3271 ι.
1710 3234 1734 3271 1.
1753 3235 1877 3273 2.For.·

91 3287 150 3348 (e)
164 3282 243 3320 Lib.
263 3289 298 3323 6.
324 3285 383 3326 tit.
402 3300 438 3335 4.
461 3300 491 3337 p,
510 3300 540 3334 3.
585 3285 636 3335 (f)
653 3285 732 3323 Lib.
755 3297 786 3333 3.
802 3297 845 3323 tt.-
875 3299 903 3324 1.
916 3287 939 3325 1.
953 3300 986 3325 2.
999 3290 1135 3338 Recop.
