2132 3730
283 229 368 283 176
712 217 1064 268 'DIDACI
1114 214 1653 267 SAAVEDRAE.

707 418 1383 492 SYMBOLUM
1460 420 1657 495 XLV.'

273 1909 451 2050 LEO
470 1912 497 1966 ζ
511 1910 629 1966 figura
649 1910 840 1964 praes'entis
857 1908 1141 1965 Emblematis)
1168 1910 1271 1963 apud
1297 1909 1507 1965 AEgyptios
1523 1913 1725 1966 vigilantiae
1737 1909 1811 1954 fuit
1831 1902 2079 1962 Symboium3

420 1973 551 2025 quales
567 1973 672 2022 sunt,
694 1973 758 2023 qui
776 1974 814 2011 in
837 1969 1080 2024 frontispiciis
1105 1970 1142 2010 δε
1161 1973 1283 2023 portis
1304 1973 1536 2024 templorum
1565 1974 1746 2012 collocari
1772 1973 1906 2011 solent.
1963 1969 2078 2021 Aque

420 2035 509 2074 hinc
526 2031 745 2073 Alexander
767 2031 933 2084 Magnus
953 2033 991 2072 in
1015 2032 1180 2071 monetis
1198 2031 1320 2084 effingi
1338 2032 1462 2071 voluit
1483 2043 1572 2072 cum
1590 2033 1692 2084 pelle
1712 2032 1864 2075 leonina
1879 2031 1916 2069 in
1933 2031 2075 2083 capite.

275 2108 320 2139 ut
343 2093 566 2149 significaret
581 2104 660 2132 non
680 2090 804 2132 minus
828 2104 917 2131 cura
935 2090 1151 2143 seponere,
1182 2102 1227 2129 ac
1260 2092 1420 2130 robore:
1451 2093 1596 2142 quippe
1622 2092 1689 2142 qui
1714 2090 1742 2143 ζ
1759 2091 1787 2130 s1
1815 2089 1968 2142 quando
1996 2101 2082 2141 par·

275 2159 370 2198 ciori
386 2156 522 2195 somno
541 2150 726 2192 utendum
747 2150 876 2205 effet)
898 2151 1063 2190 dormire
1084 2148 1336 2190 consueverat
1349 2180 1363 2200 ‚
1391 2150 1550 2190 brachio
1584 2158 1690 2190 eXtra
1718 2148 1860 2189 leerum
1877 2148 2081 2201 porree‘to,

276 2218 314 2257 &
335 2216 493 2268 globum
510 2221 728 2265 argenteum
747 2223 863 2250 manu
883 2222 1038 2259 tenens,
1066 2220 1108 2249 ut
1132 2209 1160 2249 ss
1184 2206 1286 2249 forte
1302 2209 1438 2249 arehus
1456 2210 1700 2260 indemniter,
1728 2210 1789 2249 ille
1815 2210 1854 2249 in
1875 2206 2080 2260 subje&am

275 2277 421 2330 pelvim
442 2284 585 2313 aeneam
609 2270 780 2324 delapsus
801 2272 939 2310 tinnitu
959 2271 1025 2310 suo
1046 2282 1133 2309 eum
1152 2266 1244 2307 mbx
1264 2270 1407 2310 rursum
1425 2272 1620 2311 excitatet.
1680 2268 1892 2321 Nunquam
1914 2266 1999 2308 sane
2016 2279 2078 2307 or-

277 2338 369 2377 bem
394 2335 461 2374 suo
484 2330 692 2383 subjecisset
714 2332 896 2383 imperio,
929 2330 955 2370 ss
982 2331 1099 2381 quieti
1122 2327 1159 2367 &
1183 2327 1318 2369 somno
1344 2331 1463 2369 solum
1484 2330 1708 2384 indulgens;
1744 2341 1870 2369 rerum
1904 2329 2078 2369 omnium

277 2407 405 2436 curam
428 2394 494 2432 abs
514 2392 551 2432 se
571 2387 792 2431 abdicasset:
820 2402 948 2442 neque
968 2391 1069 2430 enim
1088 2386 1206 2428 altilm
1225 2388 1343 2431 debet
1361 2389 1536 2441 stertere,
1567 2391 1631 2443 qui
1652 2389 1861 2431 multorum
1891 2387 2081 2442 regendo-

276 2468 362 2496 rum
380 2451 634 2509 gubernacula
659 2449 831 2502 suscepit,
1194 2470 1199 2473 -

472 2556 559 2619 (a)
596 2551 717 2604 Non
743 2549 864 2606 decet
894 2551 1134 2619 ignavum
1159 2546 1257 2603 toth*
1275 2547 1529 2617 producere
1536 2547 1775 2618 stmmum

468 2623 626 2679 Noae
653 2626 853 2676 virum,
871 2621 972 2691 fieb
1007 2619 1217 2688 consilio,
1241 2620 1343 2685 sub
1380 2624 1571 2673 nomine
1595 2622 1732 2690 cujus

461 2699 552 2749 Ἰοι
582 2694 750 2763 populi
781 2692 975 2764 degunt,
1011 2697 1088 2747 cui
1121 2711 1286 2747 rerum
1321 2711 1436 2747 cura
1471 2692 1684 2762 fidesque

471 2765 672 2820 Credita
677 2762 1016 2834 flemmarum.

279 2881 365 2924 Leo
380 2881 513 2934 igitut,
543 2879 632 2921 cilm
653 2882 897 2921 animantium
923 2881 1071 2934 Regem
1088 2878 1124 2919 se
1141 2877 1218 2920 effe
1233 2878 1345 2927 sciat,
1374 2888 1439 2919 aut
1456 2890 1592 2932 parum
1610 2876 1771 2927 dormit,
1794 2874 1899 2917 autfi
1921 2872 2078 2925 dormit,·

285 2942 484 2984 minimum
505 2949 660 2992 apertos
674 2941 797 2980 servat
813 2944 961 2981 oculos,
1021 2940 1119 2980 Non
1132 2948 1279 2979 tantum
1297 2939 1362 2978 suo
1377 2939 1537 2980 confidit
1552 2941 1734 2992 imperio-3
1762 2947 1836 2977 nec
1850 2933 1898 2975 de
1914 2934 1978 2975 sua
2002 2947 2083 2976 ma·
2131 2956 2132 2964 ἢ

275 3001 408 3055 jestate
427 2998 630 3050 tantopere
651 2999 801 3040 securus
829 3000 904 3051 est,
938 3010 980 3040 ut
999 2998 1244 3040 necessarium
1261 3010 1341 3039 non
1368 3000 1587 3049 arbitretur,
1611 3000 1826 3051 vigilantem
1847 2995 1885 3035 se
1909 2992 2075 3050 fingere,
2130 2988 2132 3022 ἕ

279 3063 395 3102 etiam
419 3060 509 3100 dum
531 3059 704 3099 somnum
725 3061 837 3112 capit.
900 3060 1010 3113 Opus
1029 3059 1083 3099 est
1103 3058 1305 3111 equidem,
1323 3070 1365 3100 ut
1388 3059 1553 3101 sensibus
1575 3059 1636 3099 sua
1652 3053 1851 3107 aliquando
1868 3056 1975 3107 quies
1986 3066 2079 3095 con·
2129 3065 2132 3078 ³

280 3121 459 3168 cedatur3
486 3118 644 3172 expedit
667 3120 817 3161 interim
843 3121 895 3162 fic
918 3121 1064 3175 opinari
1095 3119 1144 3159 de
1172 3119 1365 3172 Regibus,
1394 3119 1502 3174 quod
1538 3120 1686 3170 semper
1724 3115 1928 3157 excubent.
1987 3115 2079 3155 Rex
2128 3116 2132 3159 ,ἶ

2018 3174 2076 3214 so-

1016 3253 1049 3265 -0
1308 3244 1561 3265 ——-'—---

379 3289 436 3336 (a)
460 3288 656 3330 Homerus.
