<?xml version="1.0" encoding="UTF-8"?>
<!DOCTYPE html PUBLIC "-//W3C//DTD XHTML 1.0 Transitional//EN"
    "http://www.w3.org/TR/xhtml1/DTD/xhtml1-transitional.dtd">
<html xmlns="http://www.w3.org/1999/xhtml" xml:lang="en" lang="en">
 <head>
  <title>
</title>
<meta http-equiv="Content-Type" content="text/html;charset=utf-8" />
  <meta name='ocr-system' content='tesseract 3.04.00' />
  <meta name='ocr-capabilities' content='ocr_page ocr_carea ocr_par ocr_line ocrx_word'/>
</head>
<body>
  <div class='ocr_page' id='page_1' title='image "./didacisaavedraef00saav_0199.png"; bbox 0 0 2132 3730; ppageno 0'>
   <div class='ocr_carea' id='block_1_1' title="bbox 14 217 1871 361">
    <p class='ocr_par' dir='ltr' id='par_1_1' title="bbox 14 217 1871 361">
     <span class='ocr_line' id='line_1_1' title="bbox 14 217 1871 287; baseline 0.014 -35"><span class='ocrx_word' id='word_1_1' title='bbox 14 274 17 284; x_wconf 30' lang='grc'>1</span> <span class='ocrx_word' id='word_1_2' title='bbox 473 217 1487 268; x_wconf 66' lang='lat' dir='ltr'>STAWBOLAPOLITICA&#39;.⁴</span> <span class='ocrx_word' id='word_1_3' title='bbox 1790 244 1871 287; x_wconf 81' lang='lat'>179</span> 
     </span>
     <span class='ocr_line' id='line_1_2' title="bbox 14 303 1866 361; baseline 0.002 -14"><span class='ocrx_word' id='word_1_4' title='bbox 14 327 17 331; x_wconf 84' lang='lat'>-</span> <span class='ocrx_word' id='word_1_5' title='bbox 76 321 156 349; x_wconf 87' lang='lat' dir='ltr'>nes.</span> <span class='ocrx_word' id='word_1_6' title='bbox 215 308 249 347; x_wconf 90' lang='lat' dir='ltr'><strong>E</strong></span> <span class='ocrx_word' id='word_1_7' title='bbox 270 317 347 357; x_wconf 91' lang='lat' dir='ltr'>quo</span> <span class='ocrx_word' id='word_1_8' title='bbox 363 312 467 343; x_wconf 85' lang='lat' dir='ltr'>tanta</span> <span class='ocrx_word' id='word_1_9' title='bbox 489 305 736 356; x_wconf 86' lang='lat' dir='ltr'>opinionum,</span> <span class='ocrx_word' id='word_1_10' title='bbox 755 303 1063 358; x_wconf 89' lang='lat' dir='ltr'>judiciorumque</span> <span class='ocrx_word' id='word_1_11' title='bbox 1083 308 1122 346; x_wconf 92' lang='lat' dir='ltr'>in</span> <span class='ocrx_word' id='word_1_12' title='bbox 1150 307 1368 348; x_wconf 86' lang='lat' dir='ltr'>hominibus</span> <span class='ocrx_word' id='word_1_13' title='bbox 1391 309 1490 349; x_wconf 84' lang='lat' dir='ltr'>nasci</span> <span class='ocrx_word' id='word_1_14' title='bbox 1527 309 1621 350; x_wconf 88' lang='lat' dir='ltr'>solet</span> <span class='ocrx_word' id='word_1_15' title='bbox 1647 309 1866 361; x_wconf 72' lang='lat' dir='ltr'>diversitas,</span> 
     </span>
    </p>
   </div>
   <div class='ocr_carea' id='block_1_2' title="bbox 1346 289 1602 297">
    <p class='ocr_par' dir='ltr' id='par_1_2' title="bbox 1346 289 1602 297">
     <span class='ocr_line' id='line_1_3' title="bbox 1346 289 1602 297; baseline 0 3433"><span class='ocrx_word' id='word_1_16' title='bbox 1346 289 1602 297; x_wconf 95' lang='lat' dir='ltr'> </span> 
     </span>
    </p>
   </div>
   <div class='ocr_carea' id='block_1_3' title="bbox 1606 289 1860 304">
    <p class='ocr_par' dir='ltr' id='par_1_3' title="bbox 1606 289 1860 304">
     <span class='ocr_line' id='line_1_4' title="bbox 1606 289 1860 304; baseline 0 3426"><span class='ocrx_word' id='word_1_17' title='bbox 1606 289 1860 304; x_wconf 95' lang='lat' dir='ltr'> </span> 
     </span>
    </p>
   </div>
   <div class='ocr_carea' id='block_1_4' title="bbox 77 282 1344 300">
    <p class='ocr_par' dir='ltr' id='par_1_4' title="bbox 77 282 1344 300">
     <span class='ocr_line' id='line_1_5' title="bbox 77 282 1344 300; baseline 0 3430"><span class='ocrx_word' id='word_1_18' title='bbox 77 282 1344 300; x_wconf 95' lang='lat' dir='ltr'> </span> 
     </span>
    </p>
   </div>
   <div class='ocr_carea' id='block_1_5' title="bbox 4 363 1866 416">
    <p class='ocr_par' dir='ltr' id='par_1_5' title="bbox 4 363 1866 416">
     <span class='ocr_line' id='line_1_6' title="bbox 4 363 1866 416; baseline 0.001 -8"><span class='ocrx_word' id='word_1_19' title='bbox 4 380 15 389; x_wconf 46' lang='lat'>‘¹</span> <span class='ocrx_word' id='word_1_20' title='bbox 73 371 151 408; x_wconf 82' lang='lat' dir='ltr'>alio</span> <span class='ocrx_word' id='word_1_21' title='bbox 172 367 273 407; x_wconf 86' lang='lat' dir='ltr'>aliter</span> <span class='ocrx_word' id='word_1_22' title='bbox 300 375 362 404; x_wconf 88' lang='lat' dir='ltr'>res</span> <span class='ocrx_word' id='word_1_23' title='bbox 380 363 476 416; x_wconf 90' lang='lat' dir='ltr'>ipsas</span> <span class='ocrx_word' id='word_1_24' title='bbox 492 365 758 416; x_wconf 87' lang='lat' dir='ltr'>concipiente,</span> <span class='ocrx_word' id='word_1_25' title='bbox 788 365 827 403; x_wconf 89' lang='lat' dir='ltr'>in</span> <span class='ocrx_word' id='word_1_26' title='bbox 849 365 985 416; x_wconf 87' lang='lat' dir='ltr'>quibus</span> <span class='ocrx_word' id='word_1_27' title='bbox 1005 366 1139 406; x_wconf 88' lang='lat' dir='ltr'>eadem</span> <span class='ocrx_word' id='word_1_28' title='bbox 1164 367 1395 408; x_wconf 83' lang='lat' dir='ltr'>incertitudo</span> <span class='ocrx_word' id='word_1_29' title='bbox 1428 368 1466 408; x_wconf 90' lang='lat'>&amp;</span> <span class='ocrx_word' id='word_1_30' title='bbox 1490 370 1649 408; x_wconf 83' lang='lat' dir='ltr'>variatio</span> <span class='ocrx_word' id='word_1_31' title='bbox 1682 372 1866 410; x_wconf 79' lang='lat' dir='ltr'>cernitur:</span> 
     </span>
    </p>
   </div>
   <div class='ocr_carea' id='block_1_6' title="bbox 0 643 23 3437">
    <p class='ocr_par' dir='ltr' id='par_1_6' title="bbox 0 643 23 3437">
     <span class='ocr_line' id='line_1_7' title="bbox 0 643 23 3437; baseline 0 0"><span class='ocrx_word' id='word_1_32' title='bbox 0 643 23 3437; x_wconf 95' lang='lat' dir='ltr'> </span> 
     </span>
    </p>
   </div>
   <div class='ocr_carea' id='block_1_7' title="bbox 11 421 1867 1789">
    <p class='ocr_par' dir='ltr' id='par_1_7' title="bbox 11 421 1867 1789">
     <span class='ocr_line' id='line_1_8' title="bbox 14 421 1867 478; baseline 0.001 -10"><span class='ocrx_word' id='word_1_33' title='bbox 14 444 15 457; x_wconf 64' lang='lat'>2</span> <span class='ocrx_word' id='word_1_34' title='bbox 73 439 159 468; x_wconf 86' lang='lat' dir='ltr'>nam</span> <span class='ocrx_word' id='word_1_35' title='bbox 176 424 305 478; x_wconf 77' lang='lat' dir='ltr'>pofitae</span> <span class='ocrx_word' id='word_1_36' title='bbox 329 421 393 464; x_wconf 76' lang='lat' dir='ltr'>hic</span> <span class='ocrx_word' id='word_1_37' title='bbox 411 432 477 463; x_wconf 84' lang='lat' dir='ltr'>aut</span> <span class='ocrx_word' id='word_1_38' title='bbox 501 424 577 463; x_wconf 89' lang='lat' dir='ltr'>illic</span> <span class='ocrx_word' id='word_1_39' title='bbox 609 424 760 463; x_wconf 84' lang='lat' dir='ltr'>colores</span> <span class='ocrx_word' id='word_1_40' title='bbox 785 423 872 463; x_wconf 90' lang='lat' dir='ltr'>suos</span> <span class='ocrx_word' id='word_1_41' title='bbox 897 434 1070 473; x_wconf 87' lang='lat' dir='ltr'>mutant,</span> <span class='ocrx_word' id='word_1_42' title='bbox 1097 425 1135 465; x_wconf 75' lang='grc' dir='ltr'>δε</span> <span class='ocrx_word' id='word_1_43' title='bbox 1168 424 1331 475; x_wconf 83' lang='lat' dir='ltr'>formas,</span> <span class='ocrx_word' id='word_1_44' title='bbox 1361 437 1425 466; x_wconf 89' lang='lat' dir='ltr'>aut</span> <span class='ocrx_word' id='word_1_45' title='bbox 1457 428 1510 467; x_wconf 91' lang='lat' dir='ltr'>ob</span> <span class='ocrx_word' id='word_1_46' title='bbox 1539 427 1766 478; x_wconf 82' lang='lat' dir='ltr'>distantiam,</span> <span class='ocrx_word' id='word_1_47' title='bbox 1800 441 1867 471; x_wconf 89' lang='lat' dir='ltr'>aut</span> 
     </span>
     <span class='ocr_line' id='line_1_9' title="bbox 14 480 1863 537; baseline 0.002 -12"><span class='ocrx_word' id='word_1_48' title='bbox 14 499 15 503; x_wconf 51' lang='lat'>¹</span> <span class='ocrx_word' id='word_1_49' title='bbox 72 487 126 526; x_wconf 86' lang='lat' dir='ltr'>ob</span> <span class='ocrx_word' id='word_1_50' title='bbox 147 484 400 533; x_wconf 88' lang='lat' dir='ltr'>vicinitatem,</span> <span class='ocrx_word' id='word_1_51' title='bbox 430 489 495 522; x_wconf 86' lang='lat' dir='ltr'>aut</span> <span class='ocrx_word' id='word_1_52' title='bbox 518 484 606 534; x_wconf 85' lang='lat' dir='ltr'>quia</span> <span class='ocrx_word' id='word_1_53' title='bbox 629 480 729 522; x_wconf 87' lang='lat' dir='ltr'>nulla</span> <span class='ocrx_word' id='word_1_54' title='bbox 741 482 916 534; x_wconf 59' lang='lat' dir='ltr'>perfecte</span> <span class='ocrx_word' id='word_1_55' title='bbox 932 484 1090 536; x_wconf 85' lang='lat' dir='ltr'>fimplex</span> <span class='ocrx_word' id='word_1_56' title='bbox 1113 482 1188 532; x_wconf 87' lang='lat' dir='ltr'>est,</span> <span class='ocrx_word' id='word_1_57' title='bbox 1217 496 1281 524; x_wconf 87' lang='lat' dir='ltr'>aut</span> <span class='ocrx_word' id='word_1_58' title='bbox 1298 495 1457 537; x_wconf 83' lang='lat' dir='ltr'>propter</span> <span class='ocrx_word' id='word_1_59' title='bbox 1481 487 1685 527; x_wconf 81' lang='lat' dir='ltr'>mixtiones</span> <span class='ocrx_word' id='word_1_60' title='bbox 1713 499 1863 529; x_wconf 79' lang='lat' dir='ltr'>natura-</span> 
     </span>
     <span class='ocr_line' id='line_1_10' title="bbox 71 541 1863 595; baseline 0.002 -9"><span class='ocrx_word' id='word_1_61' title='bbox 71 547 150 593; x_wconf 88' lang='lat' dir='ltr'><strong>les,</strong></span> <span class='ocrx_word' id='word_1_62' title='bbox 178 541 216 582; x_wconf 87' lang='lat'>&amp;</span> <span class='ocrx_word' id='word_1_63' title='bbox 237 542 403 594; x_wconf 88' lang='lat' dir='ltr'>species,</span> <span class='ocrx_word' id='word_1_64' title='bbox 431 553 515 595; x_wconf 87' lang='lat' dir='ltr'>quae</span> <span class='ocrx_word' id='word_1_65' title='bbox 542 541 618 582; x_wconf 88' lang='lat' dir='ltr'>sese</span> <span class='ocrx_word' id='word_1_66' title='bbox 640 541 808 582; x_wconf 78' lang='lat' dir='ltr'>offerunt</span> <span class='ocrx_word' id='word_1_67' title='bbox 823 543 966 583; x_wconf 87' lang='lat' dir='ltr'>medias</span> <span class='ocrx_word' id='word_1_68' title='bbox 984 544 1082 583; x_wconf 91' lang='lat' dir='ltr'>inter</span> <span class='ocrx_word' id='word_1_69' title='bbox 1100 542 1242 592; x_wconf 78' lang='lat' dir='ltr'>sensuS‚</span> <span class='ocrx_word' id='word_1_70' title='bbox 1272 544 1310 584; x_wconf 90' lang='lat'>&amp;</span> <span class='ocrx_word' id='word_1_71' title='bbox 1338 557 1382 584; x_wconf 86' lang='lat' dir='ltr'>ea</span> <span class='ocrx_word' id='word_1_72' title='bbox 1416 557 1499 595; x_wconf 82' lang='lat' dir='ltr'>quae</span> <span class='ocrx_word' id='word_1_73' title='bbox 1529 546 1594 586; x_wconf 87' lang='lat' dir='ltr'>sub</span> <span class='ocrx_word' id='word_1_74' title='bbox 1625 548 1769 589; x_wconf 79' lang='lat' dir='ltr'>sensum</span> <span class='ocrx_word' id='word_1_75' title='bbox 1796 561 1863 589; x_wconf 55' lang='lat' dir='ltr'>cae</span> 
     </span>
     <span class='ocr_line' id='line_1_11' title="bbox 13 601 1862 659; baseline 0.003 -15"><span class='ocrx_word' id='word_1_76' title='bbox 13 637 16 644; x_wconf 92' lang='lat'>.</span> <span class='ocrx_word' id='word_1_77' title='bbox 71 602 181 643; x_wconf 67' lang='lat' dir='ltr'>dunt}</span> <span class='ocrx_word' id='word_1_78' title='bbox 209 601 385 654; x_wconf 81' lang='lat' dir='ltr'>adeoque</span> <span class='ocrx_word' id='word_1_79' title='bbox 400 601 450 642; x_wconf 89' lang='lat' dir='ltr'>de</span> <span class='ocrx_word' id='word_1_80' title='bbox 464 603 508 642; x_wconf 92' lang='lat' dir='ltr'>iis</span> <span class='ocrx_word' id='word_1_81' title='bbox 528 601 708 642; x_wconf 85' lang='lat' dir='ltr'>affirmare</span> <span class='ocrx_word' id='word_1_82' title='bbox 725 614 803 642; x_wconf 90' lang='lat' dir='ltr'>non</span> <span class='ocrx_word' id='word_1_83' title='bbox 820 601 1012 654; x_wconf 80' lang='lat' dir='ltr'>poss‘umus</span> <span class='ocrx_word' id='word_1_84' title='bbox 1030 604 1152 654; x_wconf 89' lang='lat' dir='ltr'>qualia</span> <span class='ocrx_word' id='word_1_85' title='bbox 1171 603 1263 651; x_wconf 79' lang='lat' dir='ltr'>sint,</span> <span class='ocrx_word' id='word_1_86' title='bbox 1294 603 1358 643; x_wconf 92' lang='lat' dir='ltr'>sed</span> <span class='ocrx_word' id='word_1_87' title='bbox 1382 603 1474 644; x_wconf 87' lang='lat' dir='ltr'>illud</span> <span class='ocrx_word' id='word_1_88' title='bbox 1500 604 1627 645; x_wconf 84' lang='lat' dir='ltr'>dicere</span> <span class='ocrx_word' id='word_1_89' title='bbox 1646 609 1786 659; x_wconf 79' lang='lat' dir='ltr'>lblum,</span> <span class='ocrx_word' id='word_1_90' title='bbox 1805 610 1862 649; x_wconf 83' lang='lat' dir='ltr'>vi-</span> 
     </span>
     <span class='ocr_line' id='line_1_12' title="bbox 13 661 1862 715; baseline 0.003 -13"><span class='ocrx_word' id='word_1_91' title='bbox 13 695 14 698; x_wconf 60' lang='grc'>,</span> <span class='ocrx_word' id='word_1_92' title='bbox 69 661 145 702; x_wconf 80' lang='lat' dir='ltr'>deri</span> <span class='ocrx_word' id='word_1_93' title='bbox 165 662 274 710; x_wconf 85' lang='lat' dir='ltr'>talia,</span> <span class='ocrx_word' id='word_1_94' title='bbox 307 663 530 714; x_wconf 90' lang='lat' dir='ltr'>opinionem</span> <span class='ocrx_word' id='word_1_95' title='bbox 547 662 686 702; x_wconf 90' lang='lat' dir='ltr'>scilicet</span> <span class='ocrx_word' id='word_1_96' title='bbox 708 661 937 711; x_wconf 86' lang='lat' dir='ltr'>formantes,</span> <span class='ocrx_word' id='word_1_97' title='bbox 961 674 1040 702; x_wconf 90' lang='lat' dir='ltr'>non</span> <span class='ocrx_word' id='word_1_98' title='bbox 1068 672 1210 702; x_wconf 83' lang='lat' dir='ltr'>certam</span> <span class='ocrx_word' id='word_1_99' title='bbox 1227 663 1429 704; x_wconf 85' lang='lat' dir='ltr'>scientiam.</span> <span class='ocrx_word' id='word_1_100' title='bbox 1491 663 1684 715; x_wconf 80' lang='lat' dir='ltr'>Majorem</span> <span class='ocrx_word' id='word_1_101' title='bbox 1712 670 1862 708; x_wconf 74' lang='lat' dir='ltr'>incerti-</span> 
     </span>
     <span class='ocr_line' id='line_1_13' title="bbox 14 719 1864 774; baseline 0.005 -14"><span class='ocrx_word' id='word_1_102' title='bbox 14 736 15 748; x_wconf 67' lang='lat'>2</span> <span class='ocrx_word' id='word_1_103' title='bbox 66 719 235 761; x_wconf 82' lang='lat' dir='ltr'>tudinem</span> <span class='ocrx_word' id='word_1_104' title='bbox 254 721 362 763; x_wconf 89' lang='lat' dir='ltr'>Plato</span> <span class='ocrx_word' id='word_1_105' title='bbox 386 723 421 762; x_wconf 93' lang='lat' dir='ltr'>in</span> <span class='ocrx_word' id='word_1_106' title='bbox 446 724 516 762; x_wconf 87' lang='lat' dir='ltr'>illis</span> <span class='ocrx_word' id='word_1_107' title='bbox 536 723 698 773; x_wconf 87' lang='lat' dir='ltr'>reperit,</span> <span class='ocrx_word' id='word_1_108' title='bbox 730 721 820 762; x_wconf 88' lang='lat' dir='ltr'>dum</span> <span class='ocrx_word' id='word_1_109' title='bbox 848 721 1105 774; x_wconf 88' lang='lat' dir='ltr'>perdenderet</span> <span class='ocrx_word' id='word_1_110' title='bbox 1133 723 1260 761; x_wconf 87' lang='lat' dir='ltr'>animo</span> <span class='ocrx_word' id='word_1_111' title='bbox 1279 752 1292 771; x_wconf 96' lang='lat'>,</span> <span class='ocrx_word' id='word_1_112' title='bbox 1321 724 1359 762; x_wconf 86' lang='lat' dir='ltr'>in</span> <span class='ocrx_word' id='word_1_113' title='bbox 1384 721 1484 763; x_wconf 83' lang='lat' dir='ltr'>nulla</span> <span class='ocrx_word' id='word_1_114' title='bbox 1513 734 1642 764; x_wconf 87' lang='lat' dir='ltr'>earum</span> <span class='ocrx_word' id='word_1_115' title='bbox 1663 726 1777 767; x_wconf 79' lang='lat' dir='ltr'>ineffe</span> <span class='ocrx_word' id='word_1_116' title='bbox 1797 740 1864 768; x_wconf 76' lang='lat' dir='ltr'>na-</span> 
     </span>
     <span class='ocr_line' id='line_1_14' title="bbox 13 778 1861 840; baseline 0.003 -18"><span class='ocrx_word' id='word_1_117' title='bbox 13 818 15 822; x_wconf 24' lang='lat'>4</span> <span class='ocrx_word' id='word_1_118' title='bbox 65 789 186 820; x_wconf 88' lang='lat' dir='ltr'>turam</span> <span class='ocrx_word' id='word_1_119' title='bbox 205 778 304 822; x_wconf 86' lang='lat' dir='ltr'>illam</span> <span class='ocrx_word' id='word_1_120' title='bbox 328 782 553 840; x_wconf 67' lang='lat' dir='ltr'>puriilimam</span> <span class='ocrx_word' id='word_1_121' title='bbox 589 781 628 821; x_wconf 85' lang='lat'>&amp;</span> <span class='ocrx_word' id='word_1_122' title='bbox 658 780 985 833; x_wconf 64' lang='lat' dir='ltr'>perfeetiffimam,</span> <span class='ocrx_word' id='word_1_123' title='bbox 1013 792 1098 833; x_wconf 83' lang='lat' dir='ltr'>quae</span> <span class='ocrx_word' id='word_1_124' title='bbox 1128 781 1166 820; x_wconf 90' lang='lat' dir='ltr'>in</span> <span class='ocrx_word' id='word_1_125' title='bbox 1187 780 1280 821; x_wconf 91' lang='lat' dir='ltr'>Deo</span> <span class='ocrx_word' id='word_1_126' title='bbox 1309 781 1386 829; x_wconf 69' lang='lat' dir='ltr'>est,</span> <span class='ocrx_word' id='word_1_127' title='bbox 1413 794 1585 834; x_wconf 85' lang='lat' dir='ltr'>nosque,</span> <span class='ocrx_word' id='word_1_128' title='bbox 1617 783 1707 825; x_wconf 88' lang='lat' dir='ltr'>dum</span> <span class='ocrx_word' id='word_1_129' title='bbox 1739 778 1861 829; x_wconf 77' lang='lat' dir='ltr'>vitam</span> 
     </span>
     <span class='ocr_line' id='line_1_15' title="bbox 13 841 1862 895; baseline 0.004 -16"><span class='ocrx_word' id='word_1_130' title='bbox 13 865 16 892; x_wconf 67' lang='lat'>7</span> <span class='ocrx_word' id='word_1_131' title='bbox 63 841 161 880; x_wconf 88' lang='lat' dir='ltr'>hanc</span> <span class='ocrx_word' id='word_1_132' title='bbox 175 844 375 882; x_wconf 87' lang='lat' dir='ltr'>mortalem</span> <span class='ocrx_word' id='word_1_133' title='bbox 399 843 589 889; x_wconf 88' lang='lat' dir='ltr'>vivimus,</span> <span class='ocrx_word' id='word_1_134' title='bbox 619 842 672 880; x_wconf 90' lang='lat' dir='ltr'>rei</span> <span class='ocrx_word' id='word_1_135' title='bbox 689 842 826 881; x_wconf 87' lang='lat' dir='ltr'>nullius</span> <span class='ocrx_word' id='word_1_136' title='bbox 843 849 985 880; x_wconf 90' lang='lat' dir='ltr'>certam</span> <span class='ocrx_word' id='word_1_137' title='bbox 1005 842 1265 892; x_wconf 86' lang='lat' dir='ltr'>cognitionem</span> <span class='ocrx_word' id='word_1_138' title='bbox 1284 842 1427 882; x_wconf 88' lang='lat' dir='ltr'>habere</span> <span class='ocrx_word' id='word_1_139' title='bbox 1443 842 1508 882; x_wconf 86' lang='lat' dir='ltr'>sed</span> <span class='ocrx_word' id='word_1_140' title='bbox 1525 843 1726 895; x_wconf 80' lang='lat' dir='ltr'>praesentes</span> <span class='ocrx_word' id='word_1_141' title='bbox 1739 846 1862 887; x_wconf 77' lang='lat' dir='ltr'>solum</span> 
     </span>
     <span class='ocr_line' id='line_1_16' title="bbox 13 898 1861 954; baseline 0.002 -13"><span class='ocrx_word' id='word_1_142' title='bbox 13 902 16 908; x_wconf 87' lang='lat'>&#39;</span> <span class='ocrx_word' id='word_1_143' title='bbox 64 900 217 949; x_wconf 88' lang='lat' dir='ltr'>videre,</span> <span class='ocrx_word' id='word_1_144' title='bbox 248 913 332 954; x_wconf 86' lang='lat' dir='ltr'>quae</span> <span class='ocrx_word' id='word_1_145' title='bbox 352 913 432 943; x_wconf 90' lang='lat' dir='ltr'>non</span> <span class='ocrx_word' id='word_1_146' title='bbox 456 901 525 942; x_wconf 88' lang='lat' dir='ltr'>nifi</span> <span class='ocrx_word' id='word_1_147' title='bbox 557 899 709 941; x_wconf 86' lang='lat' dir='ltr'>reflexae</span> <span class='ocrx_word' id='word_1_148' title='bbox 737 899 872 947; x_wconf 82' lang='lat' dir='ltr'>effent,</span> <span class='ocrx_word' id='word_1_149' title='bbox 902 898 940 939; x_wconf 89' lang='lat'>&amp;</span> <span class='ocrx_word' id='word_1_150' title='bbox 957 900 1130 951; x_wconf 87' lang='lat' dir='ltr'>quaedam</span> <span class='ocrx_word' id='word_1_151' title='bbox 1155 902 1299 940; x_wconf 87' lang='lat' dir='ltr'>illarum</span> <span class='ocrx_word' id='word_1_152' title='bbox 1323 903 1477 950; x_wconf 86' lang='lat' dir='ltr'>umbra,</span> <span class='ocrx_word' id='word_1_153' title='bbox 1507 912 1622 954; x_wconf 88' lang='lat' dir='ltr'>atque</span> <span class='ocrx_word' id='word_1_154' title='bbox 1648 903 1751 944; x_wconf 72' lang='lat' dir='ltr'>adeo</span> <span class='ocrx_word' id='word_1_155' title='bbox 1775 904 1861 946; x_wconf 77' lang='lat' dir='ltr'>fieri</span> 
     </span>
     <span class='ocr_line' id='line_1_17' title="bbox 13 957 1862 1013; baseline 0.003 -13"><span class='ocrx_word' id='word_1_156' title='bbox 13 981 14 984; x_wconf 36' lang='lat'>¹</span> <span class='ocrx_word' id='word_1_157' title='bbox 61 971 140 1000; x_wconf 89' lang='lat' dir='ltr'>non</span> <span class='ocrx_word' id='word_1_158' title='bbox 155 959 343 1012; x_wconf 84' lang='lat' dir='ltr'>poffe,.ut</span> <span class='ocrx_word' id='word_1_159' title='bbox 370 961 420 1001; x_wconf 89' lang='lat' dir='ltr'>de</span> <span class='ocrx_word' id='word_1_160' title='bbox 439 962 483 1001; x_wconf 91' lang='lat' dir='ltr'>iis</span> <span class='ocrx_word' id='word_1_161' title='bbox 512 960 664 1000; x_wconf 90' lang='lat' dir='ltr'>scientia</span> <span class='ocrx_word' id='word_1_162' title='bbox 686 967 939 1011; x_wconf 88' lang='lat' dir='ltr'>comparetur.</span> <span class='ocrx_word' id='word_1_163' title='bbox 999 957 1097 999; x_wconf 93' lang='lat' dir='ltr'>Non</span> <span class='ocrx_word' id='word_1_164' title='bbox 1115 962 1295 1012; x_wconf 87' lang='lat' dir='ltr'>equidem</span> <span class='ocrx_word' id='word_1_165' title='bbox 1322 962 1415 1002; x_wconf 89' lang='lat' dir='ltr'>illud</span> <span class='ocrx_word' id='word_1_166' title='bbox 1438 963 1658 1013; x_wconf 87' lang='lat' dir='ltr'>contendo,</span> <span class='ocrx_word' id='word_1_167' title='bbox 1684 973 1727 1003; x_wconf 91' lang='lat' dir='ltr'>ut</span> <span class='ocrx_word' id='word_1_168' title='bbox 1757 964 1862 1005; x_wconf 63' lang='lat' dir='ltr'>Prin-2</span> 
     </span>
     <span class='ocr_line' id='line_1_18' title="bbox 62 1017 1857 1073; baseline 0.003 -14"><span class='ocrx_word' id='word_1_169' title='bbox 62 1032 153 1072; x_wconf 88' lang='lat' dir='ltr'>ceps</span> <span class='ocrx_word' id='word_1_170' title='bbox 182 1017 206 1060; x_wconf 80' lang='grc' dir='ltr'>ὲ</span> <span class='ocrx_word' id='word_1_171' title='bbox 232 1020 501 1073; x_wconf 88' lang='lat' dir='ltr'>Scepticorum</span> <span class='ocrx_word' id='word_1_172' title='bbox 520 1020 631 1060; x_wconf 88' lang='lat' dir='ltr'>turba</span> <span class='ocrx_word' id='word_1_173' title='bbox 651 1020 713 1060; x_wconf 87' lang='lat' dir='ltr'>fit:</span> <span class='ocrx_word' id='word_1_174' title='bbox 739 1031 828 1059; x_wconf 83' lang='lat' dir='ltr'>nam</span> <span class='ocrx_word' id='word_1_175' title='bbox 852 1019 917 1070; x_wconf 90' lang='lat' dir='ltr'>qui</span> <span class='ocrx_word' id='word_1_176' title='bbox 938 1017 988 1058; x_wconf 87' lang='lat' dir='ltr'>de</span> <span class='ocrx_word' id='word_1_177' title='bbox 1003 1020 1180 1059; x_wconf 88' lang='lat' dir='ltr'>omnibus</span> <span class='ocrx_word' id='word_1_178' title='bbox 1202 1019 1369 1070; x_wconf 86' lang='lat' dir='ltr'>dubitat,</span> <span class='ocrx_word' id='word_1_179' title='bbox 1395 1022 1493 1064; x_wconf 82' lang='lat' dir='ltr'>nihil</span> <span class='ocrx_word' id='word_1_180' title='bbox 1515 1024 1608 1062; x_wconf 85' lang='lat' dir='ltr'>certi</span> <span class='ocrx_word' id='word_1_181' title='bbox 1625 1023 1857 1073; x_wconf 82' lang='lat' dir='ltr'>definit,aut;</span> 
     </span>
     <span class='ocr_line' id='line_1_19' title="bbox 60 1079 1857 1136; baseline 0.002 -17"><span class='ocrx_word' id='word_1_182' title='bbox 60 1079 209 1130; x_wconf 89' lang='lat' dir='ltr'>statuit,</span> <span class='ocrx_word' id='word_1_183' title='bbox 238 1092 366 1133; x_wconf 90' lang='lat' dir='ltr'>neque</span> <span class='ocrx_word' id='word_1_184' title='bbox 381 1082 457 1121; x_wconf 86' lang='lat' dir='ltr'>ulla</span> <span class='ocrx_word' id='word_1_185' title='bbox 484 1091 544 1120; x_wconf 86' lang='lat' dir='ltr'>res</span> <span class='ocrx_word' id='word_1_186' title='bbox 563 1080 830 1132; x_wconf 87' lang='lat' dir='ltr'>gubernationi</span> <span class='ocrx_word' id='word_1_187' title='bbox 845 1079 962 1131; x_wconf 86' lang='lat' dir='ltr'>magis</span> <span class='ocrx_word' id='word_1_188' title='bbox 985 1080 1127 1128; x_wconf 88' lang='lat' dir='ltr'>noxia,</span> <span class='ocrx_word' id='word_1_189' title='bbox 1159 1090 1274 1131; x_wconf 89' lang='lat' dir='ltr'>quam</span> <span class='ocrx_word' id='word_1_190' title='bbox 1300 1080 1458 1122; x_wconf 86' lang='lat' dir='ltr'>dubium</span> <span class='ocrx_word' id='word_1_191' title='bbox 1478 1082 1621 1122; x_wconf 88' lang='lat' dir='ltr'>haerere</span> <span class='ocrx_word' id='word_1_192' title='bbox 1645 1083 1682 1123; x_wconf 87' lang='lat'>&amp;</span> <span class='ocrx_word' id='word_1_193' title='bbox 1708 1085 1857 1136; x_wconf 42' lang='lat' dir='ltr'>&gt;ancipi-</span> 
     </span>
     <span class='ocr_line' id='line_1_20' title="bbox 59 1137 1854 1193; baseline 0.003 -15"><span class='ocrx_word' id='word_1_194' title='bbox 59 1148 163 1188; x_wconf 90' lang='lat' dir='ltr'>tem,</span> <span class='ocrx_word' id='word_1_195' title='bbox 193 1142 344 1192; x_wconf 89' lang='lat' dir='ltr'>quoties</span> <span class='ocrx_word' id='word_1_196' title='bbox 366 1138 621 1181; x_wconf 84' lang='lat' dir='ltr'>decidendum</span> <span class='ocrx_word' id='word_1_197' title='bbox 641 1138 695 1179; x_wconf 92' lang='lat' dir='ltr'>est</span> <span class='ocrx_word' id='word_1_198' title='bbox 712 1138 878 1190; x_wconf 89' lang='lat' dir='ltr'>aliquid,</span> <span class='ocrx_word' id='word_1_199' title='bbox 908 1138 946 1178; x_wconf 74' lang='grc' dir='ltr'>δι</span> <span class='ocrx_word' id='word_1_200' title='bbox 963 1137 1118 1179; x_wconf 66' lang='grc' dir='ltr'>είΐεὸὶυί</span> <span class='ocrx_word' id='word_1_201' title='bbox 1139 1139 1318 1184; x_wconf 81' lang='lat' dir='ltr'>dandum.</span> <span class='ocrx_word' id='word_1_202' title='bbox 1378 1141 1473 1181; x_wconf 87' lang='lat' dir='ltr'>lllud</span> <span class='ocrx_word' id='word_1_203' title='bbox 1489 1153 1632 1182; x_wconf 88' lang='lat' dir='ltr'>moneo</span> <span class='ocrx_word' id='word_1_204' title='bbox 1651 1142 1854 1193; x_wconf 80' lang='lat' dir='ltr'>duntaxat,</span> 
     </span>
     <span class='ocr_line' id='line_1_21' title="bbox 11 1198 1860 1254; baseline 0.004 -19"><span class='ocrx_word' id='word_1_205' title='bbox 11 1202 15 1234; x_wconf 73' lang='grc' dir='ltr'>ζ</span> <span class='ocrx_word' id='word_1_206' title='bbox 57 1208 102 1238; x_wconf 92' lang='lat' dir='ltr'>ut</span> <span class='ocrx_word' id='word_1_207' title='bbox 128 1211 216 1239; x_wconf 90' lang='lat' dir='ltr'>cum</span> <span class='ocrx_word' id='word_1_208' title='bbox 233 1199 437 1252; x_wconf 86' lang='lat' dir='ltr'>prudentia</span> <span class='ocrx_word' id='word_1_209' title='bbox 453 1199 616 1251; x_wconf 85' lang='lat' dir='ltr'>quadam</span> <span class='ocrx_word' id='word_1_210' title='bbox 634 1199 791 1252; x_wconf 77' lang='lat' dir='ltr'>politica</span> <span class='ocrx_word' id='word_1_211' title='bbox 807 1199 846 1238; x_wconf 92' lang='lat' dir='ltr'>in</span> <span class='ocrx_word' id='word_1_212' title='bbox 863 1199 1108 1250; x_wconf 90' lang='lat' dir='ltr'>opinionibus</span> <span class='ocrx_word' id='word_1_213' title='bbox 1127 1198 1296 1250; x_wconf 78' lang='lat' dir='ltr'>persistat</span> <span class='ocrx_word' id='word_1_214' title='bbox 1310 1200 1550 1250; x_wconf 83' lang='lat' dir='ltr'>indifferens,</span> <span class='ocrx_word' id='word_1_215' title='bbox 1580 1211 1768 1254; x_wconf 91' lang='lat' dir='ltr'>certoque</span> <span class='ocrx_word' id='word_1_216' title='bbox 1786 1203 1860 1251; x_wconf 81' lang='lat' dir='ltr'>fibi.</span> 
     </span>
     <span class='ocr_line' id='line_1_22' title="bbox 11 1256 1853 1310; baseline 0.001 -9"><span class='ocrx_word' id='word_1_217' title='bbox 11 1296 13 1301; x_wconf 74' lang='grc'>,</span> <span class='ocrx_word' id='word_1_218' title='bbox 56 1257 300 1309; x_wconf 87' lang='lat' dir='ltr'>persuadeat,</span> <span class='ocrx_word' id='word_1_219' title='bbox 329 1258 442 1299; x_wconf 76' lang='lat' dir='ltr'>facile</span> <span class='ocrx_word' id='word_1_220' title='bbox 464 1259 503 1298; x_wconf 88' lang='lat' dir='ltr'>se</span> <span class='ocrx_word' id='word_1_221' title='bbox 523 1258 719 1310; x_wconf 89' lang='lat' dir='ltr'>injudicio</span> <span class='ocrx_word' id='word_1_222' title='bbox 732 1257 810 1298; x_wconf 87' lang='lat' dir='ltr'>falli</span> <span class='ocrx_word' id='word_1_223' title='bbox 828 1256 955 1310; x_wconf 89' lang='lat' dir='ltr'>posse,</span> <span class='ocrx_word' id='word_1_224' title='bbox 985 1258 1092 1309; x_wconf 90' lang='lat' dir='ltr'>quod</span> <span class='ocrx_word' id='word_1_225' title='bbox 1116 1258 1165 1298; x_wconf 90' lang='lat' dir='ltr'>de</span> <span class='ocrx_word' id='word_1_226' title='bbox 1185 1260 1229 1299; x_wconf 90' lang='lat' dir='ltr'>iis</span> <span class='ocrx_word' id='word_1_227' title='bbox 1250 1258 1498 1309; x_wconf 89' lang='lat' dir='ltr'>formaverit,</span> <span class='ocrx_word' id='word_1_228' title='bbox 1534 1270 1599 1301; x_wconf 88' lang='lat' dir='ltr'>aut</span> <span class='ocrx_word' id='word_1_229' title='bbox 1633 1273 1683 1307; x_wconf 83' lang='lat' dir='ltr'>ex</span> <span class='ocrx_word' id='word_1_230' title='bbox 1711 1261 1853 1309; x_wconf 60' lang='lat' dir='ltr'>affeetu</span> 
     </span>
     <span class='ocr_line' id='line_1_23' title="bbox 11 1315 1852 1373; baseline 0.004 -16"><span class='ocrx_word' id='word_1_231' title='bbox 11 1317 13 1373; x_wconf 60' lang='lat' dir='ltr'>J</span> <span class='ocrx_word' id='word_1_232' title='bbox 55 1317 94 1357; x_wconf 85' lang='lat'>&amp;</span> <span class='ocrx_word' id='word_1_233' title='bbox 118 1319 284 1369; x_wconf 88' lang='lat' dir='ltr'>paffione</span> <span class='ocrx_word' id='word_1_234' title='bbox 309 1319 471 1370; x_wconf 88' lang='lat' dir='ltr'>proprio</span> <span class='ocrx_word' id='word_1_235' title='bbox 487 1346 500 1366; x_wconf 94' lang='lat'>,</span> <span class='ocrx_word' id='word_1_236' title='bbox 531 1318 734 1357; x_wconf 71' lang='lat' dir='ltr'>autminus</span> <span class='ocrx_word' id='word_1_237' title='bbox 753 1317 895 1356; x_wconf 83' lang='lat' dir='ltr'>smeera</span> <span class='ocrx_word' id='word_1_238' title='bbox 925 1315 1221 1367; x_wconf 88' lang='lat' dir='ltr'>informatione,</span> <span class='ocrx_word' id='word_1_239' title='bbox 1252 1330 1317 1359; x_wconf 88' lang='lat' dir='ltr'>aut</span> <span class='ocrx_word' id='word_1_240' title='bbox 1340 1320 1394 1360; x_wconf 92' lang='lat' dir='ltr'>ob</span> <span class='ocrx_word' id='word_1_241' title='bbox 1412 1320 1610 1361; x_wconf 87' lang='lat' dir='ltr'>blanditias</span> <span class='ocrx_word' id='word_1_242' title='bbox 1640 1323 1799 1364; x_wconf 81' lang='lat' dir='ltr'>aliorum</span> <span class='ocrx_word' id='word_1_243' title='bbox 1814 1321 1852 1370; x_wconf 71' lang='grc' dir='ltr'>ὃς</span> 
     </span>
     <span class='ocr_line' id='line_1_24' title="bbox 12 1374 1858 1431; baseline 0.002 -14"><span class='ocrx_word' id='word_1_244' title='bbox 12 1375 15 1377; x_wconf 66' lang='grc'><strong><em>’</em></strong></span> <span class='ocrx_word' id='word_1_245' title='bbox 56 1375 342 1427; x_wconf 81' lang='lat' dir='ltr'>affentationes,</span> <span class='ocrx_word' id='word_1_246' title='bbox 371 1386 438 1416; x_wconf 86' lang='lat' dir='ltr'>aut</span> <span class='ocrx_word' id='word_1_247' title='bbox 453 1377 541 1428; x_wconf 88' lang='lat' dir='ltr'>quia</span> <span class='ocrx_word' id='word_1_248' title='bbox 559 1375 673 1415; x_wconf 83' lang='lat' dir='ltr'>exosa</span> <span class='ocrx_word' id='word_1_249' title='bbox 694 1374 820 1415; x_wconf 81' lang='lat' dir='ltr'>illiest</span> <span class='ocrx_word' id='word_1_250' title='bbox 845 1378 1006 1425; x_wconf 88' lang='lat' dir='ltr'>veritas,</span> <span class='ocrx_word' id='word_1_251' title='bbox 1035 1389 1120 1428; x_wconf 86' lang='lat' dir='ltr'>quae</span> <span class='ocrx_word' id='word_1_252' title='bbox 1156 1380 1342 1428; x_wconf 87' lang='lat' dir='ltr'>potentiae</span> <span class='ocrx_word' id='word_1_253' title='bbox 1370 1389 1496 1419; x_wconf 90' lang='lat' dir='ltr'>certos</span> <span class='ocrx_word' id='word_1_254' title='bbox 1529 1380 1734 1431; x_wconf 86' lang='lat' dir='ltr'>praescribit</span> <span class='ocrx_word' id='word_1_255' title='bbox 1760 1382 1858 1429; x_wconf 52' lang='lat' dir='ltr'>limissv</span> 
     </span>
     <span class='ocr_line' id='line_1_25' title="bbox 54 1434 1851 1490; baseline 0.002 -14"><span class='ocrx_word' id='word_1_256' title='bbox 54 1446 137 1485; x_wconf 83' lang='lat' dir='ltr'>tes,</span> <span class='ocrx_word' id='word_1_257' title='bbox 166 1438 347 1490; x_wconf 79' lang='lat' dir='ltr'>legesque</span> <span class='ocrx_word' id='word_1_258' title='bbox 361 1436 571 1485; x_wconf 87' lang='lat' dir='ltr'>voluntati,</span> <span class='ocrx_word' id='word_1_259' title='bbox 590 1445 655 1475; x_wconf 85' lang='lat' dir='ltr'>aut</span> <span class='ocrx_word' id='word_1_260' title='bbox 673 1445 834 1488; x_wconf 86' lang='lat' dir='ltr'>propter</span> <span class='ocrx_word' id='word_1_261' title='bbox 856 1434 1026 1475; x_wconf 90' lang='lat' dir='ltr'>nostrum</span> <span class='ocrx_word' id='word_1_262' title='bbox 1051 1436 1365 1488; x_wconf 88' lang='lat' dir='ltr'>apprehendendi</span> <span class='ocrx_word' id='word_1_263' title='bbox 1394 1438 1553 1479; x_wconf 90' lang='lat' dir='ltr'>modum</span> <span class='ocrx_word' id='word_1_264' title='bbox 1589 1439 1702 1479; x_wconf 89' lang='lat' dir='ltr'>valde</span> <span class='ocrx_word' id='word_1_265' title='bbox 1731 1441 1851 1489; x_wconf 69' lang='lat' dir='ltr'>incer-7</span> 
     </span>
     <span class='ocr_line' id='line_1_26' title="bbox 54 1494 1853 1553; baseline 0.002 -17"><span class='ocrx_word' id='word_1_266' title='bbox 54 1505 156 1545; x_wconf 88' lang='lat' dir='ltr'>turn,</span> <span class='ocrx_word' id='word_1_267' title='bbox 186 1507 251 1538; x_wconf 88' lang='lat' dir='ltr'>aut</span> <span class='ocrx_word' id='word_1_268' title='bbox 268 1496 434 1550; x_wconf 90' lang='lat' dir='ltr'>denique</span> <span class='ocrx_word' id='word_1_269' title='bbox 444 1497 531 1548; x_wconf 88' lang='lat' dir='ltr'>quia</span> <span class='ocrx_word' id='word_1_270' title='bbox 543 1507 676 1547; x_wconf 85' lang='lat' dir='ltr'>paucae</span> <span class='ocrx_word' id='word_1_271' title='bbox 692 1506 751 1535; x_wconf 90' lang='lat' dir='ltr'>res</span> <span class='ocrx_word' id='word_1_272' title='bbox 763 1494 951 1546; x_wconf 89' lang='lat' dir='ltr'>ejusmodi</span> <span class='ocrx_word' id='word_1_273' title='bbox 974 1497 1078 1544; x_wconf 90' lang='lat' dir='ltr'>sunt,</span> <span class='ocrx_word' id='word_1_274' title='bbox 1108 1497 1236 1547; x_wconf 88' lang='lat' dir='ltr'>quales</span> <span class='ocrx_word' id='word_1_275' title='bbox 1250 1498 1370 1548; x_wconf 88' lang='lat' dir='ltr'>prima</span> <span class='ocrx_word' id='word_1_276' title='bbox 1386 1496 1515 1538; x_wconf 91' lang='lat' dir='ltr'>fronte</span> <span class='ocrx_word' id='word_1_277' title='bbox 1532 1509 1737 1551; x_wconf 89' lang='lat' dir='ltr'>apparent,</span> <span class='ocrx_word' id='word_1_278' title='bbox 1757 1513 1853 1553; x_wconf 76' lang='lat' dir='ltr'>prae-</span> 
     </span>
     <span class='ocr_line' id='line_1_27' title="bbox 53 1552 1853 1610; baseline 0.003 -16"><span class='ocrx_word' id='word_1_279' title='bbox 53 1556 179 1596; x_wconf 78' lang='lat' dir='ltr'>sertIm</span> <span class='ocrx_word' id='word_1_280' title='bbox 198 1555 390 1609; x_wconf 85' lang='lat' dir='ltr'>politicae,</span> <span class='ocrx_word' id='word_1_281' title='bbox 419 1568 507 1596; x_wconf 87' lang='lat' dir='ltr'>cum</span> <span class='ocrx_word' id='word_1_282' title='bbox 526 1556 622 1596; x_wconf 85' lang='lat' dir='ltr'>ratio</span> <span class='ocrx_word' id='word_1_283' title='bbox 648 1553 775 1595; x_wconf 87' lang='lat' dir='ltr'>Status</span> <span class='ocrx_word' id='word_1_284' title='bbox 787 1554 862 1605; x_wconf 86' lang='lat' dir='ltr'>jam</span> <span class='ocrx_word' id='word_1_285' title='bbox 886 1553 969 1594; x_wconf 74' lang='lat' dir='ltr'>fere</span> <span class='ocrx_word' id='word_1_286' title='bbox 1001 1552 1094 1595; x_wconf 88' lang='lat' dir='ltr'>nihil</span> <span class='ocrx_word' id='word_1_287' title='bbox 1114 1556 1213 1594; x_wconf 85' lang='lat' dir='ltr'>aliud</span> <span class='ocrx_word' id='word_1_288' title='bbox 1235 1556 1300 1605; x_wconf 85' lang='lat' dir='ltr'>fit,</span> <span class='ocrx_word' id='word_1_289' title='bbox 1330 1569 1442 1608; x_wconf 84' lang='lat' dir='ltr'>quam</span> <span class='ocrx_word' id='word_1_290' title='bbox 1469 1571 1525 1598; x_wconf 84' lang='lat' dir='ltr'>ars</span> <span class='ocrx_word' id='word_1_291' title='bbox 1552 1558 1725 1610; x_wconf 83' lang='lat' dir='ltr'>quaedam</span> <span class='ocrx_word' id='word_1_292' title='bbox 1756 1561 1853 1600; x_wconf 88' lang='lat' dir='ltr'>alios</span> 
     </span>
     <span class='ocr_line' id='line_1_28' title="bbox 11 1610 1853 1668; baseline 0.002 -13"><span class='ocrx_word' id='word_1_293' title='bbox 11 1610 12 1613; x_wconf 62' lang='grc'>’</span> <span class='ocrx_word' id='word_1_294' title='bbox 54 1615 233 1666; x_wconf 89' lang='lat' dir='ltr'>fallendi,</span> <span class='ocrx_word' id='word_1_295' title='bbox 256 1626 321 1657; x_wconf 85' lang='lat' dir='ltr'>aut</span> <span class='ocrx_word' id='word_1_296' title='bbox 338 1628 390 1657; x_wconf 91' lang='lat' dir='ltr'>ne</span> <span class='ocrx_word' id='word_1_297' title='bbox 404 1615 585 1667; x_wconf 88' lang='lat' dir='ltr'>Princeps</span> <span class='ocrx_word' id='word_1_298' title='bbox 609 1610 759 1655; x_wconf 84' lang='lat' dir='ltr'>fallatur</span> <span class='ocrx_word' id='word_1_299' title='bbox 775 1615 822 1653; x_wconf 84' lang='lat' dir='ltr'>ab</span> <span class='ocrx_word' id='word_1_300' title='bbox 843 1616 933 1654; x_wconf 90' lang='lat' dir='ltr'>aliis.</span> <span class='ocrx_word' id='word_1_301' title='bbox 994 1615 1125 1667; x_wconf 85' lang='lat' dir='ltr'>Quare</span> <span class='ocrx_word' id='word_1_302' title='bbox 1140 1614 1296 1655; x_wconf 84' lang='lat' dir='ltr'>diversis</span> <span class='ocrx_word' id='word_1_303' title='bbox 1327 1627 1440 1668; x_wconf 73' lang='lat' dir='ltr'>egent</span> <span class='ocrx_word' id='word_1_304' title='bbox 1457 1619 1679 1667; x_wconf 83' lang='lat' dir='ltr'>luminibus,</span> <span class='ocrx_word' id='word_1_305' title='bbox 1698 1618 1735 1658; x_wconf 87' lang='lat'>&amp;</span> <span class='ocrx_word' id='word_1_306' title='bbox 1759 1631 1853 1668; x_wconf 61' lang='lat' dir='ltr'>con-7</span> 
     </span>
     <span class='ocr_line' id='line_1_29' title="bbox 53 1673 1852 1730; baseline 0.002 -14"><span class='ocrx_word' id='word_1_307' title='bbox 53 1675 216 1716; x_wconf 86' lang='lat' dir='ltr'>siderare</span> <span class='ocrx_word' id='word_1_308' title='bbox 238 1687 302 1716; x_wconf 83' lang='lat' dir='ltr'>eas</span> <span class='ocrx_word' id='word_1_309' title='bbox 329 1685 486 1728; x_wconf 89' lang='lat' dir='ltr'>oportet</span> <span class='ocrx_word' id='word_1_310' title='bbox 516 1674 646 1715; x_wconf 89' lang='lat' dir='ltr'>sedulo</span> <span class='ocrx_word' id='word_1_311' title='bbox 669 1673 825 1725; x_wconf 77' lang='lat' dir='ltr'>potius,</span> <span class='ocrx_word' id='word_1_312' title='bbox 854 1685 967 1724; x_wconf 81' lang='lat' dir='ltr'>quam</span> <span class='ocrx_word' id='word_1_313' title='bbox 988 1675 1113 1713; x_wconf 87' lang='lat' dir='ltr'>obiter</span> <span class='ocrx_word' id='word_1_314' title='bbox 1142 1675 1302 1724; x_wconf 90' lang='lat' dir='ltr'>intueri,</span> <span class='ocrx_word' id='word_1_315' title='bbox 1332 1687 1382 1715; x_wconf 90' lang='lat' dir='ltr'>ne</span> <span class='ocrx_word' id='word_1_316' title='bbox 1410 1675 1590 1728; x_wconf 87' lang='lat' dir='ltr'>Princeps</span> <span class='ocrx_word' id='word_1_317' title='bbox 1624 1679 1761 1718; x_wconf 85' lang='lat' dir='ltr'>leviter</span> <span class='ocrx_word' id='word_1_318' title='bbox 1792 1691 1852 1730; x_wconf 56' lang='lat' dir='ltr'>req</span> 
     </span>
     <span class='ocr_line' id='line_1_30' title="bbox 53 1733 1008 1789; baseline -0.002 -13"><span class='ocrx_word' id='word_1_319' title='bbox 53 1738 125 1777; x_wconf 90' lang='lat' dir='ltr'>bus</span> <span class='ocrx_word' id='word_1_320' title='bbox 142 1737 416 1789; x_wconf 87' lang='lat' dir='ltr'>apparentibus</span> <span class='ocrx_word' id='word_1_321' title='bbox 433 1734 473 1774; x_wconf 65' lang='grc' dir='ltr'>ὃς</span> <span class='ocrx_word' id='word_1_322' title='bbox 493 1733 778 1774; x_wconf 85' lang='lat' dir='ltr'>narratiunculis</span> <span class='ocrx_word' id='word_1_323' title='bbox 794 1741 1008 1774; x_wconf 86' lang='lat' dir='ltr'>moveatur.</span> 
     </span>
    </p>
   </div>
   <div class='ocr_carea' id='block_1_8' title="bbox 10 1805 1853 2876">
    <p class='ocr_par' dir='ltr' id='par_1_8' title="bbox 10 1805 1853 2216">
     <span class='ocr_line' id='line_1_31' title="bbox 220 1805 1853 1864; baseline -0.001 -12"><span class='ocrx_word' id='word_1_324' title='bbox 220 1810 256 1864; x_wconf 85' lang='lat'>§.</span> <span class='ocrx_word' id='word_1_325' title='bbox 287 1808 455 1851; x_wconf 86' lang='lat' dir='ltr'>Fraudes</span> <span class='ocrx_word' id='word_1_326' title='bbox 475 1806 552 1847; x_wconf 87' lang='lat' dir='ltr'>istae</span> <span class='ocrx_word' id='word_1_327' title='bbox 571 1837 585 1856; x_wconf 90' lang='lat'>,</span> <span class='ocrx_word' id='word_1_328' title='bbox 614 1805 653 1846; x_wconf 74' lang='grc' dir='ltr'>δι</span> <span class='ocrx_word' id='word_1_329' title='bbox 673 1815 770 1846; x_wconf 84' lang='lat' dir='ltr'>artes</span> <span class='ocrx_word' id='word_1_330' title='bbox 792 1807 957 1857; x_wconf 89' lang='lat' dir='ltr'>politicae</span> <span class='ocrx_word' id='word_1_331' title='bbox 983 1805 1149 1858; x_wconf 84' lang='lat' dir='ltr'>dignosci</span> <span class='ocrx_word' id='word_1_332' title='bbox 1165 1815 1386 1858; x_wconf 88' lang='lat' dir='ltr'>nequeunt,</span> <span class='ocrx_word' id='word_1_333' title='bbox 1418 1806 1484 1847; x_wconf 84' lang='lat' dir='ltr'>nisi</span> <span class='ocrx_word' id='word_1_334' title='bbox 1508 1807 1583 1859; x_wconf 86' lang='lat' dir='ltr'>ipsa</span> <span class='ocrx_word' id='word_1_335' title='bbox 1602 1809 1766 1849; x_wconf 73' lang='lat' dir='ltr'>hominis</span> <span class='ocrx_word' id='word_1_336' title='bbox 1783 1822 1853 1851; x_wconf 87' lang='lat' dir='ltr'>na-</span> 
     </span>
     <span class='ocr_line' id='line_1_32' title="bbox 11 1864 1850 1924; baseline 0.003 -21"><span class='ocrx_word' id='word_1_337' title='bbox 11 1873 13 1903; x_wconf 74' lang='lat' dir='ltr'>i</span> <span class='ocrx_word' id='word_1_338' title='bbox 53 1879 136 1910; x_wconf 81' lang='lat' dir='ltr'>tura</span> <span class='ocrx_word' id='word_1_339' title='bbox 149 1870 275 1922; x_wconf 71' lang='lat' dir='ltr'>probe</span> <span class='ocrx_word' id='word_1_340' title='bbox 298 1867 498 1924; x_wconf 57' lang='lat' dir='ltr'>perspecta</span> <span class='ocrx_word' id='word_1_341' title='bbox 516 1866 561 1906; x_wconf 85' lang='lat' dir='ltr'>fit</span> <span class='ocrx_word' id='word_1_342' title='bbox 581 1878 593 1911; x_wconf 80' lang='lat'>3</span> <span class='ocrx_word' id='word_1_343' title='bbox 622 1867 718 1904; x_wconf 88' lang='lat' dir='ltr'>illius</span> <span class='ocrx_word' id='word_1_344' title='bbox 740 1865 925 1915; x_wconf 78' lang='lat' dir='ltr'>siquidem</span> <span class='ocrx_word' id='word_1_345' title='bbox 940 1866 1110 1916; x_wconf 85' lang='lat' dir='ltr'>cognitio</span> <span class='ocrx_word' id='word_1_346' title='bbox 1135 1865 1246 1916; x_wconf 79' lang='lat' dir='ltr'>plane</span> <span class='ocrx_word' id='word_1_347' title='bbox 1271 1864 1472 1906; x_wconf 81' lang='lat' dir='ltr'>neceffaria</span> <span class='ocrx_word' id='word_1_348' title='bbox 1497 1866 1551 1906; x_wconf 88' lang='lat' dir='ltr'>est</span> <span class='ocrx_word' id='word_1_349' title='bbox 1568 1867 1742 1920; x_wconf 76' lang='lat' dir='ltr'>principi,</span> <span class='ocrx_word' id='word_1_350' title='bbox 1760 1871 1850 1912; x_wconf 84' lang='lat' dir='ltr'>ut&amp;</span> 
     </span>
     <span class='ocr_line' id='line_1_33' title="bbox 10 1922 1848 1982; baseline -0.002 -13"><span class='ocrx_word' id='word_1_351' title='bbox 10 1922 13 1928; x_wconf 54' lang='lat'><strong>⁴</strong></span> <span class='ocrx_word' id='word_1_352' title='bbox 50 1940 182 1982; x_wconf 88' lang='lat' dir='ltr'>regere</span> <span class='ocrx_word' id='word_1_353' title='bbox 200 1942 288 1970; x_wconf 90' lang='lat' dir='ltr'>eum</span> <span class='ocrx_word' id='word_1_354' title='bbox 309 1930 398 1968; x_wconf 90' lang='lat' dir='ltr'>sciat</span> <span class='ocrx_word' id='word_1_355' title='bbox 417 1957 431 1975; x_wconf 94' lang='lat'>,</span> <span class='ocrx_word' id='word_1_356' title='bbox 461 1925 500 1964; x_wconf 67' lang='grc' dir='ltr'>ἃ.</span> <span class='ocrx_word' id='word_1_357' title='bbox 526 1925 594 1963; x_wconf 86' lang='lat' dir='ltr'>fibi</span> <span class='ocrx_word' id='word_1_358' title='bbox 607 1924 654 1962; x_wconf 87' lang='lat' dir='ltr'>ab</span> <span class='ocrx_word' id='word_1_359' title='bbox 674 1922 724 1962; x_wconf 85' lang='lat' dir='ltr'>eo</span> <span class='ocrx_word' id='word_1_360' title='bbox 743 1934 882 1961; x_wconf 88' lang='lat' dir='ltr'>cavere</span> <span class='ocrx_word' id='word_1_361' title='bbox 909 1932 921 1965; x_wconf 73' lang='lat' dir='ltr'>t</span> <span class='ocrx_word' id='word_1_362' title='bbox 953 1923 1021 1962; x_wconf 79' lang='lat' dir='ltr'>etsi</span> <span class='ocrx_word' id='word_1_363' title='bbox 1046 1924 1147 1962; x_wconf 85' lang='lat' dir='ltr'>enirn</span> <span class='ocrx_word' id='word_1_364' title='bbox 1169 1923 1403 1975; x_wconf 78' lang='lat' dir='ltr'>principatus</span> <span class='ocrx_word' id='word_1_365' title='bbox 1424 1925 1623 1965; x_wconf 87' lang='lat' dir='ltr'>hominum</span> <span class='ocrx_word' id='word_1_366' title='bbox 1649 1927 1692 1966; x_wconf 82' lang='lat' dir='ltr'>sit</span> <span class='ocrx_word' id='word_1_367' title='bbox 1714 1929 1848 1970; x_wconf 74' lang='lat' dir='ltr'>inven-</span> 
     </span>
     <span class='ocr_line' id='line_1_34' title="bbox 51 1981 1847 2041; baseline 0 -13"><span class='ocrx_word' id='word_1_368' title='bbox 51 1992 106 2029; x_wconf 88' lang='lat' dir='ltr'>tio</span> <span class='ocrx_word' id='word_1_369' title='bbox 123 2019 135 2037; x_wconf 92' lang='lat'>,</span> <span class='ocrx_word' id='word_1_370' title='bbox 164 1988 193 2028; x_wconf 80' lang='lat' dir='ltr'>si</span> <span class='ocrx_word' id='word_1_371' title='bbox 208 1988 300 2041; x_wconf 92' lang='lat' dir='ltr'>quid</span> <span class='ocrx_word' id='word_1_372' title='bbox 314 1997 442 2027; x_wconf 87' lang='lat' dir='ltr'>tamen</span> <span class='ocrx_word' id='word_1_373' title='bbox 459 1984 510 2023; x_wconf 84' lang='lat' dir='ltr'>illi</span> <span class='ocrx_word' id='word_1_374' title='bbox 528 1981 740 2022; x_wconf 84' lang='lat' dir='ltr'>timendum</span> <span class='ocrx_word' id='word_1_375' title='bbox 766 1982 924 2032; x_wconf 90' lang='lat' dir='ltr'>periculi</span> <span class='ocrx_word' id='word_1_376' title='bbox 949 2011 961 2030; x_wconf 93' lang='lat'>,</span> <span class='ocrx_word' id='word_1_377' title='bbox 990 1981 1037 2020; x_wconf 86' lang='lat' dir='ltr'>ab</span> <span class='ocrx_word' id='word_1_378' title='bbox 1054 1982 1111 2021; x_wconf 89' lang='lat' dir='ltr'>his</span> <span class='ocrx_word' id='word_1_379' title='bbox 1128 1981 1212 2021; x_wconf 87' lang='lat' dir='ltr'>solis</span> <span class='ocrx_word' id='word_1_380' title='bbox 1232 2012 1246 2031; x_wconf 92' lang='lat'>,</span> <span class='ocrx_word' id='word_1_381' title='bbox 1273 1995 1353 2022; x_wconf 87' lang='lat' dir='ltr'>non</span> <span class='ocrx_word' id='word_1_382' title='bbox 1376 1984 1526 2024; x_wconf 88' lang='lat' dir='ltr'>aliunde</span> <span class='ocrx_word' id='word_1_383' title='bbox 1551 1985 1761 2026; x_wconf 88' lang='lat' dir='ltr'>timendum</span> <span class='ocrx_word' id='word_1_384' title='bbox 1779 1987 1847 2038; x_wconf 87' lang='lat' dir='ltr'>est,</span> 
     </span>
     <span class='ocr_line' id='line_1_35' title="bbox 50 2040 1847 2100; baseline -0.002 -10"><span class='ocrx_word' id='word_1_385' title='bbox 50 2061 124 2089; x_wconf 89' lang='lat' dir='ltr'>nec</span> <span class='ocrx_word' id='word_1_386' title='bbox 139 2048 258 2100; x_wconf 89' lang='lat' dir='ltr'>major</span> <span class='ocrx_word' id='word_1_387' title='bbox 281 2047 427 2088; x_wconf 88' lang='lat' dir='ltr'>homini</span> <span class='ocrx_word' id='word_1_388' title='bbox 447 2041 565 2083; x_wconf 89' lang='lat' dir='ltr'>hostis</span> <span class='ocrx_word' id='word_1_389' title='bbox 581 2071 594 2091; x_wconf 92' lang='lat'>,</span> <span class='ocrx_word' id='word_1_390' title='bbox 623 2040 737 2093; x_wconf 75' lang='lat' dir='ltr'>quam</span> <span class='ocrx_word' id='word_1_391' title='bbox 749 2042 827 2092; x_wconf 89' lang='lat' dir='ltr'>ipse</span> <span class='ocrx_word' id='word_1_392' title='bbox 846 2042 979 2081; x_wconf 86' lang='lat' dir='ltr'>homo.</span> <span class='ocrx_word' id='word_1_393' title='bbox 1039 2040 1137 2081; x_wconf 93' lang='lat' dir='ltr'>Non</span> <span class='ocrx_word' id='word_1_394' title='bbox 1154 2044 1276 2093; x_wconf 87' lang='lat' dir='ltr'>aquila</span> <span class='ocrx_word' id='word_1_395' title='bbox 1292 2044 1453 2094; x_wconf 89' lang='lat' dir='ltr'>aquilam</span> <span class='ocrx_word' id='word_1_396' title='bbox 1476 2046 1644 2096; x_wconf 86' lang='lat' dir='ltr'>impetit,</span> <span class='ocrx_word' id='word_1_397' title='bbox 1659 2057 1732 2085; x_wconf 89' lang='lat' dir='ltr'>nec</span> <span class='ocrx_word' id='word_1_398' title='bbox 1751 2047 1847 2100; x_wconf 83' lang='lat' dir='ltr'>aspis</span> 
     </span>
     <span class='ocr_line' id='line_1_36' title="bbox 51 2101 1844 2161; baseline -0.001 -13"><span class='ocrx_word' id='word_1_399' title='bbox 51 2107 217 2161; x_wconf 85' lang='lat' dir='ltr'>aspidem</span> <span class='ocrx_word' id='word_1_400' title='bbox 236 2120 250 2156; x_wconf 88' lang='lat'>;</span> <span class='ocrx_word' id='word_1_401' title='bbox 281 2116 319 2147; x_wconf 85' lang='lat' dir='ltr'>at</span> <span class='ocrx_word' id='word_1_402' title='bbox 335 2108 454 2146; x_wconf 85' lang='lat' dir='ltr'>homo</span> <span class='ocrx_word' id='word_1_403' title='bbox 477 2102 623 2142; x_wconf 90' lang='lat' dir='ltr'>homini</span> <span class='ocrx_word' id='word_1_404' title='bbox 641 2101 787 2153; x_wconf 86' lang='lat' dir='ltr'>semper</span> <span class='ocrx_word' id='word_1_405' title='bbox 809 2102 963 2140; x_wconf 88' lang='lat' dir='ltr'>molitur</span> <span class='ocrx_word' id='word_1_406' title='bbox 982 2102 1204 2152; x_wconf 76' lang='lat' dir='ltr'>perniciem,</span> <span class='ocrx_word' id='word_1_407' title='bbox 1266 2101 1444 2142; x_wconf 87' lang='lat' dir='ltr'>Ferarum</span> <span class='ocrx_word' id='word_1_408' title='bbox 1463 2103 1595 2154; x_wconf 86' lang='lat' dir='ltr'>specus</span> <span class='ocrx_word' id='word_1_409' title='bbox 1616 2106 1758 2156; x_wconf 87' lang='lat' dir='ltr'>absque</span> <span class='ocrx_word' id='word_1_410' title='bbox 1778 2120 1844 2147; x_wconf 91' lang='lat' dir='ltr'>cu-</span> 
     </span>
     <span class='ocr_line' id='line_1_37' title="bbox 10 2159 1845 2216; baseline -0.003 -4"><span class='ocrx_word' id='word_1_411' title='bbox 10 2207 13 2212; x_wconf 90' lang='lat'>.</span> <span class='ocrx_word' id='word_1_412' title='bbox 49 2169 170 2209; x_wconf 85' lang='lat' dir='ltr'>stodia</span> <span class='ocrx_word' id='word_1_413' title='bbox 183 2168 267 2209; x_wconf 91' lang='lat' dir='ltr'>sunt</span> <span class='ocrx_word' id='word_1_414' title='bbox 285 2198 297 2216; x_wconf 91' lang='lat'>,</span> <span class='ocrx_word' id='word_1_415' title='bbox 327 2166 374 2206; x_wconf 91' lang='lat' dir='ltr'>ad</span> <span class='ocrx_word' id='word_1_416' title='bbox 396 2159 661 2205; x_wconf 88' lang='lat' dir='ltr'>custodiendas</span> <span class='ocrx_word' id='word_1_417' title='bbox 682 2159 781 2200; x_wconf 74' lang='lat' dir='ltr'>verb</span> <span class='ocrx_word' id='word_1_418' title='bbox 805 2161 918 2200; x_wconf 87' lang='lat' dir='ltr'>urbes</span> <span class='ocrx_word' id='word_1_419' title='bbox 945 2169 1121 2211; x_wconf 88' lang='lat' dir='ltr'>tempore</span> <span class='ocrx_word' id='word_1_420' title='bbox 1149 2160 1345 2200; x_wconf 59' lang='lat' dir='ltr'>noeturnae</span> <span class='ocrx_word' id='word_1_421' title='bbox 1381 2164 1517 2212; x_wconf 85' lang='lat' dir='ltr'>quietis</span> <span class='ocrx_word' id='word_1_422' title='bbox 1539 2175 1612 2203; x_wconf 88' lang='lat' dir='ltr'>nec</span> <span class='ocrx_word' id='word_1_423' title='bbox 1637 2174 1742 2204; x_wconf 82' lang='lat' dir='ltr'>terna</span> <span class='ocrx_word' id='word_1_424' title='bbox 1770 2169 1845 2207; x_wconf 90' lang='lat' dir='ltr'>ele-</span> 
     </span>
    </p>

    <p class='ocr_par' dir='ltr' id='par_1_9' title="bbox 45 2218 1843 2876">
     <span class='ocr_line' id='line_1_38' title="bbox 47 2218 1842 2274; baseline -0.006 -5"><span class='ocrx_word' id='word_1_425' title='bbox 47 2238 176 2270; x_wconf 87' lang='lat' dir='ltr'>menta</span> <span class='ocrx_word' id='word_1_426' title='bbox 203 2228 387 2268; x_wconf 86' lang='lat' dir='ltr'>sufficiunt</span> <span class='ocrx_word' id='word_1_427' title='bbox 411 2239 420 2264; x_wconf 93' lang='lat'><strong>:</strong></span> <span class='ocrx_word' id='word_1_428' title='bbox 448 2233 546 2263; x_wconf 85' lang='lat' dir='ltr'>terra</span> <span class='ocrx_word' id='word_1_429' title='bbox 564 2221 707 2261; x_wconf 88' lang='lat' dir='ltr'>scilicet</span> <span class='ocrx_word' id='word_1_430' title='bbox 726 2218 873 2273; x_wconf 85' lang='lat' dir='ltr'>aggesta</span> <span class='ocrx_word' id='word_1_431' title='bbox 898 2220 938 2259; x_wconf 87' lang='lat' dir='ltr'>in</span> <span class='ocrx_word' id='word_1_432' title='bbox 955 2220 1092 2259; x_wconf 81' lang='lat' dir='ltr'>moenia</span> <span class='ocrx_word' id='word_1_433' title='bbox 1117 2219 1155 2259; x_wconf 69' lang='grc' dir='ltr'>δε</span> <span class='ocrx_word' id='word_1_434' title='bbox 1183 2223 1469 2273; x_wconf 84' lang='lat' dir='ltr'>propugnacula</span> <span class='ocrx_word' id='word_1_435' title='bbox 1488 2252 1501 2271; x_wconf 88' lang='lat'>‚</span> <span class='ocrx_word' id='word_1_436' title='bbox 1528 2235 1625 2274; x_wconf 86' lang='lat' dir='ltr'>aqua</span> <span class='ocrx_word' id='word_1_437' title='bbox 1647 2225 1686 2263; x_wconf 88' lang='lat' dir='ltr'>in</span> <span class='ocrx_word' id='word_1_438' title='bbox 1714 2224 1842 2266; x_wconf 79' lang='lat' dir='ltr'>Fossas</span> 
     </span>
     <span class='ocr_line' id='line_1_39' title="bbox 47 2278 1841 2340; baseline -0.002 -11"><span class='ocrx_word' id='word_1_439' title='bbox 47 2286 209 2330; x_wconf 65' lang='lat' dir='ltr'>coueua</span> <span class='ocrx_word' id='word_1_440' title='bbox 225 2318 237 2337; x_wconf 92' lang='lat'>,</span> <span class='ocrx_word' id='word_1_441' title='bbox 270 2286 418 2340; x_wconf 86' lang='lat' dir='ltr'>&amp;ignis</span> <span class='ocrx_word' id='word_1_442' title='bbox 441 2280 639 2324; x_wconf 86' lang='lat' dir='ltr'>conclusus</span> <span class='ocrx_word' id='word_1_443' title='bbox 654 2281 693 2320; x_wconf 91' lang='lat' dir='ltr'>in</span> <span class='ocrx_word' id='word_1_444' title='bbox 711 2278 842 2320; x_wconf 85' lang='lat' dir='ltr'>fistulis</span> <span class='ocrx_word' id='word_1_445' title='bbox 858 2281 996 2329; x_wconf 86' lang='lat' dir='ltr'>aeneis‚</span> <span class='ocrx_word' id='word_1_446' title='bbox 1025 2279 1063 2319; x_wconf 75' lang='grc' dir='ltr'>δι</span> <span class='ocrx_word' id='word_1_447' title='bbox 1083 2282 1282 2320; x_wconf 88' lang='lat' dir='ltr'>tormentis</span> <span class='ocrx_word' id='word_1_448' title='bbox 1301 2281 1517 2331; x_wconf 88' lang='lat' dir='ltr'>majoribus.</span> <span class='ocrx_word' id='word_1_449' title='bbox 1581 2282 1638 2321; x_wconf 94' lang='lat' dir='ltr'>Ut</span> <span class='ocrx_word' id='word_1_450' title='bbox 1655 2283 1771 2324; x_wconf 90' lang='lat' dir='ltr'>securi</span> <span class='ocrx_word' id='word_1_451' title='bbox 1781 2285 1841 2325; x_wconf 93' lang='lat' dir='ltr'>so-</span> 
     </span>
     <span class='ocr_line' id='line_1_40' title="bbox 48 2338 1843 2399; baseline -0.002 -10"><span class='ocrx_word' id='word_1_452' title='bbox 48 2360 178 2389; x_wconf 89' lang='lat' dir='ltr'>mnum</span> <span class='ocrx_word' id='word_1_453' title='bbox 194 2348 344 2399; x_wconf 87' lang='lat' dir='ltr'>capiant</span> <span class='ocrx_word' id='word_1_454' title='bbox 363 2345 504 2397; x_wconf 78' lang='lat' dir='ltr'>aliqui,</span> <span class='ocrx_word' id='word_1_455' title='bbox 535 2341 593 2381; x_wconf 90' lang='lat' dir='ltr'>alii</span> <span class='ocrx_word' id='word_1_456' title='bbox 610 2341 768 2395; x_wconf 85' lang='lat' dir='ltr'>vigilent</span> <span class='ocrx_word' id='word_1_457' title='bbox 794 2348 969 2392; x_wconf 66' lang='lat' dir='ltr'>oportet,</span> <span class='ocrx_word' id='word_1_458' title='bbox 1029 2339 1128 2392; x_wconf 86' lang='lat' dir='ltr'>Quae</span> <span class='ocrx_word' id='word_1_459' title='bbox 1145 2338 1388 2380; x_wconf 85' lang='lat' dir='ltr'>instrumenta</span> <span class='ocrx_word' id='word_1_460' title='bbox 1418 2350 1567 2393; x_wconf 87' lang='lat' dir='ltr'>reperta</span> <span class='ocrx_word' id='word_1_461' title='bbox 1583 2354 1662 2382; x_wconf 91' lang='lat' dir='ltr'>non</span> <span class='ocrx_word' id='word_1_462' title='bbox 1681 2343 1764 2384; x_wconf 87' lang='lat' dir='ltr'>sunt</span> <span class='ocrx_word' id='word_1_463' title='bbox 1794 2345 1843 2385; x_wconf 85' lang='lat' dir='ltr'>ad</span> 
     </span>
     <span class='ocr_line' id='line_1_41' title="bbox 47 2398 1842 2458; baseline -0.001 -12"><span class='ocrx_word' id='word_1_464' title='bbox 47 2406 279 2458; x_wconf 87' lang='lat' dir='ltr'>eripiendam</span> <span class='ocrx_word' id='word_1_465' title='bbox 297 2407 444 2447; x_wconf 88' lang='lat' dir='ltr'>homini</span> <span class='ocrx_word' id='word_1_466' title='bbox 459 2403 578 2444; x_wconf 89' lang='lat' dir='ltr'>vitam</span> <span class='ocrx_word' id='word_1_467' title='bbox 595 2400 615 2440; x_wconf 71' lang='lat'><strong><em>2</em></strong></span> <span class='ocrx_word' id='word_1_468' title='bbox 642 2400 745 2453; x_wconf 80' lang='lat' dir='ltr'>quasi</span> <span class='ocrx_word' id='word_1_469' title='bbox 757 2410 826 2453; x_wconf 91' lang='lat' dir='ltr'>per</span> <span class='ocrx_word' id='word_1_470' title='bbox 841 2399 969 2451; x_wconf 87' lang='lat' dir='ltr'>seipsa</span> <span class='ocrx_word' id='word_1_471' title='bbox 983 2398 1066 2439; x_wconf 89' lang='lat' dir='ltr'>satis</span> <span class='ocrx_word' id='word_1_472' title='bbox 1084 2399 1213 2439; x_wconf 89' lang='lat' dir='ltr'>brevis</span> <span class='ocrx_word' id='word_1_473' title='bbox 1226 2412 1305 2440; x_wconf 89' lang='lat' dir='ltr'>non</span> <span class='ocrx_word' id='word_1_474' title='bbox 1323 2400 1368 2439; x_wconf 87' lang='lat' dir='ltr'>fit</span> <span class='ocrx_word' id='word_1_475' title='bbox 1379 2430 1391 2448; x_wconf 93' lang='lat'>,</span> <span class='ocrx_word' id='word_1_476' title='bbox 1421 2400 1459 2440; x_wconf 88' lang='lat'>&amp;</span> <span class='ocrx_word' id='word_1_477' title='bbox 1476 2401 1661 2442; x_wconf 81' lang='lat' dir='ltr'>sexcentis</span> <span class='ocrx_word' id='word_1_478' title='bbox 1678 2403 1842 2445; x_wconf 69' lang='lat' dir='ltr'>Natura,-</span> 
     </span>
     <span class='ocr_line' id='line_1_42' title="bbox 50 2457 1840 2517; baseline 0.001 -15"><span class='ocrx_word' id='word_1_479' title='bbox 50 2457 195 2506; x_wconf 55' lang='lat' dir='ltr'>‹iafibus</span> <span class='ocrx_word' id='word_1_480' title='bbox 206 2467 403 2517; x_wconf 82' lang='lat' dir='ltr'>obnoxia,</span> <span class='ocrx_word' id='word_1_481' title='bbox 434 2463 472 2505; x_wconf 88' lang='lat'>&amp;</span> <span class='ocrx_word' id='word_1_482' title='bbox 497 2464 587 2502; x_wconf 87' lang='lat' dir='ltr'>licet</span> <span class='ocrx_word' id='word_1_483' title='bbox 603 2462 641 2502; x_wconf 89' lang='lat' dir='ltr'>in</span> <span class='ocrx_word' id='word_1_484' title='bbox 660 2460 842 2509; x_wconf 88' lang='lat' dir='ltr'>homine,</span> <span class='ocrx_word' id='word_1_485' title='bbox 873 2468 1052 2511; x_wconf 87' lang='lat' dir='ltr'>tanquam</span> <span class='ocrx_word' id='word_1_486' title='bbox 1072 2460 1110 2499; x_wconf 94' lang='lat' dir='ltr'>in</span> <span class='ocrx_word' id='word_1_487' title='bbox 1138 2458 1308 2511; x_wconf 64' lang='lat' dir='ltr'>subjecto</span> <span class='ocrx_word' id='word_1_488' title='bbox 1338 2460 1405 2499; x_wconf 87' lang='lat' dir='ltr'>suo</span> <span class='ocrx_word' id='word_1_489' title='bbox 1441 2462 1630 2513; x_wconf 82' lang='lat' dir='ltr'>proprie,</span> <span class='ocrx_word' id='word_1_490' title='bbox 1666 2466 1840 2507; x_wconf 87' lang='lat' dir='ltr'>omnium</span> 
     </span>
     <span class='ocr_line' id='line_1_43' title="bbox 49 2518 1840 2578; baseline -0.004 -12"><span class='ocrx_word' id='word_1_491' title='bbox 49 2528 236 2566; x_wconf 82' lang='lat' dir='ltr'>virtutum</span> <span class='ocrx_word' id='word_1_492' title='bbox 252 2527 392 2578; x_wconf 88' lang='lat' dir='ltr'>pariter</span> <span class='ocrx_word' id='word_1_493' title='bbox 407 2555 420 2575; x_wconf 95' lang='lat'>,</span> <span class='ocrx_word' id='word_1_494' title='bbox 453 2524 491 2564; x_wconf 89' lang='lat'>&amp;</span> <span class='ocrx_word' id='word_1_495' title='bbox 507 2522 688 2563; x_wconf 80' lang='lat' dir='ltr'>vitiorum</span> <span class='ocrx_word' id='word_1_496' title='bbox 705 2520 816 2561; x_wconf 78' lang='lat' dir='ltr'>insint</span> <span class='ocrx_word' id='word_1_497' title='bbox 846 2518 984 2559; x_wconf 87' lang='lat' dir='ltr'>semina</span> <span class='ocrx_word' id='word_1_498' title='bbox 1006 2550 1018 2568; x_wconf 91' lang='lat'>,</span> <span class='ocrx_word' id='word_1_499' title='bbox 1047 2518 1139 2559; x_wconf 88' lang='lat' dir='ltr'>illud</span> <span class='ocrx_word' id='word_1_500' title='bbox 1161 2529 1289 2560; x_wconf 87' lang='lat' dir='ltr'>tamen</span> <span class='ocrx_word' id='word_1_501' title='bbox 1310 2518 1505 2560; x_wconf 86' lang='lat' dir='ltr'>discrimen</span> <span class='ocrx_word' id='word_1_502' title='bbox 1533 2519 1611 2570; x_wconf 90' lang='lat' dir='ltr'>est,</span> <span class='ocrx_word' id='word_1_503' title='bbox 1641 2523 1749 2573; x_wconf 92' lang='lat' dir='ltr'>quod</span> <span class='ocrx_word' id='word_1_504' title='bbox 1764 2524 1840 2564; x_wconf 80' lang='lat' dir='ltr'>illae</span> 
     </span>
     <span class='ocr_line' id='line_1_44' title="bbox 49 2578 1840 2640; baseline -0.001 -15"><span class='ocrx_word' id='word_1_505' title='bbox 49 2587 193 2638; x_wconf 88' lang='lat' dir='ltr'>absque</span> <span class='ocrx_word' id='word_1_506' title='bbox 212 2594 304 2625; x_wconf 87' lang='lat' dir='ltr'>nota</span> <span class='ocrx_word' id='word_1_507' title='bbox 320 2586 447 2640; x_wconf 88' lang='lat' dir='ltr'>gratiae</span> <span class='ocrx_word' id='word_1_508' title='bbox 461 2579 619 2624; x_wconf 85' lang='lat' dir='ltr'>coelestis</span> <span class='ocrx_word' id='word_1_509' title='bbox 635 2581 672 2622; x_wconf 86' lang='lat'>&amp;</span> <span class='ocrx_word' id='word_1_510' title='bbox 691 2580 977 2634; x_wconf 85' lang='lat' dir='ltr'>supernaturalis</span> <span class='ocrx_word' id='word_1_511' title='bbox 996 2578 1094 2619; x_wconf 89' lang='lat' dir='ltr'>nasci</span> <span class='ocrx_word' id='word_1_512' title='bbox 1117 2579 1154 2619; x_wconf 89' lang='lat'>&amp;</span> <span class='ocrx_word' id='word_1_513' title='bbox 1173 2579 1382 2620; x_wconf 88' lang='lat' dir='ltr'>sucrescere</span> <span class='ocrx_word' id='word_1_514' title='bbox 1397 2588 1609 2631; x_wconf 90' lang='lat' dir='ltr'>nequeant,</span> <span class='ocrx_word' id='word_1_515' title='bbox 1638 2581 1721 2621; x_wconf 87' lang='lat' dir='ltr'>haec</span> <span class='ocrx_word' id='word_1_516' title='bbox 1740 2582 1840 2624; x_wconf 76' lang='lat' dir='ltr'>vero</span> 
     </span>
     <span class='ocr_line' id='line_1_45' title="bbox 47 2638 1839 2698; baseline -0.002 -12"><span class='ocrx_word' id='word_1_517' title='bbox 47 2643 178 2698; x_wconf 67' lang='lat' dir='ltr'>suapte</span> <span class='ocrx_word' id='word_1_518' title='bbox 193 2645 327 2697; x_wconf 89' lang='lat' dir='ltr'>sponte</span> <span class='ocrx_word' id='word_1_519' title='bbox 342 2646 530 2698; x_wconf 88' lang='lat' dir='ltr'>pullulent</span> <span class='ocrx_word' id='word_1_520' title='bbox 545 2673 558 2693; x_wconf 97' lang='lat'>,</span> <span class='ocrx_word' id='word_1_521' title='bbox 587 2641 624 2682; x_wconf 74' lang='grc' dir='ltr'>δι</span> <span class='ocrx_word' id='word_1_522' title='bbox 642 2643 750 2682; x_wconf 88' lang='lat' dir='ltr'>latius</span> <span class='ocrx_word' id='word_1_523' title='bbox 768 2640 806 2680; x_wconf 90' lang='lat' dir='ltr'>se</span> <span class='ocrx_word' id='word_1_524' title='bbox 824 2638 1059 2688; x_wconf 88' lang='lat' dir='ltr'>diffundant,</span> <span class='ocrx_word' id='word_1_525' title='bbox 1090 2640 1154 2690; x_wconf 91' lang='lat' dir='ltr'>qui</span> <span class='ocrx_word' id='word_1_526' title='bbox 1173 2640 1303 2691; x_wconf 86' lang='lat' dir='ltr'>primae</span> <span class='ocrx_word' id='word_1_527' title='bbox 1320 2639 1518 2678; x_wconf 89' lang='lat' dir='ltr'>hominum</span> <span class='ocrx_word' id='word_1_528' title='bbox 1545 2651 1658 2679; x_wconf 87' lang='lat' dir='ltr'>noxae</span> <span class='ocrx_word' id='word_1_529' title='bbox 1676 2641 1839 2683; x_wconf 69' lang='lat' dir='ltr'>effectus</span> 
     </span>
     <span class='ocr_line' id='line_1_46' title="bbox 48 2696 1838 2758; baseline -0.001 -13"><span class='ocrx_word' id='word_1_530' title='bbox 48 2705 103 2746; x_wconf 82' lang='lat' dir='ltr'>est</span> <span class='ocrx_word' id='word_1_531' title='bbox 118 2736 131 2755; x_wconf 94' lang='lat'>,</span> <span class='ocrx_word' id='word_1_532' title='bbox 162 2718 206 2744; x_wconf 86' lang='lat' dir='ltr'>ac</span> <span class='ocrx_word' id='word_1_533' title='bbox 227 2717 349 2756; x_wconf 88' lang='lat' dir='ltr'>poena.</span> <span class='ocrx_word' id='word_1_534' title='bbox 409 2703 604 2758; x_wconf 87' lang='lat' dir='ltr'>Quoniam</span> <span class='ocrx_word' id='word_1_535' title='bbox 627 2711 753 2742; x_wconf 87' lang='lat' dir='ltr'>autem</span> <span class='ocrx_word' id='word_1_536' title='bbox 770 2700 919 2751; x_wconf 89' lang='lat' dir='ltr'>semper</span> <span class='ocrx_word' id='word_1_537' title='bbox 936 2697 1019 2739; x_wconf 73' lang='lat' dir='ltr'>fere</span> <span class='ocrx_word' id='word_1_538' title='bbox 1041 2696 1241 2738; x_wconf 64' lang='lat' dir='ltr'>affectibus</span> <span class='ocrx_word' id='word_1_539' title='bbox 1259 2696 1392 2737; x_wconf 83' lang='lat' dir='ltr'>nostris</span> <span class='ocrx_word' id='word_1_540' title='bbox 1417 2729 1430 2747; x_wconf 91' lang='lat'>‚</span> <span class='ocrx_word' id='word_1_541' title='bbox 1460 2698 1499 2738; x_wconf 72' lang='grc' dir='ltr'>δε</span> <span class='ocrx_word' id='word_1_542' title='bbox 1523 2699 1750 2751; x_wconf 78' lang='lat' dir='ltr'>pastionibus</span> <span class='ocrx_word' id='word_1_543' title='bbox 1768 2701 1838 2743; x_wconf 44' lang='lat' dir='ltr'>dus</span> 
     </span>
     <span class='ocr_line' id='line_1_47' title="bbox 48 2756 1840 2815; baseline -0.002 -10"><span class='ocrx_word' id='word_1_544' title='bbox 48 2768 82 2805; x_wconf 92' lang='lat' dir='ltr'>ci</span> <span class='ocrx_word' id='word_1_545' title='bbox 97 2777 169 2805; x_wconf 86' lang='lat' dir='ltr'>nos</span> <span class='ocrx_word' id='word_1_546' title='bbox 184 2765 336 2805; x_wconf 86' lang='lat' dir='ltr'>finimus</span> <span class='ocrx_word' id='word_1_547' title='bbox 352 2793 364 2812; x_wconf 92' lang='lat'>,</span> <span class='ocrx_word' id='word_1_548' title='bbox 395 2776 478 2815; x_wconf 89' lang='lat' dir='ltr'>quae</span> <span class='ocrx_word' id='word_1_549' title='bbox 504 2765 544 2802; x_wconf 92' lang='lat' dir='ltr'>in</span> <span class='ocrx_word' id='word_1_550' title='bbox 562 2763 701 2802; x_wconf 86' lang='lat' dir='ltr'>malum</span> <span class='ocrx_word' id='word_1_551' title='bbox 721 2772 793 2801; x_wconf 90' lang='lat' dir='ltr'>nos</span> <span class='ocrx_word' id='word_1_552' title='bbox 814 2759 1036 2812; x_wconf 87' lang='lat' dir='ltr'>propellunt</span> <span class='ocrx_word' id='word_1_553' title='bbox 1054 2788 1069 2807; x_wconf 94' lang='lat'>,</span> <span class='ocrx_word' id='word_1_554' title='bbox 1097 2766 1212 2809; x_wconf 87' lang='lat' dir='ltr'>atque</span> <span class='ocrx_word' id='word_1_555' title='bbox 1244 2758 1283 2797; x_wconf 88' lang='lat' dir='ltr'>in</span> <span class='ocrx_word' id='word_1_556' title='bbox 1306 2758 1511 2797; x_wconf 87' lang='lat' dir='ltr'>virtutibus</span> <span class='ocrx_word' id='word_1_557' title='bbox 1538 2756 1659 2800; x_wconf 83' lang='lat' dir='ltr'>isthuc</span> <span class='ocrx_word' id='word_1_558' title='bbox 1677 2761 1840 2813; x_wconf 84' lang='lat' dir='ltr'>per-iculi</span> 
     </span>
     <span class='ocr_line' id='line_1_48' title="bbox 45 2815 1835 2876; baseline -0.001 -10"><span class='ocrx_word' id='word_1_559' title='bbox 45 2837 126 2865; x_wconf 87' lang='lat' dir='ltr'>non</span> <span class='ocrx_word' id='word_1_560' title='bbox 141 2823 215 2873; x_wconf 91' lang='lat' dir='ltr'>est,</span> <span class='ocrx_word' id='word_1_561' title='bbox 246 2822 352 2876; x_wconf 90' lang='lat' dir='ltr'>quod</span> <span class='ocrx_word' id='word_1_562' title='bbox 367 2824 406 2863; x_wconf 92' lang='lat' dir='ltr'>in</span> <span class='ocrx_word' id='word_1_563' title='bbox 422 2824 551 2869; x_wconf 89' lang='lat' dir='ltr'>vitiis;</span> <span class='ocrx_word' id='word_1_564' title='bbox 580 2820 670 2861; x_wconf 82' lang='lat' dir='ltr'>ideb</span> <span class='ocrx_word' id='word_1_565' title='bbox 684 2821 735 2861; x_wconf 90' lang='lat' dir='ltr'>ob</span> <span class='ocrx_word' id='word_1_566' title='bbox 755 2822 890 2860; x_wconf 83' lang='lat' dir='ltr'>oculos</span> <span class='ocrx_word' id='word_1_567' title='bbox 910 2829 1099 2871; x_wconf 88' lang='lat' dir='ltr'>ponemus</span> <span class='ocrx_word' id='word_1_568' title='bbox 1125 2815 1189 2857; x_wconf 78' lang='lat' dir='ltr'>hic</span> <span class='ocrx_word' id='word_1_569' title='bbox 1217 2816 1382 2869; x_wconf 87' lang='lat' dir='ltr'>Principi</span> <span class='ocrx_word' id='word_1_570' title='bbox 1408 2818 1569 2858; x_wconf 87' lang='lat' dir='ltr'>brevem</span> <span class='ocrx_word' id='word_1_571' title='bbox 1588 2820 1752 2873; x_wconf 81' lang='lat' dir='ltr'>aliquam</span> <span class='ocrx_word' id='word_1_572' title='bbox 1767 2821 1835 2864; x_wconf 66' lang='lat' dir='ltr'>de·⁴</span> 
     </span>
    </p>
   </div>
   <div class='ocr_carea' id='block_1_9' title="bbox 46 2877 1391 2938">
    <p class='ocr_par' dir='ltr' id='par_1_10' title="bbox 46 2877 1391 2938">
     <span class='ocr_line' id='line_1_49' title="bbox 46 2877 1391 2938; baseline -0.007 -12"><span class='ocrx_word' id='word_1_573' title='bbox 46 2886 289 2938; x_wconf 87' lang='lat' dir='ltr'>scriptionem</span> <span class='ocrx_word' id='word_1_574' title='bbox 305 2882 348 2923; x_wconf 90' lang='lat' dir='ltr'>N</span> <span class='ocrx_word' id='word_1_575' title='bbox 351 2894 466 2922; x_wconf 86' lang='lat' dir='ltr'>arurae</span> <span class='ocrx_word' id='word_1_576' title='bbox 481 2883 666 2930; x_wconf 85' lang='lat' dir='ltr'>humanae,</span> <span class='ocrx_word' id='word_1_577' title='bbox 685 2879 838 2933; x_wconf 89' lang='lat' dir='ltr'>quando</span> <span class='ocrx_word' id='word_1_578' title='bbox 857 2878 878 2918; x_wconf 74' lang='grc' dir='ltr'>ὲ</span> <span class='ocrx_word' id='word_1_579' title='bbox 893 2877 1040 2918; x_wconf 86' lang='lat' dir='ltr'>Malitia</span> <span class='ocrx_word' id='word_1_580' title='bbox 1056 2877 1093 2916; x_wconf 90' lang='lat' dir='ltr'>se</span> <span class='ocrx_word' id='word_1_581' title='bbox 1109 2877 1251 2928; x_wconf 88' lang='lat' dir='ltr'>patitur</span> <span class='ocrx_word' id='word_1_582' title='bbox 1260 2877 1391 2929; x_wconf 86' lang='lat' dir='ltr'>abripi.</span> 
     </span>
    </p>
   </div>
   <div class='ocr_carea' id='block_1_10' title="bbox 48 2956 1840 3191">
    <p class='ocr_par' dir='ltr' id='par_1_11' title="bbox 48 2956 1840 3191">
     <span class='ocr_line' id='line_1_50' title="bbox 197 2956 1832 3012; baseline 0 -13"><span class='ocrx_word' id='word_1_583' title='bbox 197 2958 263 2999; x_wconf 90' lang='lat' dir='ltr'>Est</span> <span class='ocrx_word' id='word_1_584' title='bbox 275 2961 385 3012; x_wconf 86' lang='lat' dir='ltr'>igitur</span> <span class='ocrx_word' id='word_1_585' title='bbox 405 2959 526 2998; x_wconf 89' lang='lat' dir='ltr'>homo</span> <span class='ocrx_word' id='word_1_586' title='bbox 543 2960 784 2999; x_wconf 89' lang='lat' dir='ltr'>animantium</span> <span class='ocrx_word' id='word_1_587' title='bbox 798 2961 969 3000; x_wconf 90' lang='lat' dir='ltr'>omnium</span> <span class='ocrx_word' id='word_1_588' title='bbox 991 2956 1353 2999; x_wconf 82' lang='lat' dir='ltr'>incostantiffimum:</span> <span class='ocrx_word' id='word_1_589' title='bbox 1382 2959 1473 3008; x_wconf 87' lang='lat' dir='ltr'>fibi,</span> <span class='ocrx_word' id='word_1_590' title='bbox 1488 2958 1613 2999; x_wconf 78' lang='lat' dir='ltr'>&amp;aliis</span> <span class='ocrx_word' id='word_1_591' title='bbox 1621 2960 1832 3000; x_wconf 74' lang='lat' dir='ltr'>exitiosum.</span> 
     </span>
     <span class='ocr_line' id='line_1_51' title="bbox 48 3016 1840 3072; baseline -0.001 -15"><span class='ocrx_word' id='word_1_592' title='bbox 48 3016 135 3058; x_wconf 65' lang='lat' dir='ltr'>Una</span> <span class='ocrx_word' id='word_1_593' title='bbox 151 3031 239 3072; x_wconf 83' lang='lat' dir='ltr'>eum</span> <span class='ocrx_word' id='word_1_594' title='bbox 264 3028 393 3068; x_wconf 86' lang='lat' dir='ltr'>aetate,</span> <span class='ocrx_word' id='word_1_595' title='bbox 407 3017 586 3067; x_wconf 84' lang='lat' dir='ltr'>fortuna,</span> <span class='ocrx_word' id='word_1_596' title='bbox 616 3018 681 3071; x_wconf 82' lang='lat' dir='ltr'>ipe</span> <span class='ocrx_word' id='word_1_597' title='bbox 698 3019 892 3060; x_wconf 88' lang='lat' dir='ltr'>commodi</span> <span class='ocrx_word' id='word_1_598' title='bbox 914 3049 927 3069; x_wconf 94' lang='lat'>,</span> <span class='ocrx_word' id='word_1_599' title='bbox 956 3017 1082 3059; x_wconf 86' lang='lat' dir='ltr'>damni</span> <span class='ocrx_word' id='word_1_600' title='bbox 1099 3027 1231 3067; x_wconf 89' lang='lat' dir='ltr'>metu,</span> <span class='ocrx_word' id='word_1_601' title='bbox 1262 3018 1300 3059; x_wconf 93' lang='lat'>&amp;</span> <span class='ocrx_word' id='word_1_602' title='bbox 1326 3019 1491 3071; x_wconf 83' lang='lat' dir='ltr'>paffione</span> <span class='ocrx_word' id='word_1_603' title='bbox 1511 3020 1675 3059; x_wconf 87' lang='lat' dir='ltr'>animum</span> <span class='ocrx_word' id='word_1_604' title='bbox 1696 3020 1840 3058; x_wconf 80' lang='lat' dir='ltr'>immu-&#39;</span> 
     </span>
     <span class='ocr_line' id='line_1_52' title="bbox 49 3077 1835 3129; baseline 0.001 -14"><span class='ocrx_word' id='word_1_605' title='bbox 49 3086 114 3117; x_wconf 86' lang='lat' dir='ltr'>tat.</span> <span class='ocrx_word' id='word_1_606' title='bbox 200 3078 292 3119; x_wconf 91' lang='lat' dir='ltr'>Nec</span> <span class='ocrx_word' id='word_1_607' title='bbox 313 3090 417 3119; x_wconf 87' lang='lat' dir='ltr'>mare</span> <span class='ocrx_word' id='word_1_608' title='bbox 433 3080 548 3118; x_wconf 86' lang='lat' dir='ltr'>toties</span> <span class='ocrx_word' id='word_1_609' title='bbox 564 3079 714 3119; x_wconf 89' lang='lat' dir='ltr'>vultum</span> <span class='ocrx_word' id='word_1_610' title='bbox 731 3081 850 3120; x_wconf 86' lang='lat' dir='ltr'>variat</span> <span class='ocrx_word' id='word_1_611' title='bbox 873 3110 886 3129; x_wconf 93' lang='lat'>,</span> <span class='ocrx_word' id='word_1_612' title='bbox 917 3090 962 3119; x_wconf 87' lang='lat' dir='ltr'>ac</span> <span class='ocrx_word' id='word_1_613' title='bbox 979 3079 1075 3118; x_wconf 88' lang='lat' dir='ltr'>illius</span> <span class='ocrx_word' id='word_1_614' title='bbox 1099 3078 1282 3119; x_wconf 89' lang='lat' dir='ltr'>conditio.</span> <span class='ocrx_word' id='word_1_615' title='bbox 1342 3078 1442 3119; x_wconf 92' lang='lat' dir='ltr'>Boni</span> <span class='ocrx_word' id='word_1_616' title='bbox 1454 3078 1591 3126; x_wconf 75' lang='lat' dir='ltr'>:specie</span> <span class='ocrx_word' id='word_1_617' title='bbox 1606 3077 1797 3117; x_wconf 85' lang='lat' dir='ltr'>deluditur</span> <span class='ocrx_word' id='word_1_618' title='bbox 1815 3093 1835 3127; x_wconf 86' lang='lat'>‚·</span> 
     </span>
     <span class='ocr_line' id='line_1_53' title="bbox 50 3135 1828 3191; baseline 0 -16"><span class='ocrx_word' id='word_1_619' title='bbox 50 3135 88 3175; x_wconf 86' lang='lat'>&amp;</span> <span class='ocrx_word' id='word_1_620' title='bbox 102 3147 149 3176; x_wconf 90' lang='lat' dir='ltr'>ex</span> <span class='ocrx_word' id='word_1_621' title='bbox 165 3150 293 3179; x_wconf 83' lang='lat' dir='ltr'>amore</span> <span class='ocrx_word' id='word_1_622' title='bbox 306 3140 466 3191; x_wconf 88' lang='lat' dir='ltr'>proprio</span> <span class='ocrx_word' id='word_1_623' title='bbox 482 3140 520 3178; x_wconf 93' lang='lat' dir='ltr'>in</span> <span class='ocrx_word' id='word_1_624' title='bbox 543 3149 670 3178; x_wconf 88' lang='lat' dir='ltr'>errore</span> <span class='ocrx_word' id='word_1_625' title='bbox 697 3138 925 3190; x_wconf 88' lang='lat' dir='ltr'>perseverat.</span> <span class='ocrx_word' id='word_1_626' title='bbox 985 3137 1206 3179; x_wconf 63' lang='lat' dir='ltr'>VindiGlmm</span> <span class='ocrx_word' id='word_1_627' title='bbox 1224 3138 1261 3178; x_wconf 89' lang='lat'>&amp;</span> <span class='ocrx_word' id='word_1_628' title='bbox 1278 3138 1540 3180; x_wconf 88' lang='lat' dir='ltr'>crudelitatem</span> <span class='ocrx_word' id='word_1_629' title='bbox 1555 3138 1695 3176; x_wconf 90' lang='lat' dir='ltr'>honori</span> <span class='ocrx_word' id='word_1_630' title='bbox 1709 3135 1828 3187; x_wconf 89' lang='lat' dir='ltr'>ducit,</span> 
     </span>
    </p>
   </div>
   <div class='ocr_carea' id='block_1_11' title="bbox 49 3195 1835 3309">
    <p class='ocr_par' dir='ltr' id='par_1_12' title="bbox 49 3195 1835 3309">
     <span class='ocr_line' id='line_1_54' title="bbox 49 3195 1835 3298; baseline 0.001 -65"><span class='ocrx_word' id='word_1_631' title='bbox 49 3207 93 3234; x_wconf 82' lang='lat' dir='ltr'>ac</span> <span class='ocrx_word' id='word_1_632' title='bbox 111 3196 221 3243; x_wconf 79' lang='lat' dir='ltr'>laudi.</span> <span class='ocrx_word' id='word_1_633' title='bbox 278 3197 453 3240; x_wconf 65' lang='lat' dir='ltr'>Affectus</span> <span class='ocrx_word' id='word_1_634' title='bbox 480 3199 566 3239; x_wconf 88' lang='lat' dir='ltr'>suos</span> <span class='ocrx_word' id='word_1_635' title='bbox 591 3197 640 3238; x_wconf 87' lang='lat' dir='ltr'>ad</span> <span class='ocrx_word' id='word_1_636' title='bbox 662 3199 818 3250; x_wconf 86' lang='lat' dir='ltr'>longum</span> <span class='ocrx_word' id='word_1_637' title='bbox 836 3208 989 3298; x_wconf 50' lang='lat' dir='ltr'>temppfs</span> <span class='ocrx_word' id='word_1_638' title='bbox 1011 3198 1383 3252; x_wconf 76' lang='lat' dir='ltr'>diffimularenovit,</span> <span class='ocrx_word' id='word_1_639' title='bbox 1412 3199 1610 3263; x_wconf 32' lang='lat' dir='ltr'>&amp;ntegere-</span> <span class='ocrx_word' id='word_1_640' title='bbox 1670 3195 1835 3298; x_wconf 51' lang='grc' dir='ltr'>νεὼξῗζ</span> 
     </span>
     <span class='ocr_line' id='line_1_55' title="bbox 994 3268 1829 3309; baseline -0.001 -12"><span class='ocrx_word' id='word_1_641' title='bbox 994 3268 1022 3309; x_wconf 87' lang='lat' dir='ltr'>y</span> <span class='ocrx_word' id='word_1_642' title='bbox 1059 3271 1084 3297; x_wconf 62' lang='grc' dir='ltr'>α</span> <span class='ocrx_word' id='word_1_643' title='bbox 1364 3274 1368 3278; x_wconf 92' lang='grc'><em>·</em></span> <span class='ocrx_word' id='word_1_644' title='bbox 1751 3268 1786 3297; x_wconf 76' lang='lat' dir='ltr'>ti</span> <span class='ocrx_word' id='word_1_645' title='bbox 1803 3269 1829 3302; x_wconf 79' lang='lat' dir='ltr'>u</span> 
     </span>
    </p>
   </div>
  </div>
 </body>
</html>
