2132 3730
8 3708 9 3713 Α
0 3575 7 3673 ἃμα-Ἀ
0 3516 10 3562 σ-α,

475 186 1538 249 SYMBOLAPOLJTJCA.7
1793 209 1873 250 151

598 255 1053 264 ——--————--——--—

74 255 793 331 fflmperator
810 274 988 315 Tiberius
1013 257 1879 330 dim

15 344 17 347 '
72 340 174 380 nulla
195 338 289 377 illius
316 334 503 386 probatur
518 333 618 375 actio
642 360 652 383 ⁵
682 336 747 387 qui
766 336 845 374 aliis
873 334 968 374 odio
990 333 1058 375 est.
1118 335 1264 376 Omnia
1279 337 1474 388 improbat
1490 367 1502 387 ,
1534 337 1571 377 δε
1593 339 1631 378 in
1643 337 1878 381 deteriorem

71 407 219 451 partem
238 396 509 446 interpretatur
525 394 670 434 odium.
732 393 807 448 (a)
830 391 1045 446 Invzsbſs‘mel
1061 394 1225 446 Principe
1246 425 1258 443 ‚
1273 397 1339 450 seu
1359 396 1459 447 bene,
1478 394 1542 448 seu
1570 388 1772 450 malefasta
1792 408 1879 451 pre-

14 497 17 501 .
72 465 177 498 ntum.
233 453 418 504 Tyranno
436 453 683 495 necessarium
700 454 854 494 videtur
874 485 886 504 ,
917 454 1087 494 subditos
1101 463 1208 494 metu
1229 456 1449 504 continere,
1479 458 1567 508 quia
1584 460 1787 510 imperium
1798 459 1880 508 ejus

70 517 286 557 violentum
305 511 362 553 est
378 544 392 563 ,
421 514 460 554 &
481 514 560 554 fine
575 515 756 554 violentis
778 515 912 554 mediis
940 514 1006 554 diu
1022 514 1238 557 conservari
1252 526 1332 553 non
1351 514 1480 565 potest
1500 545 1512 564 ‚
1536 516 1624 558 cnm
1649 518 1770 558 desint
1798 518 1880 558 duo

71 577 131 616 illa
149 573 312 614 Naturae
339 573 377 613 &
396 574 569 625 obsequii
589 576 766 623 vincula,
795 587 880 626 quae
915 573 1010 614 teste
1039 571 1148 627 Rege
1177 574 1379 625 Alphonso
1413 574 1595 627 Sapiente
1617 591 1628 625 ;
1659 578 1732 632 (b)
1746 575 1808 629 fim
1832 579 1880 618 los

68 646 220 687 mayores
234 631 356 673 dehdos
375 647 440 688 que
463 634 551 674 Ome
560 632 673 686 puede
694 647 785 674 aver
799 648 857 674 con
865 631 910 685 fic
924 634 1040 674 Seffor.
1103 633 1154 674 Ca
1172 632 1208 672 la
1232 633 1461 674 Naturaleza
1481 635 1509 674 le
1522 636 1755 689 tienefiempre
1771 637 1878 679 arado

13 743 15 746 Α
60 704 157 749 para
179 694 312 733 amario
329 707 371 733 en
391 706 454 746 oyr
469 701 590 734 contra
603 694 652 744 el,
680 708 699 733 e
720 695 751 734 el
772 690 935 748 Vafizllaje
949 702 1045 745 para
1056 689 1211 743 servir-Ie
1244 692 1424 733 lealmente.
1484 693 1613 734 Nexm
1631 696 1716 746 sunt
1726 695 1880 752 firmiffi-

68 766 114 795 ml
129 784 142 802 ‚
171 751 296 807 quibus
315 752 442 794 domim
460 752 631 808 adstringi
646 750 808 805 fizbditus
815 751 939 807 potest.
999 752 1110 792 Hunc
1122 754 1208 792 enim
1221 754 1274 792 uti
1296 752 1415 805 diligat
1429 761 1595 805 pce-petuo
1611 786 1623 803 ‚
1657 768 1762 809 neque
1784 756 1880 797 [fede—

68 826 109 854 re
130 825 281 865 unquam
296 812 442 862 audeat,
471 821 603 853 natura
618 811 772 866 praestat
788 828 801 862 ,·
831 811 934 853 eidem
961 808 1310 865 utfidelitersbrviat
1326 842 1338 861 ‚
1365 811 1467 866 efficit
1480 810 1644 868 fitbjecho
1668 811 1738 866 qast-1
1760 814 1812 860 ἐξ)
1826 817 1882 856 ob-

13 866 16 907 ἷ
57 870 223 927 fhquium.
281 871 333 912 Et
351 871 438 913 cum
459 872 662 923 Tyrannus
676 873 760 913 satis
774 874 863 912 sciat
882 869 962 911 fine
979 870 1158 911 funiculis
1176 869 1251 911 istis
1266 871 1454 912 sincerum
1473 873 1571 914 inter
1587 873 1708 926 ipsum
1731 874 1768 914 &
1787 874 1883 914 Sub-

66 932 168 972 ditos
183 934 270 972 {uos
279 944 450 973 amorem
461 932 535 972 esse
550 945 630 973 non
639 931 770 986 posse,
789 944 859 984 per
873 932 953 971 vim
965 933 1080 971 etiam
1101 933 1279 972 obtinere
1298 932 1518 983 contendit,
1533 944 1577 973 ut
1601 945 1785 985 operetur
1803 947 1884 975 me·

65 1002 128 1032 tus
156 1021 169 1041 ‚
201 992 309 1044 quod
337 994 515 1032 naturalis
535 992 623 1033 alias
645 991 806 1032 affectus
827 990 993 1031 deberet
1017 992 1169 1031 efficere
1189 1022 1202 1040 ‚
1232 992 1271 1032 &
1287 992 1382 1032 ficut
1390 990 1521 1045 finffler
1543 992 1614 1049 (c)
1631 991 1885 1046 prcesimzitsae-

64 1065 117 1093 va
125 1052 344 1105 perturbata
359 1049 553 1103 conscientia
574 1084 587 1103 ‚
616 1054 669 1092 ita
690 1051 826 1091 eadem
841 1061 999 1091 exercet
1013 1064 1171 1104 quoque
1190 1053 1228 1091 in
1246 1050 1354 1096 alios,
1413 1051 1576 1093 Funesta
1591 1064 1719 1094 tamen
1737 1052 1888 1104 Tyran-

66 1124 206 1154 norum
233 1113 406 1152 omnium
436 1114 614 1164 exempla
640 1111 794 1152 abunde
817 1111 988 1160 docent,
1019 1110 1133 1163 quam
1161 1111 1331 1152 medium
1358 1112 1459 1152 aliud
1492 1125 1628 1165 parum
1662 1113 1887 1155 diuturnum

65 1173 125 1213 fit.
207 1169 377 1211 Tametsi
401 1172 498 1212 vero
522 1185 592 1223 per
612 1173 749 1212 multas
771 1182 902 1211 aetates
921 1203 934 1221 ‚
965 1172 1047 1211 solo
1067 1171 1170 1224 pene
1195 1182 1303 1212 metu
1333 1174 1602 1214 conservatum
1630 1174 1796 1229 vidimus
1814 1174 1886 1214 Im·

12 1273 14 1276 ,
64 1233 215 1286 perium
230 1230 464 1278 Turcicum,
499 1231 810 1272 Moscovitarum
828 1262 840 1280 ‚
871 1231 909 1271 &
930 1230 1178 1272 Tartarorum
1204 1264 1215 1280 ‚
1246 1233 1284 1272 in
1298 1235 1630 1285 comparationem
1659 1243 1789 1274 tamen
1818 1244 1888 1273 vea

11 1299 13 1329 i
63 1293 146 1333 nire
177 1303 258 1331 non
280 1291 425 1329 debent
439 1290 634 1330 Nationes
657 1291 734 1330 istae
752 1292 988 1330 immanitate
1012 1291 1201 1340 barbarae,
1232 1293 1361 1332 &tam
1377 1293 1515 1345 asperis
1536 1292 1724 1342 moribus,
1745 1303 1790 1333 ut
1806 1293 1889 1332 bel-

11 1374 14 1403 g
63 1354 204 1393 luinam
223 1351 354 1402 potins
373 1362 452 1401 prae
473 1349 510 1388 se
524 1349 650 1389 ferant
680 1360 853 1389 naturam
871 1381 881 1398 ,
914 1362 1028 1401 quam
1049 1351 1254 1391 humanam
1275 1363 1284 1390 :
1316 1353 1464 1404 quippe
1493 1365 1577 1404 quae
1607 1355 1730 1404 poenis
1745 1354 1891 1406 magis,

65 1424 179 1464 quam
204 1412 354 1450 ratione
389 1409 478 1449 duci
507 1409 652 1449 soleant
672 1440 684 1458 .,
714 1411 968 1461 quamobrem
1000 1411 1146 1461 absque
1170 1412 1240 1450 illis
1267 1411 1440 1451 coe‘rceri
1465 1424 1546 1452 non
1579 1411 1732 1464 possent
1750 1442 1763 1462 ,
1792 1412 1891 1453 ficut

11 1459 14 1497 3
64 1484 138 1513 nec
157 1472 302 1523 absque
325 1471 366 1509 vi
382 1471 506 1520 aliqua
533 1469 572 1509 &
599 1479 707 1510 metu
724 1469 873 1509 domari
902 1468 1057 1521 possunt
1082 1471 1230 1510 belluae.
1306 1470 1456 1511 Verum
1479 1481 1608 1512 tamen
1635 1473 1750 1513 animi
1773 1484 1890 1526 gene-

11 1549 13 1576 3
63 1531 139 1572 rofi
158 1530 206 1570 ad
223 1530 485 1570 obedientiam
504 1528 542 1569 &
563 1528 786 1570 fidelitatem
810 1532 848 1570 vi
867 1540 932 1570 aut
948 1528 1086 1570 fraude
1110 1531 1198 1582 cogi
1222 1530 1259 1570 se
1293 1543 1373 1570 non
1394 1531 1549 1580 sinunt,
1581 1532 1645 1572 sed
1671 1531 1891 1573 sinceritate

65 1591 105 1632 &
121 1592 270 1632 tatione
286 1590 417 1630 induci
439 1590 593 1633 volunt.
655 1591 820 1644 Eporque
843 1592 866 1642 ς
884 1591 934 1630 ait
956 1590 1044 1630 Rex
1069 1590 1288 1642 Alphonsus
1309 1591 1456 1642 sapiens
1471 1591 1499 1644 J
1528 1590 1582 1631 las
1600 1591 1779 1647 muestrasl
1796 1592 1891 1634 Gen·

64 1649 183 1703 tesfim
197 1649 295 1690 leales
318 1682 331 1701 ,
360 1663 401 1690 eu
419 1647 606 1702 degrandes
627 1662 831 1690 corazones:
854 1659 924 1702 por
945 1645 990 1700 ff>
1005 1647 1221 1697 anmenesler
1237 1679 1250 1698 ,
1279 1662 1345 1703 que
1362 1650 1397 1690 la
1413 1648 1617 1702 Lealtadse}
1637 1657 1817 1704 mantenga
1829 1665 1889 1692 con

72 1709 216 1753 Wrdad
227 1741 242 1759 ,
280 1723 298 1749 e
336 1710 373 1750 la
397 1709 582 1750 Fortaleza
616 1708 656 1748 de
679 1709 732 1749 Ias
768 1707 972 1749 voluntades
1022 1722 1082 1748 con
1116 1708 1273 1748 Derecho
1299 1739 1312 1758 ‚
1345 1721 1363 1747 e
1386 1721 1445 1749 con
1478 1707 1646 1765 Justitia.
1743 1711 1799 1752 Et
1807 1723 1890 1765 quo-

11 1791 13 1819 1
64 1773 158 1812 niam
177 1769 283 1824 rastri
306 1770 344 1810 hi
351 1769 470 1822 populi
481 1765 604 1822 fideles
615 1765 816 1823 juxtafimt
834 1799 847 1818 ‚
877 1775 980 1820 atque
1001 1769 1227 1820 nmgnanimi‚
1242 1767 1433 1808 cur-amium
1449 1768 1496 1823 est
1514 1778 1579 1819 ,ut
1593 1772 1749 1811 veritate
1767 1769 1885 1825 fideli-

9 1858 13 1878 ,=
65 1838 124 1871 tas
142 1862 154 1881 ,
182 1831 289 1871 animi
310 1842 395 1870 vero
414 1826 610 1880 magnitudo
629 1830 793 1881 aequitute
805 1841 845 1866 ac
851 1827 992 1881 justitici
1006 1827 1127 1867 alatur
1145 1859 1158 1876 ,
1189 1841 1230 1866 ac
1244 1824 1475 1878 conservetur.

219 1890 257 1941 ᾗ.
289 1889 399 1928 Solet
418 1888 636 1937 Principem
666 1889 764 1924 inter
794 1886 832 1925 δε
853 1885 1037 1925 Subditos
1074 1885 1148 1925 effe
1169 1887 1366 1925 inclinatio
1388 1885 1564 1938 quaedam
1581 1916 1594 1936 ‚
1623 1886 1662 1928 &
1684 1888 1888 1932 consensio

63 1943 244 1992 naturalis
260 1977 274 1996 ‚
303 1959 388 1998 quae
404 1946 604 1984 amabilem
633 1944 738 1983 illum
756 1944 883 1984 reddit
900 1975 913 1993 ‚
944 1947 1089 1996 absque
1103 1956 1152 1984 eo
1178 1945 1286 1996 quod
1302 1946 1373 1985 alia
1396 1947 1589 2000 diligentia
1609 1959 1711 2000 opus
1739 1948 1810 1989 fit:
1842 1949 1888 1992 fit

66 2011 168 2050 enirn
178 2017 454 2058 nonnunquam
468 2035 479 2053 ‚
501 2014 544 2043 ut
564 2014 712 2044 ametur
729 2005 843 2044 etiam
860 2005 1046 2056 ‘Princeps
1068 2033 1080 2052 ‚
1112 2004 1205 2056 quid
1230 2004 1364 2046 odium
1386 2008 1605 2047 merebatur
1626 2039 1640 2057 ,
1673 2008 1711 2049 &
1735 2019 1884 2052 contra.

64 2069 118 2111 Et
131 2071 221 2109 licet
239 2067 366 2119 seipfis
387 2066 499 2106 facile
516 2064 570 2104 sui
588 2076 758 2104 amorem
784 2066 993 2105 concilient
1018 2067 1167 2104 eximiae
1187 2075 1268 2105 tum
1287 2067 1428 2116 animi,
1461 2077 1544 2108 tum
1561 2070 1737 2121 corporis
1767 2071 1884 2111 virtu·

67 2139 126 2170 tes
145 2141 191 2169 ac
224 2127 337 2167 dotes
356 2143 369 2174 ·‚
401 2125 441 2165 id
461 2136 589 2165 tamen
606 2137 686 2164 non
703 2124 850 2177 semper
874 2124 1050 2177 praestant
1068 2153 1078 2172 ,
1107 2125 1176 2165 nili
1193 2137 1257 2165 eas
1280 2128 1488 2167 comitetur
1511 2136 1615 2180 grata
1632 2129 1805 2180 quaedam
1818 2131 1886 2171 be·

9 2191 13 2223 ἰ
66 2191 250 2242 nignitas,
280 2187 496 2227 &suavitas
520 2186 595 2224 oris
624 2186 819 2234 exterior,
849 2197 934 2237 quae
954 2196 1048 2225 mox
1068 2197 1137 2237 per
1164 2186 1265 2237 ipsos
1291 2187 1429 2227 oculos
1451 2217 1465 2237 ‚
1496 2188 1606 2227 velut
1630 2190 1743 2228 animi
1774 2188 1883 2230 fene.

67 2248 180 2299 stras‚
209 2246 462 2301 praestantiam
489 2247 710 2286 interiorem
734 2244 838 2285 foras
869 2246 1080 2294 exhibeat,
1111 2246 1148 2285 &
1175 2245 1357 2286 affectum
1381 2249 1539 2287 aliorum
1558 2248 1699 2289 blande
1724 2249 1794 2289 fibi
1817 2250 1883 2291 de-

9 2330 13 2336 ‹
66 2311 222 2350 vinciat.
283 2308 540 2358 Praeterquam
557 2304 662 2357 quod
682 2305 793 2346 facile
828 2306 976 2346 accidat
991 2337 1003 2356 ‚
1034 2316 1077 2345 ut
1096 2315 1161 2346 aut
1184 2307 1288 2346 casus
1307 2307 1440 2360 aliquis
1459 2338 1470 2357 ,
1502 2319 1618 2360 quem
1647 2319 1884 2361 praevertere

67 2382 149 2411 non
177 2370 284 2409 licuit
301 2398 314 2418 ,
343 2376 408 2408 aut
425 2365 565 2409 sinistra
596 2363 718 2417 aliqua
736 2366 991 2419 apprehenfio
1009 2367 1086 2406 hoc
1111 2368 1238 2420 gratia}
1256 2367 1294 2407 &
1316 2369 1454 2408 amoris
1470 2368 1667 2409 vinculum
1685 2381 1765 2409 non
1781 2370 1880 2410 inter

10 2432 13 2452 ³
69 2429 286 2480 Principem
309 2428 347 2468 δι
370 2427 541 2468 subditos
565 2427 616 2465 ita
639 2425 815 2467 dissolvat
842 2457 855 2475 ‚
885 2438 928 2466 ut
952 2428 1090 2467 iterum
1125 2427 1340 2469 coalescere
1368 2427 1508 2469 deinde
1532 2441 1727 2482 nunquam
1754 2430 1882 2482 poffit3

9 2497 11 2499 ’
68 2488 242 2530 Multum
257 2497 385 2528 tamen
413 2500 458 2528 ea
478 2489 516 2528 in
536 2497 577 2526 re
598 2489 741 2539 poterit
762 2487 965 2528 artificium
992 2486 1225 2527 &industria
1241 2489 1313 2528 rite
1331 2488 1566 2542 gubernandi
1583 2519 1596 2538 ‚
1627 2501 1716 2529 cum
1739 2490 1882 2530 satisfa-

71 2549 201 2600 &ione
227 2548 265 2588 &
286 2547 403 2602 Vulgi
422 2546 697 2589 &Nobilitatis
717 2579 728 2597 ,
760 2548 788 2588 si
803 2550 983 2599 Princeps
995 2549 1173 2589 nimirum
1203 2561 1339 2589 omnes
1357 2559 1494 2589 caveat
1517 2549 1764 2599 occasiones,
1795 2563 1883 2601 quae

69 2611 213 2651 irritare
231 2609 334 2649 illum
356 2620 498 2661 queant
512 2639 526 2658 ‚
556 2607 594 2647 &
618 2607 668 2647 fic
688 2609 725 2648 in
744 2610 924 2648 omnibus
939 2617 1024 2661 agat
1047 2639 1059 2657 ,
1090 2617 1133 2648 ut
1157 2609 1261 2648 bona
1286 2608 1336 2649 de
1362 2609 1545 2662 regimine
1571 2607 1686 2660 ipsius
1708 2609 1882 2650 nascatur

70 2671 218 2723 opinio.
278 2668 382 2722 Quia
400 2682 498 2710 vero
513 2667 661 2721 sparsim
693 2671 729 2709 in
746 2670 824 2710 hoc
842 2669 941 2708 libro
955 2668 1156 2709 traduntur
1171 2668 1299 2709 media
1315 2699 1329 2719 ‚
1358 2670 1496 2721 quibus
1513 2668 1750 2709 subditorum
1763 2670 1881 2710 bene·

68 2731 242 2771 volentia
267 2730 459 2769 conciliari
488 2726 636 2782 potest,
666 2729 757 2770 illud
776 2730 898 2770 solum
925 2741 1028 2769 nunc
1044 2729 1156 2780 dico,
1174 2728 1221 2769 ad
1244 2730 1346 2770 illam
1368 2729 1619 2770 obtinendam
1641 2731 1770 2770 valere
1796 2731 1880 2783 plu-

68 2792 210 2832 rimum
226 2790 468 2842 Religionem
490 2820 503 2838 ‚
531 2787 712 2842 justitiam
728 2790 767 2831 δε
789 2787 1090 2831 Liberalitatem.

223 2850 259 2903 §.
292 2849 485 2890 Caeterum
499 2880 515 2899 ‚
542 2850 628 2901 quia
645 2849 723 2890 fine
746 2853 869 2903 aliqua
890 2852 1037 2890 timoris
1057 2850 1182 2902 specie
1201 2860 1308 2889 amor
1325 2848 1364 2888 in
1385 2858 1654 2903 contemptum
1663 2846 1776 2889 facile
1793 2861 1879 2891 ver‹

70 2919 216 2951 teretur
241 2941 254 2960 ‚
284 2909 322 2950 &
339 2909 562 2950 hebesceret
583 2910 682 2949 acies
700 2911 934 2951 auctoritatis
949 2908 1025 2966 (d)
1052 2911 1177 2963 regiae.
1236 2908 1405 2948 Subditis
1422 2910 1593 2963 apprime
1603 2911 1788 2950 convenit
1802 2922 1881 2950 me-

72 2979 133 3010 tus
146 2972 210 3010 ille
227 3000 240 3020 ,
271 2972 336 3023 qui
359 2982 408 3010 ex
425 2972 640 3009 reverentia
654 3000 666 3019 ‚
698 2971 735 3010 &
748 2972 999 3012 veneratione
1018 2969 1208 3016 nascitur3
1237 2981 1317 3008 non
1336 2970 1366 3008 is
1386 2998 1398 3017 ,
1429 2973 1494 3023 qui
1511 2968 1534 3010 e
1555 2971 1729 3023 periculo
1746 2971 1797 3008 ob
1818 2979 1879 3018 ty-

74 3030 246 3071 rannides
266 3060 279 3081 ,
311 3041 374 3070 aut
395 3029 603 3082 injustitias.
663 3029 879 3085 Principem
901 3031 991 3071 ideo
1020 3030 1104 3070 fieri
1122 3028 1405 3071 formidabilem
1423 3059 1437 3080 ‚
1467 3033 1554 3083 quia
1579 3040 1643 3069 aut
1669 3029 1761 3068 nihil
1780 3030 1876 3067 tole-

932 3091 961 3131 P
975 3103 1002 3143 p
1026 3103 1054 3132 2
1820 3096 1880 3127 rat

74 3173 1115 3189 &mma——

171 3214 228 3258 (a)
249 3215 334 3252 Tac.
348 3215 410 3252 lib.
435 3229 466 3252 1.
490 3215 623 3251 Histor.
653 3215 713 3259 (b)
733 3213 803 3251 Lit.
822 3229 882 3262 23.
901 3228 944 3253 tt.
968 3229 1025 3263 15·
1047 3230 1080 3267 p.
1099 3230 1135 3253 2.
1155 3218 1213 3264 (c)
1229 3220 1306 3267 Sap,
1328 3230 1384 3266 17‘
1401 3230 1414 3254 1
1428 3230 1458 3254 1⁶
1520 3216 1594 3261 (d)
1623 3215 1760 3252 Timore
1777 3214 1880 3251 Prin-

9 3310 11 3313 ·
73 3271 145 3316 ceps
158 3264 269 3302 aciem
283 3268 516 3305 aufforitatis
524 3270 593 3314 Juae
615 3269 835 3319 nonpatitur
860 3264 1038 3315 hebesc'ere.
1057 3268 1139 3307 Cic.
1160 3281 1192 3306 1.
1213 3270 1294 3308 Cat.
