2132 3730
265 271 349 298 210
709 250 1050 295 DIDACI
1112 250 1649 297 SAAVEDRAE

267 316 1799 330 μκή-ἢ
1976 305 1984 310 ,

262 351 367 382 turus
394 371 407 390 ,
434 338 633 392 postquam
652 334 673 374 a
690 333 862 375 familiari
878 347 966 375 cum
986 335 1079 375 Deo
1091 335 1288 386 colloquio
1306 335 1327 376 e
1348 346 1484 376 monte
1501 336 1529 389 ζ
1540 336 1598 392 a)
1627 337 1891 378 revertebatur
1910 367 1923 386 ,
1951 332 2059 377 i'ta'ut

259 404 361 441 nulla
387 403 423 440 in
439 410 488 437 eo
506 393 714 447 Majestatis
733 404 952 449 argumenta
967 424 980 444 ‚
1011 403 1076 434 aut
1091 393 1201 445 hujus
1216 395 1286 434 suae
1302 407 1391 435 cum
1418 396 1596 449 Principe
1623 395 1881 438 familiaritatis
1897 395 2061 437 ostenta·
2120 440 2121 443 Ἴ

259 462 316 501 'tio
342 464 558 510 appareant.
618 453 773 496 Dianiel
790 484 804 504 ,
834 455 903 495 etsi
921 454 1023 508 apud
1051 452 1193 494 multos
1217 454 1345 507 Reges
1365 457 1482 508 gratia
1503 455 1670 509 polleret
1685 487 1698 506 ‚
1725 468 1802 497 una
1820 467 1948 498 tamen
1969 468 2060 497 cum

259 522 336 559 aliis
352 522 390 557 in
411 515 588 555 anteriori
612 515 792 555 conclavi
810 513 882 571 (h)
911 514 1144 555 morabatur.
1210 511 1346 567 Fugiat
1370 516 1540 557 honores
1566 518 1666 565 illos,
1684 518 1749 569 qui
1777 517 1823 557 ad
1845 518 2061 570 Principem

256 579 448 631 pertinent
468 605 481 624 ‚
515 584 580 615 aut
601 573 766 616 Ministri
784 576 964 628 sphaeram
984 573 1188 614 vindentur
1217 573 1406 614 excedere
1424 587 1438 622 ;
1468 574 1507 615 δε
1529 576 1558 615 fi
1573 578 1656 628 quis
1673 577 1746 617 hos
1761 579 1854 617 tales
1873 580 1910 617 ei
1935 575 2062 617 defer-

255 650 297 678 re
318 646 428 689 paret
442 665 455 683 ,
478 643 634 675 moneat
650 633 829 689 ingenue,
845 647 953 687 aeque
973 634 1010 674 se
1024 664 1038 683 ,
1068 645 1111 673 ac
1129 634 1256 682 illum,
1273 633 1423 675 servum
1437 633 1513 675 effe
1526 634 1711 687 Principis
1726 666 1741 685 ,
1768 639 1831 677 cui
1852 636 1918 677 ista
1935 639 2061 677 hono-

254 698 303 736 ris
324 697 425 749 signa
441 694 682 740 debeantur:
712 693 1038 747 quemadmodum
1061 691 1230 746 Angelus
1253 692 1292 733 S.
1309 691 1495 745 Joannem
1519 696 1671 735 monuit
1686 725 1700 745 ,
1730 695 1819 736 cum
1834 708 1922 737 eum
1941 707 2060 737 vene-

254 758 325 796 rari
344 753 409 812 (c)
430 754 560 796 vellet.
622 754 689 796 Ne
708 754 868 795 affectus
889 754 975 794 suos
996 784 1009 803 ,
1042 752 1080 792 ἃ
1097 753 1281 805 passiones
1297 754 1423 806 gratiae
1438 783 1452 803 ,
1483 753 1559 806 qua
1582 756 1715 804 valet,
1745 753 1938 797 beneficio
1968 766 2061 796 exe·

253 817 399 857 cutioni
420 815 500 856 det.
566 815 710 856 Audiat
727 817 918 868 patienter
933 842 948 863 ,
975 811 1170 854 benevole
1195 812 1234 852 &
1256 813 1469 853 humaniter
1491 813 1570 870 (d)
1600 815 1842 868 respondeat.
1931 813 1963 856 F
1964 826 2064 855 avo·

252 888 313 917 res
344 875 505 916 aliorum
525 887 574 915 ne
592 885 722 928 captet
739 906 750 924 ,
780 887 854 915 nec
879 874 1158 927 indignationes
1183 882 1350 922 metuat,
1367 883 1442 912 nee
1457 885 1536 925 quo
1552 876 1642 914 loco
1655 874 1702 914 sit
1723 875 1830 928 apud
1844 874 2061 928 Principem
2129 913 2132 920 ,

254 935 473 984 distimulet,
504 947 577 975 nec
599 947 724 975 rerum
743 932 1103 974 administrationem
1126 933 1164 973 &
1194 931 1463 974 auctoritatem
1483 933 1697 985 supremam
1719 935 1885 984 ambiat,
1912 946 1985 975 nec
2006 946 2063 974 ar-
2130 959 2132 968 ·

250 1006 332 1037 met
350 996 426 1036 sese
446 1005 580 1034 contra
622 994 804 1034 invidiam
822 1024 835 1044 ,
864 1005 939 1034 nec
959 993 1137 1033 adversus
1162 994 1444 1032 aemulationem
1472 992 1510 1032 se
1529 995 1675 1034 muniat
1699 1006 1713 1041 ς
1741 996 1781 1035 in
1801 995 1860 1035 his
1880 996 1982 1036 enim
2011 993 2062 1035 ad
2130 985 2132 991 ’

251 1057 354 1096 suam
378 1054 642 1095 defensionem
656 1053 833 1107 parandis
850 1053 1019 1094 subsidiis
1032 1083 1045 1103 ,
1074 1055 1312 1107 praecipuum
1328 1051 1497 1094 consistit
1512 1054 1740 1106 periculum.
1799 1052 2060 1105 Deum,&in-

251 1115 406 1157 famiam
426 1123 585 1158 metuat.
2118 1111 2122 1113 ’

418 1173 496 1214 Sed
528 1174 565 1214 &
583 1172 605 1213 ὲ
623 1170 763 1214 familia
781 1172 818 1213 &
834 1171 1010 1226 sanguine
1029 1174 1108 1226 rr&
1138 1171 1229 1211 leve
1244 1173 1401 1225 privato
1418 1173 1632 1224 periculum
1653 1170 1720 1213 est.
1779 1171 1946 1212 Tametsi
1958 1172 2062 1213 enim

246 1234 358 1286 hujus
390 1233 561 1274 actiones
591 1233 756 1286 Principi
784 1234 1020 1286 probentur,
1051 1244 1096 1271 ac
1118 1233 1289 1284 populo,
1319 1244 1364 1272 ea
1387 1241 1516 1273 tamen
1534 1262 1547 1282 ,
1577 1244 1661 1284 quae
1683 1231 1705 1271 ἐι
1730 1230 1987 1281 Domesticis,
2020 1231 2060 1271 δε

248 1294 534 1347 consanguineis
555 1293 635 1345 ejus
651 1292 769 1343 fiunt,
799 1295 950 1346 placere
974 1293 1122 1344 semper
1147 1303 1227 1331 non
1246 1292 1368 1332 solent
1385 1322 1396 1340 ,
1429 1304 1594 1344 quorum
1629 1290 1794 1332 dissoluti
1816 1303 1966 1340 mores,
1990 1290 2061 1331 ini-

247 1355 468 1406 prudentia,
498 1353 698 1404 superbia,
727 1354 882 1393 avaritia
899 1382 911 1402 ,
956 1352 995 1392 &
1019 1352 1179 1391 ambitio
1214 1352 1373 1391 exosum
1395 1362 1486 1392 eum
1509 1350 1676 1391 reddunt
1695 1381 1709 1401 ,
1737 1351 1777 1391 &
1805 1351 2057 1403 praecipitant.

246 1413 317 1454 Ne
332 1414 501 1462 fallatur,
530 1414 569 1453 in
587 1415 754 1453 animum
777 1413 882 1452 suum
906 1411 1126 1452 inducendo
1143 1413 1286 1451 amicos
1303 1421 1368 1450 aut
1387 1421 1573 1463 cognatos
1604 1408 1626 1449 a
1648 1411 1685 1450 se
1708 1409 1871 1451 evectos
1888 1409 2056 1451 fortunae

247 1473 286 1513 &
306 1471 538 1513 auctoritatis
561 1472 632 1511 suae
648 1474 843 1512 columnas
862 1470 948 1512 ess'e.
1010 1470 1114 1510 Nam
1135 1473 1199 1522 qui
1220 1470 1416 1522 dependet
1439 1469 1460 1509 a
1477 1470 1629 1516 multis,
1658 1471 1697 1510 in
1716 1471 1845 1510 multis
1868 1471 2061 1522 periclita-

248 1543 331 1581 tur,
361 1533 540 1584 adeoque
559 1532 717 1584 expedit
738 1543 807 1571 eos
827 1533 922 1571 intra
949 1530 1142 1570 modestiae
1159 1559 1172 1579 ,
1203 1530 1241 1569 &
1263 1529 1379 1569 status
1400 1529 1451 1568 sui
1479 1530 1691 1568 humilioris
1724 1530 1909 1568 terminos
1936 1530 2060 1567 conti-

246 1604 361 1640 nere,
387 1593 523 1644 procul
546 1590 566 1630 a
582 1593 826 1643 negotiorum
850 1592 1124 1642 procuratione
1140 1619 1153 1639 ‚
1183 1591 1236 1628 ita
1258 1599 1302 1628 ut
1321 1589 1532 1639 intelligant
1556 1588 1646 1636 alii,
1676 1598 1746 1626 eos
1775 1599 1849 1627 nec
1873 1587 2060 1640 guberna-
2108 1588 2110 1591 ’

244 1652 378 1699 tionis,
408 1661 481 1690 nec
504 1653 632 1703 gratiae
651 1649 752 1689 istius
772 1650 993 1701 peculiaris,
1023 1649 1101 1688 ullo
1126 1648 1248 1688 modo
1277 1646 1352 1688 esse
1366 1649 1595 1700 participes,
1623 1658 1697 1686 nec
1717 1646 1832 1695 ideo,
1862 1646 1969 1700 quod
1985 1646 2059 1687 sint

242 1708 480 1755 Domestici,
510 1711 548 1748 in
568 1711 704 1748 muniis
719 1707 993 1761 praeferendos.
1055 1707 1177 1761 Quod
1197 1707 1226 1747 si
1248 1716 1376 1747 tamen
1398 1719 1477 1759 prae
1496 1708 1575 1746 aliis
1606 1704 1709 1746 bene
1739 1705 1883 1747 fuerint
1907 1708 2056 1756 meriti,

242 1772 387 1811 nollem
412 1771 589 1820 cuiquam
624 1780 768 1808 nocere
793 1769 933 1820 privati
965 1778 1163 1817 amorem,
1194 1776 1258 1806 aut
1282 1765 1596 1817 conjunctionem
1623 1767 1824 1819 sanguinis.
1884 1765 2058 1808 Christus
2106 1787 2108 1790 >

241 1827 425 1881 exemplo
445 1829 515 1868 suo
542 1830 580 1868 id
595 1828 715 1880 ipsum
732 1841 805 1868 nos
831 1827 987 1877 docuit,
1018 1830 1162 1880 quippe
1180 1828 1243 1879 qui
1262 1828 1301 1866 in
1319 1836 1507 1880 cognatos
1530 1825 1617 1866 suos
1639 1826 1861 1880 dignitatem
1886 1829 2056 1868 Praecur.

242 1890 359 1938 soris,
390 1888 428 1928 &
447 1887 661 1939 Apostolici
689 1889 857 1927 muneris
880 1888 1065 1936 contulit,
1094 1898 1132 1926 at
1146 1899 1225 1926 non
1249 1884 1438 1926 Doctoris
1460 1885 1668 1935 Gentium,
1699 1898 1828 1939 neque
1851 1885 2056 1927 Pontifica-

241 1958 304 1988 tus
320 1949 503 2000 supremi,
535 1947 642 1998 quod
664 1945 740 1986 istae
761 1945 851 1986 fidei
873 1945 911 1985 S.
932 1945 1052 1993 Petri,
1083 1946 1121 1986 &
1142 1946 1305 1985 seientiae
1326 1944 1366 1984 S.
1393 1945 1495 1984 Pauli
1517 1945 1764 1991 deberentur.

395 2006 431 2058 ᾗ.
462 2006 562 2046 Cum
585 2006 757 2057 Principe
785 2006 986 2058 sequentes
1003 2007 1128 2044 servet
1157 2005 1335 2056 regulast
1364 2005 1550 2056 primum,
1579 2003 1672 2044 illud
1695 2005 1843 2056 semper
1865 2017 1945 2057 prae
1961 2016 2056 2045 ocu-

240 2069 286 2108 lis
314 2067 473 2115 habeat,
504 2064 686 2105 affeetum
711 2066 807 2104 illius
838 2066 874 2105 δε
905 2064 1080 2105 favorem
1112 2062 1292 2104 facillime
1316 2065 1507 2103 immutari
1533 2062 1662 2115 posse,
1694 2064 1733 2104 ὃ(
1756 2064 1783 2104 si
1808 2076 1921 2115 quam
1944 2064 2051 2105 forte

240 2128 494 2168 mutationem
518 2126 785 2172 notaverit,in
802 2125 949 2164 causam
979 2136 1028 2164 ne
1050 2123 1232 2163 curiosius
1261 2123 1450 2174 inquirat,
1479 2135 1554 2163 nec
1583 2124 1759 2163 notitiam
1787 2125 1884 2163 illius
1908 2137 1986 2176 prae
2010 2125 2049 2164 se

240 2187 357 2235 ferat,
386 2197 437 2225 ne
460 2183 639 2237 Princeps
661 2186 696 2224 ei
714 2184 979 2233 subdiffidere,
1011 2195 1076 2223 aut
1096 2184 1219 2222 aemuli
1246 2184 1393 2222 ruinam
1417 2182 1499 2233 ejus
1533 2183 1679 2234 sperare
1706 2183 1890 2235 incipiant
1907 2211 1921 2232 ,
1964 2195 2051 2236 qua}

240 2247 319 2286 hoc
334 2245 416 2298 ipso
441 2246 479 2284 in
501 2245 683 2296 proximo
708 2242 791 2294 est,
821 2247 928 2296 quod
950 2253 1126 2295 putetur,
1153 2242 1229 2294 jam
1256 2240 1363 2293 posse
1393 2241 1580 2283 accidere.
1639 2240 1798 2283 Deinde
1825 2254 1874 2282 ne
1891 2244 2048 2296 gratiam

239 2307 343 2347 suam
360 2305 468 2345 inniti
493 2303 608 2344 faciat
627 2304 900 2357 propensioni,
931 2304 968 2344 δε
986 2304 1178 2343 voluntati
1199 2302 1410 2354 Principis,
1441 2314 1526 2354 quae
1554 2300 1665 2342 facile
1693 2303 1828 2342 variari
1865 2302 2048 2353 poffunt,
2098 2317 2100 2321 ·
2126 2317 2132 2327 ’

239 2366 305 2406 sed
320 2367 458 2405 merito
476 2363 624 2415 potius:
652 2364 721 2403 nisi
739 2365 839 2404 enim
853 2364 963 2415 hujus
980 2362 1172 2403 beneficio
1189 2363 1316 2415 gratiae
1336 2373 1468 2402 aurum
1484 2361 1760 2402 consolidatum
1777 2361 1919 2411 fuerit,
1932 2375 2047 2402 aemu-

240 2426 391 2465 lationis
410 2422 549 2464 malleo
571 2422 739 2463 resistere
754 2435 994 2475 nequaquam
1019 2423 1174 2475 poterit.
1234 2419 1356 2461 Porro
1377 2423 1494 2475 magis
1514 2423 1551 2462 in
1569 2421 1743 2473 Principe
1758 2421 1979 2473 dignitatem
1992 2423 2050 2463 di·
2098 2423 2099 2427 ’

238 2486 350 2538 ligat,
381 2484 494 2536 quam
522 2482 734 2535 personam.
791 2483 930 2523 Zelum
953 2482 1156 2535 prudentia
1184 2481 1429 2531 moderetur,
1459 2482 1561 2522 suam
1595 2482 1881 2535 intelligentiam
1900 2481 2047 2533 judicio
2096 2529 2097 2539 ἵ

238 2544 442 2596 Principis:
470 2554 587 2582 nemo
610 2545 712 2583 enim
732 2541 833 2583 ferre
855 2542 1007 2584 sustinet
1025 2555 1134 2590 eum,
1165 2543 1229 2593 qui
1249 2541 1376 2581 secum
1402 2541 1451 2581 de
1483 2541 1596 2582 animi
1620 2540 1777 2581 dotibus
1810 2541 2048 2582 contendere

238 2605 380 2657 satagit.
440 2601 645 2643 Subditum
672 2604 709 2644 se
733 2603 957 2652 arbitretur,
987 2615 1068 2643 non
1098 2603 1196 2643 illius
1231 2601 1396 2651 socium,
1426 2602 1465 2642 ὅτ
1486 2613 1665 2654 tanquam
1700 2599 1878 2651 factura,
1908 2600 2047 2642 factori
2094 2635 2095 2638 ,

237 2665 306 2705 suo
326 2664 362 2703 se
385 2664 568 2714 aequalem
596 2674 675 2703 non
701 2661 783 2716 (e)
821 2662 990 2703 aestimet.
1050 2660 1268 2703 Honestum
1285 2661 1399 2701 ducat
1431 2661 1468 2702 &
1492 2661 1696 2715 gloriosum
1725 2661 1885 2714 seipsum
1907 2661 2046 2714 perde·

236 2736 279 2765 re
299 2722 325 2775 (
336 2723 363 2762 si
380 2724 430 2762 ita
447 2722 640 2762 necessitas
663 2724 827 2776 tulerit)
857 2723 906 2763 ad
921 2722 1131 2775 augendam
1150 2722 1246 2762 illius
1267 2721 1570 2773 amplitudinem.
1629 2720 1797 2761 Consilia
1813 2723 1849 2762 ei
1870 2721 2046 2776 suggerat
2092 2737 2093 2741 ¹
2130 2724 2132 2730 '

236 2796 326 2823 cum
342 2784 516 2822 libertate
530 2783 642 2822 animi
657 2783 839 2834 gratiosa,
869 2782 1043 2832 demissa,
1073 2783 1111 2824 δι
1135 2778 1218 2838 (f)
1249 2780 1410 2830 sincera,
1440 2783 1586 2834 absque
1604 2781 1763 2835 periculi
1776 2783 1888 2822 ullius
1911 2791 2040 2829 metu,

237 2843 277 2884 &
298 2841 528 2891 ambitione,
556 2851 599 2882 ut
618 2841 777 2883 Zelosus
794 2843 999 2895 habeatur,
1028 2844 1068 2883 in
1085 2844 1269 2897 opinione
1289 2838 1354 2882 sua
1377 2852 1598 2884 contumax.
1657 2840 1823 2882 Nullum
1837 2842 2039 2893 negotium

1976 2911 2041 2943 ita

330 3029 404 3077 (a)
423 3027 489 3066 Sed
499 3027 671 3083 operiebat
684 3031 739 3068 ille
749 3029 868 3078 rursz'as
881 3029 1137 3078 faciemst'mm,
1146 3028 1188 3082 st
1200 3031 1338 3084 quando
1357 3032 1561 3087 loquebatur
1576 3032 1700 3071 adeos.
1717 3032 1827 3070 Exod.
1847 3043 1877 3070 c.
1900 3045 1958 3081 34.
1981 3044 2038 3082 3‘5.
2093 3022 2099 3050 T
2122 3040 2132 3053 “

236 3082 298 3128 (b)
314 3081 449 3119 Daniel
455 3091 576 3119 autem
595 3092 676 3119 erat
694 3084 733 3120 in
740 3082 882 3134 foribus
902 3085 1014 3137 Regis.
1040 3086 1264 3132 Dan.2.4.9.
1315 3088 1374 3130 sc)
1403 3086 1489 3123 Vide
1504 3083 1684 3137 nefeceris
1701 3098 1712 3119 ε
1742 3082 1924 3130 conservus
1955 3095 2039 3123 tuus

222 3131 329 3181 sitm,
355 3133 401 3177 ὀ·
414 3132 586 3185 fratrum
601 3144 740 3172 tuorum
768 3133 974 3175 habentium
997 3133 1228 3226 {stimonium
1251 3135 1381 3187 JEfia:
1408 3145 1523 3176 Deum
1534 3137 1657 3175 adora:
1692 3140 1808 3187 Apoc.
1836 3149 1866 3174 c.
1891 3148 1948 3183 19·
1982 3150 2040 3180 ιο.

237 3185 300 3231 (d)
325 3186 421 3224 Audi
434 3198 554 3224 tacens
571 3186 617 3230 όν
623 3198 688 3240 pro
707 3191 914 3226 reverentia
928 3202 1005 3225 acce
1029 3197 1064 3224 et
1085 3185 1156 3225 tibi
1177 3186 1264 3225 bona
1273 3191 1419 3243 gratia.
1446 3191 1541 3229 Eccl.
1571 3203 1629 3237 32.
1655 3201 1693 3233 9.
1766 3194 1784 3235 (
1787 3190 1825 3234 e)
1849 3189 1960 3241 Qid
1968 3188 2041 3242 est„
2086 3192 2087 3197 ’

236 3248 381 3286 mquam
396 3240 408 3280 ',
432 3237 528 3277 homo
545 3267 554 3281 ,
570 3249 612 3276 ut
642 3241 721 3292 equi
726 3239 824 3292 poffi't
840 3246 965 3293 Regem
972 3238 1155 3292 fac‘lorem
1166 3239 1272 3287 st'cum
1286 3245 1305 3281 ?
1329 3243 1424 3281 Eccl.
1443 3257 1476 3283 2.
1509 3255 1566 3280 12.
1619 3240 1685 3287 (f)
1702 3242 1787 3294 Qi
1792 3240 1916 3294 diligit
1929 3241 2040 3282 cerdic

235 3288 443 3330 munditiem
460 3318 472 3334 ,
490 3302 628 3347 propter
638 3294 807 3347 gratiam
826 3292 1156 3347 labiorum-fimum
1175 3291 1319 3335 habebit
1336 3296 1490 3336 amicum
1505 3299 1643 3349 Regem.
1668 3295 1856 3341 Provazz·
1873 3307 1888 3334 ι
1899 3306 1932 3333 r.
1986 3313 1991 3316 ·
2031 3317 2033 3319 ·
