2132 3730
257 237 315 286 86
685 222 1032 268 DJDACJ
1094 220 1623 265 sAAVEDRAE
1981 288 2058 303 Ν

254 319 348 358 mari
361 316 537 368 justitiam
553 315 591 351 in
611 321 689 349 tam
715 309 875 349 obscura
896 307 1013 348 nocte
1032 315 1092 346 tot
1121 307 1348 359 opinionum
1370 306 1520 346 diversa
1547 307 1788 348 sentientium
1809 339 1822 357 ‚
1854 320 1926 360 pro
1963 319 2066 349 utra-

255 390 333 428 que
349 387 484 430 parte3
515 371 618 412 unde
640 368 714 418 fit,
745 380 788 409 ut
815 381 876 409 res
904 366 1019 421 plane
1043 366 1235 406 arbitraria
1259 366 1325 407 fiat
1340 381 1354 416 ,·
1389 367 1427 407 &
1446 368 1675 419 corruptelis
1704 380 1748 406 ac
1768 368 1925 420 passioni
1951 370 2066 410 locus

254 438 312 477 sit.
373 437 482 476 Alter
499 430 636 471 abusus
656 428 711 469 est
726 431 850 470 litium
878 430 1045 482 prolatio
1068 456 1081 476 ‚
1112 438 1206 478 quas
1224 427 1450 468 contrahere
1471 436 1652 479 oportet3
1681 427 1883 478 quomodo
1903 427 2068 468 Medio·

252 499 327 537 lani
346 495 426 533 fieri
458 491 638 543 cupiebat
660 489 748 529 Rex
771 490 968 542 Philippus
987 487 1032 528 II.
1060 486 1216 539 quando
1240 499 1284 526 ea
1300 488 1460 540 superte
1474 499 1561 527 cum
1586 486 1729 527 Senatu
1743 487 2067 530 deliberationem

252 555 422 596 instituit.
484 552 578 605 Quo
589 553 627 591 in
647 551 807 602 negotio
824 562 906 590 non
933 549 1131 589 communi
1149 546 1270 588 solum
1286 548 1524 588 subditorum
1544 548 1696 587 utilitati
1708 549 1905 589 consulere
1920 549 2065 598 voluit,

252 615 316 656 sed
341 615 455 652 etiam
481 642 493 660 ‚
524 621 567 651 ut
591 612 629 651 in
659 609 756 649 statu
788 612 881 660 illo,
912 611 977 661 qui
993 608 1096 661 quasi
1120 610 1451 660 propugnaculum
1476 606 1531 648 est
1562 607 1806 648 Monarchiae
1844 611 1991 657 totiuS‚
2022 608 2067 648 &

251 677 448 716 theatrum
474 671 640 720 Martis,
671 671 873 722 pauciores
893 671 1012 722 togati
1040 667 1157 708 essent
1182 699 1193 716 ‚
1223 666 1338 718 quam
1360 669 1424 719 qui
1451 668 1534 721 saga
1549 668 1754 709 sumerent.
1813 667 1921 709 Idem
1949 680 2067 708 cona-

251 735 280 773 ti
307 733 393 772 sunt
415 732 669 784 Imperatores
684 760 697 779 ,
726 729 838 770 Titus
854 760 867 779 ‚
899 729 936 769 &
954 729 1220 780 Vespasianus,
1237 726 1399 767 Carolus
1422 727 1476 768 V.
1495 730 1624 780 Reges
1647 728 1878 777 Catholici,
1896 728 1985 767 Rex
1995 727 2067 767 Pe·

250 803 331 833 trus
358 792 560 832 Lusitanus
580 821 593 841 ‚
624 790 663 830 &
680 790 769 828 Rex
784 790 987 842 Aragoniae
1004 788 1171 840 jacobus
1186 788 1332 827 Primus
1350 816 1363 836 ‚
1395 787 1432 826 &
1453 787 1542 829 Rex
1566 787 1598 828 F
1598 789 1734 828 ranciae
1753 787 1983 828 Ludovicus
1997 786 2069 827 Xh

250 852 394 893 Nullus
413 862 542 892 tamen
559 852 636 891 hoc
654 848 867 889 institutum
883 849 931 887 ad
961 848 1144 888 effetffium
1160 849 1320 887 omnino
1337 845 1550 898 perducere
1565 850 1695 899 potuit
1711 878 1724 897 ,
1753 860 1828 887 nee
1844 848 1992 900 sperare
2020 848 2066 887 li-

251 923 316 952 cet
334 943 346 961 ,
376 923 419 951 ut
438 911 503 951 fiat
528 912 575 950 ab
597 910 725 960 aliquo
748 910 823 948 alio
840 939 851 957 ‚
885 908 934 948 eo
961 907 1067 960 quod
1097 908 1145 947 ad
1161 906 1385 960 corrigenda
1401 907 1600 947 tribunalia
1620 920 1720 960 opus
1737 907 1840 947 sitin
1862 907 2066 949 consilium

250 984 395 1012 vocare
414 972 515 1024 ipsos
524 970 672 1022 judices
692 999 703 1017 ‚
730 981 895 1020 quorum
916 967 1071 1008 interest
1086 968 1234 1020 semper
1251 997 1264 1016 ‚
1289 969 1375 1007 lites
1390 965 1557 1018 proferri
1577 967 1726 1019 longius
1742 998 1754 1016 ,
1784 979 1865 1007 non
1890 967 1998 1007 secus
2017 979 2065 1006 ac

250 1034 442 1082 militun13
471 1040 514 1069 ut
535 1031 635 1069 bella
657 1026 856 1069 diutiffime
893 1028 1042 1070 durent.
1102 1027 1193 1067 Sola
1211 1027 1408 1067 necessitas
1427 1025 1699 1066 Sereniffimam
1723 1027 1910 1078 Reginam
1930 1027 2068 1067 Isabel-

247 1094 322 1132 lam
339 1121 351 1141 ,
383 1090 460 1142 (a)
469 1090 561 1130 dum
575 1089 721 1140 Hispali
735 1099 961 1137 moraretur,
979 1089 1149 1139 impulit,
1163 1098 1206 1126 ut
1224 1099 1274 1126 ex
1295 1087 1450 1126 arbitrio
1472 1087 1633 1138 proprio
1656 1085 1727 1125 isto
1745 1086 1918 1126 remedio
1937 1095 2067 1126 utere-

247 1161 332 1191 tur:
359 1152 492 1202 longas
519 1151 621 1190 enim
637 1161 763 1188 moras
785 1148 941 1200 pertaesa
956 1177 969 1197 ,
1000 1150 1085 1187 lites
1102 1159 1239 1187 omnes
1259 1158 1390 1186 coram
1413 1146 1691 1197 opitulantibus
1711 1144 1926 1185 dottiffimis
1944 1145 1982 1185 δε
1998 1158 2067 1186 ex-

245 1212 365 1264 pertis
383 1210 506 1259 Viris,
537 1208 803 1260 componebat
817 1238 830 1257 ‚
861 1208 1007 1259 absque
1027 1207 1168 1246 sorensi
1186 1206 1344 1257 strepitu
1360 1236 1386 1263 ‚v
1404 1206 1551 1256 absque
1566 1204 1811 1258 proceffuum
1827 1206 1864 1245 ἃ
1883 1205 2067 1246 informa-

248 1281 399 1311 t10nurn
420 1271 729 1309 accumulatione
746 1298 758 1317 ,
771 1267 934 1307 feliciter
951 1267 1037 1307 sane
1050 1297 1063 1316 ‚
1088 1267 1378 1318 utexperientia
1391 1266 1537 1305 docuit.
1598 1264 1744 1317 Magna
1755 1277 1842 1305 cum
1852 1265 2060 1317 prudentia

245 1331 445 1370 Cantones
462 1329 625 1369 Helveti
644 1329 787 1380 Remp.
812 1327 915 1367 suam
934 1328 1220 1374 morderantur‚
1233 1327 1321 1377 quia
1339 1326 1431 1364 nulli
1444 1326 1544 1364 inter
1561 1336 1630 1363 eos
1651 1323 1918 1376 jureconsulti.
1963 1325 2064 1366 Ore-

248 1400 359 1431 tenus
385 1392 423 1430 in
446 1389 605 1430 consilio
631 1389 750 1428 causae
765 1396 1068 1439 proponuntur:
1098 1385 1303 1424 audiuntur
1324 1384 1439 1424 testes
1462 1415 1473 1432 ,
1505 1384 1544 1424 ὅτ,
1578 1384 1723 1436 absque
1751 1385 1862 1425 ullius
1895 1386 1951 1424 rei
1977 1387 2063 1426 scri-

247 1453 385 1504 ptione
402 1480 414 1498 ,
445 1458 700 1502 praeterquam
719 1447 927 1494 sententiae‚
949 1458 1044 1486 mox
1060 1445 1303 1485 deciduntur.
1376 1444 1504 1496 Magis
1517 1444 1677 1497 litiganti
1693 1444 1853 1496 expedit
1876 1446 1950 1485 cita
1968 1458 2063 1487 con·-

247 1511 444 1551 demnatio
465 1539 477 1558 ‚
508 1508 623 1561 quam
645 1507 829 1547 sententia
849 1507 963 1545 etiam
988 1506 1157 1558 propitia
1175 1535 1188 1554 ,
1226 1504 1315 1556 post
1336 1503 1490 1558 longam
1519 1505 1727 1544 multorum
1754 1516 1942 1544 annorum
1969 1517 2064 1546 con-

245 1573 473 1610 tentionem.
537 1569 617 1620 Qui
634 1566 753 1607 hodie
765 1566 1164 1617 seritlite1n‚palmam
1175 1565 1262 1604 serit
1279 1576 1388 1616 ;quae
1408 1576 1497 1604 cum
1510 1563 1586 1604 fert
1603 1561 1772 1604 frustum
1782 1594 1794 1613 ,
1808 1575 1881 1616 pro
1894 1566 1968 1604 alio
1981 1565 2060 1606 fert

244 1630 319 1683 (h)
338 1630 422 1670 Νη]
437 1626 569 1668 fuerim
598 1625 773 1666 concordes
789 1638 940 1677 unquam
955 1654 967 1673 ‚
997 1632 1062 1664 aut
1076 1627 1169 1664 inter
1188 1632 1345 1665 amantes
1364 1625 1458 1664 cives
1482 1656 1496 1674 ,
1525 1624 1583 1663 ubi
1601 1632 1729 1665 mutuae
1759 1625 1874 1664 multae
1899 1625 1975 1664 lites
1994 1627 2060 1679 ju-

243 1690 378 1729 diciales
387 1685 472 1738 ssmt
492 1717 504 1736 ,
525 1681 591 1736 fied
606 1684 665 1725 ubi
687 1697 734 1723 ece
748 1683 948 1737 hrevgffimae
963 1683 1014 1728 &²³
1022 1682 1240 1737 paucfflmae.
1298 1683 1508 1723 Minimiun
1530 1696 1621 1736 ergo
1640 1685 1752 1736 pauci
1769 1683 1841 1724 sint
1863 1683 1952 1735 Jure
1967 1695 2062 1724 con·

244 1750 329 1788 solti
351 1778 362 1796 ,
395 1747 694 1793 Procuratores,
726 1742 763 1783 &
791 1741 959 1782 Notarii.
1030 1742 1250 1794 Quomodo
1277 1743 1407 1794 quieta
1438 1741 1513 1781 esse
1542 1745 1686 1794 poterit
1711 1744 1943 1795 Respublica
1960 1773 1973 1793 ‚
2019 1745 2061 1785 in

245 1821 320 1860 qua
347 1808 479 1854 multi,
510 1816 553 1845 ut
576 1807 698 1845 vitam
728 1801 960 1851 sustentent,
990 1803 1075 1842 lites
1096 1802 1294 1842 excitant?
1309 1801 1438 1855 Quam
1454 1800 1732 1843 restitutionem
1761 1803 1908 1855 sperare
1923 1805 2061 1856 spolia-

247 1879 307 1908 tus
324 1867 489 1919 poterit,
511 1865 537 1903 si
564 1874 640 1902 tam
660 1864 770 1902 multi
787 1873 877 1901 eum
893 1859 981 1900 ante
1010 1862 1237 1911 expolient?
1265 1861 1318 1899 Et
1337 1863 1428 1900 licet
1444 1873 1579 1902 omnes
1600 1864 1670 1903 viri
1688 1863 1803 1916 probi
1826 1862 2060 1913 effent,non

246 1938 375 1968 tamen
391 1924 480 1964 ideo
498 1925 595 1963 inter
615 1923 759 1961 multos
776 1920 956 1960 sincerior
974 1922 1045 1958 erit
1062 1917 1202 1970 justitia
1224 1948 1237 1968 ,
1268 1919 1366 1958 ficut
1387 1931 1462 1959 nec
1489 1919 1638 1973 semper
1655 1935 1769 1963 unam
1798 1923 2061 1966 infirmitatem

245 1987 396 2028 felicius
413 1993 546 2023 curant
568 1985 696 2035 plures
716 1979 880 2020 Medici.
938 1977 1032 2018 Nec
1055 1978 1078 2018 ὲ
1093 1990 1136 2019 re
1163 1978 1258 2019 boni
1275 1978 1419 2030 publici
1440 1978 1520 2028 est;
1546 1983 1694 2020 utcum
1706 1980 1852 2032 jastura
1877 1984 2070 2035 tranquil-,

245 2047 359 2087 litatis
378 2045 616 2092 communis,
632 2042 669 2082 &
692 2040 947 2080 Fortunarum
970 2040 1136 2087 civium,
1165 2040 1282 2079 nimia
1301 2051 1389 2079 cum
1406 2038 1599 2093 diligentia
1608 2040 1692 2091 jura
1709 2041 1893 2093 cujusque
1911 2053 2058 2084 vocen-

245 2118 306 2147 tur
325 2108 363 2146 in
381 2115 544 2145 examen
561 2132 574 2152 ‚
605 2100 810 2141 mediocris
826 2097 1002 2138 sufficit&
1021 2099 1186 2138 moralis.

402 2164 437 2215 §.
469 2162 562 2203 Nec
586 2162 711 2201 minus
737 2159 956 2199 detrimenti
978 2157 1102 2197 adfert
1132 2157 1340 2197 multitudo
1366 2155 1602 2198 sanfflonum
1628 2161 1971 2212 pragmaticarum,
2005 2162 2054 2203 ad

245 2223 527 2268 moderandum
549 2223 684 2262 luxum
698 2218 884 2267 vestium,
914 2218 952 2259 &
969 2218 1139 2270 sumptus
1163 2217 1400 2270 superfluos:
1429 2230 1515 2257 nam
1526 2219 1754 2271 plerumque
1769 2220 1956 2272 ejusmodi
1975 2221 2055 2262 edi.

249 2286 309 2326 cta
325 2297 415 2324 cum
433 2290 665 2333 contemptu
683 2280 928 2331 excipiuntur
949 2309 961 2328 ,
992 2277 1030 2317 &
1055 2280 1122 2317 vix
1139 2290 1305 2330 unquam
1328 2280 1549 2318 executioni
1563 2278 1732 2318 mandari
1748 2279 1916 2332 possunt.
1975 2282 2054 2322 Lu·
2101 2274 2103 2277 Α

246 2359 294 2386 na
315 2343 451 2384 eadem
467 2372 480 2392 ‚
515 2354 598 2394 quae
617 2352 662 2380 ea
684 2341 826 2388 sancit,
856 2339 1011 2378 viciffim
1028 2339 1170 2378 abolet.
1227 2336 1443 2378 Sibillarum
1466 2338 1640 2390 responsa
1656 2339 1740 2378 sunt
1762 2341 1800 2379 in
1816 2339 1919 2380 foliis
1941 2342 2054 2382 arbo-

247 2417 330 2445 rum
350 2434 362 2453 ,
392 2403 521 2442 ventis
532 2400 680 2445 tradita,
738 2398 1033 2445 Inobedientia;
1062 2398 1218 2439 fisemel
1232 2399 1463 2447 obtinuerit,
1478 2400 1594 2451 magis
1607 2395 1674 2455 (c)
1692 2398 1918 2440 insolentem
1943 2400 1981 2441 &
1997 2402 2054 2444 se.

245 2465 436 2505 curiorem
464 2463 598 2501 luxum
619 2459 744 2500 faciet.
807 2458 873 2498 De
893 2459 1075 2509 Principis
1097 2457 1374 2499 existimatione
1396 2459 1529 2510 agitur,
1551 2458 1704 2511 quando
1730 2459 1900 2500 remedia
1916 2491 1928 2509 ,
1965 2474 2052 2513 quae

245 2525 324 2577 ipse
340 2521 562 2575 praescripsit
580 2551 591 2569 ‚
622 2528 687 2559 aut
707 2516 891 2558 effectum
914 2531 994 2558 non
1010 2519 1153 2558 habent
1170 2550 1181 2567 ‚
1211 2528 1276 2558 aut
1299 2530 1380 2558 non
1401 2515 1641 2564 adhibentur.
1677 2518 1814 2559 Edicta
1830 2519 2051 2573 Margaritae

243 2582 450 2626 Austriacae
475 2581 600 2623 Ducis
623 2578 833 2621 Parmensis
855 2608 868 2628 ‚
899 2581 987 2630 quia
1014 2580 1195 2619 executio
1220 2577 1364 2627 defuit,
1393 2580 1598 2630 plurimum
1632 2578 1682 2619 de
1707 2578 1935 2620 auetoritate
1969 2582 2050 2631 ejus

245 2640 445 2684 detraxere
468 2644 506 2682 in
528 2641 743 2681 Provinciis
771 2638 943 2692 Belgicis.
1008 2640 1139 2693 Quare
1163 2639 1326 2678 dubitari
1349 2638 1488 2679 merito
1511 2638 1662 2691 poffet,
1690 2652 1784 2680 num
1811 2640 2048 2681 tolerabilius

243 2706 385 2745 malum
404 2703 451 2742 sit
467 2704 578 2741 luxus
595 2700 672 2755 (d)
691 2699 933 2748 moderatus,
949 2699 1064 2751 quam
1089 2699 1320 2752 prohibitio,
1360 2700 1421 2738 cui
1438 2711 1555 2740 nemo
1571 2708 1710 2752 paret3
1741 2709 1807 2740 aut
1820 2711 1912 2739 num
1930 2699 2045 2741 satius

245 2764 291 2804 fit
316 2763 538 2803 dissimulare
555 2760 623 2815 (e)
630 2763 749 2813 potius
756 2758 961 2812 praevalida
975 2758 1025 2804 ἐξ)
1045 2762 1210 2814 antiqua,
1239 2760 1342 2812 quom
1359 2760 1417 2799 hot
1429 2757 1574 2814 affi'qui,
1603 2768 1644 2800 ut
1653 2760 1775 2813 palam
1796 2759 1890 2812 sint,
1920 2760 2046 2811 quibus

235 2822 387 2876 flagitiis
403 2825 548 2874 inpares
559 2820 632 2874 fint
647 2821 852 2872 Principes.
912 2819 953 2860 Si
962 2820 1139 2871 prohibita
1160 2819 1299 2870 inopum
1314 2817 1558 2870 transcenderis
1576 2851 1589 2870 ,
1620 2833 1724 2874 neque
1751 2826 1858 2858 metus
1875 2819 1974 2859 ultro
1989 2833 2047 2860 ne-

243 2895 308 2938 que
322 2881 436 2933 pudor
455 2881 514 2937 ‘st-
629 2881 670 2922 Si
694 2878 797 2931 leges
841 2880 953 2920 hasce
988 2879 1026 2920 ὅτ,
1052 2879 1301 2934 pragmaticas
1334 2878 1547 2921 saiiffiones
1581 2881 1681 2919 circa
1707 2889 1834 2920 mores
1854 2881 2046 2933 corrigen-

1972 2939 2046 2980 dos

345 3074 402 3120 (a)
424 3073 562 3107 Anton.
578 3072 730 3110 Nebriff.
751 3074 829 3110 dec.
851 3077 964 3111 1.C.6.
1012 3073 1074 3118 (b)
1100 3071 1216 3108 Plato.
1269 3075 1328 3120 (c)
1359 3075 1416 3109 Tot
1433 3072 1459 3109 d
1478 3069 1675 3121 Adajoribus
1701 3078 1840 3122 repertae
1856 3097 1865 3111 ,
1887 3079 1942 3107 tot
1957 3083 2046 3122 quas

244 3125 366 3162 Divus
382 3121 560 3176 Augzstus
574 3124 662 3160 tulit
675 3150 684 3165 ,
709 3125 769 3162 iffa
781 3123 951 3163 oblivione
963 3152 972 3165 ‚
997 3122 1044 3162 hae
1063 3127 1081 3172 (
1094 3122 1186 3175 quod
1201 3120 1415 3177 flagiticfius
1428 3123 1474 3175 est
1489 3129 1507 3169 )
1534 3132 1728 3175 contemptu
1752 3119 1883 3160 abolitae
1894 3121 2045 3168 ficario-

244 3190 319 3217 rem
334 3174 594 3227 luxumftcere.
622 3177 708 3213 Tac.
718 3177 779 3214 lib.
801 3192 832 3227 3,
854 3177 984 3215 Annal.
1038 3176 1062 3219 (
1073 3178 1095 3213 d
1109 3180 1127 3220 )
1160 3182 1256 3214 Num
1285 3178 1441 3214 co'e‘rcitio
1454 3176 1536 3230 plus
1565 3175 1693 3214 damni
1713 3176 1753 3212 in
1775 3180 1856 3213 Rem
1880 3204 1887 3210 .
1908 3173 2045 3226 ferret:

244 3242 350 3283 quam
367 3227 563 3265 indecorum
575 3229 775 3266 attrec‘i‘are
790 3258 798 3271 ,
824 3230 914 3283 quod
934 3243 1001 3266 non
1017 3226 1232 3266 obtineretur
1251 3257 1260 3270 ‚
1287 3229 1352 3266 vel
1374 3238 1552 3268 retentum
1571 3229 1803 3282 ignominiam
1890 3223 2041 3279 infami·

245 3294 307 3321 am
328 3282 490 3319 virorum
508 3279 857 3334 illustriumpqsc'eret.
884 3282 973 3320 Ibid.
988 3283 1010 3328 l,
1039 3295 1072 3330 3.
1092 3283 1222 3321 Annal.
1269 3281 1326 3330 (e)
1337 3281 1428 3320 Ibid.
