2132 3730
477 196 1461 245 SYMBOLAPOLJTICA.
1809 216 1863 257 53

7 274 11 334 f
63 285 108 339 fic
118 287 254 339 pueblo,
264 284 302 337 si
317 283 348 322 el
359 280 559 336 ccstumbres
582 314 595 332 ,
621 296 639 323 e
653 293 811 322 timueras
827 281 952 321 hamas
967 295 1030 322 non
1047 279 1171 336 ovieffi‘.
1230 285 1353 338 Atque
1369 283 1482 324 itidem
1498 314 1510 333 ‚
1538 291 1579 324 ut
1594 284 1630 325 in
1648 283 1749 337 officio
1756 295 1865 338 popu-

7 367 10 373 *
73 347 142 387 lum
163 345 347 391 contineat,
376 340 529 393 exemplis
546 343 576 381 ei
600 343 730 393 optimis
737 341 942 393 prestarent,
972 340 1021 395 est
1047 339 1182 394 neceffi„
1211 344 1247 381 in
1274 344 1396 395 quibus
1417 344 1575 384 nimirum
1590 373 1604 393 ,
1629 343 1681 389 &⁹
1710 357 1866 395 errores,

74 417 158 459 quos
179 404 318 450 vitare,
348 399 400 445 &⁹
420 403 592 450 virtutes,
622 414 711 454 quas
724 398 822 454 sequi
843 399 1004 450 debeant,
1022 398 1153 452 fichditi
1165 399 1288 453 pcfflnt
1309 404 1445 441 intueri.
1505 402 1589 454 Ntfi
1616 406 1701 444 enim
1719 405 1868 445 moribus

75 465 242 514 Princeps
252 460 302 513 fit
315 462 466 512 (sptenis,
480 462 624 514 vitaque
648 462 886 511 integerrima,
915 472 1017 512 neque
1038 460 1155 500 Deum
1179 457 1262 510 ἱρῇ),
1284 469 1394 510 prout
1423 468 1576 511 oportet,
1605 461 1803 515 agnoscere,·
1822 467 1868 504 ti-

75 533 181 569 mere,
207 532 346 567 mimre3
374 532 478 573 neque
505 527 642 559 mentem
658 515 780 569 fitam,
810 519 940 568 verba,
969 526 1073 572 atque
1100 527 1206 570 opara
1222 515 1315 569 sbtis
1341 518 1524 574 czssodire3
1553 534 1658 575 neque
1683 520 1870 577 firh'ettum

74 579 212 633 denique
224 579 383 630 populum
400 578 594 631 gubernare
616 580 684 618 rite
699 578 838 619 valebit.
895 577 941 618 N
943 590 1002 618 am
1030 579 1058 618 fi
1080 579 1173 617 vitia
1192 579 1342 618 virtutis
1367 580 1561 618 lucernam
1589 583 1810 635 extinguant
1830 584 1871 623 in

73 639 267 689 Principe,
298 639 362 689 qui
381 636 504 677 facem
533 636 742 690 praelucere
761 638 938 677 omnibus
955 637 1098 685 debet,
1129 636 1167 675 &
1197 637 1404 677 securiores
1438 639 1735 681 commonstrare
1765 644 1872 682 navi—

73 699 234 751 gationis
260 699 363 746 vias‚
392 698 430 736 in
457 699 540 737 saxa
571 697 609 737 δε
630 697 807 749 scopulos
822 697 1058 748 Reipublicae
1072 698 1200 736 navim
1226 697 1419 749 impellet,
1448 709 1575 748 neque
1588 701 1689 739 enim
1705 699 1785 741 fieri
1801 715 1872 755 po-

72 756 164 805 test,
192 768 236 796 ut
260 757 484 809 gubernatio
505 756 681 796 succedat
703 756 827 805 reffle,
856 757 921 795 ubi
950 755 1129 807 Princeps
1158 757 1195 795 in
1212 755 1350 808 flagitia
1377 757 1452 796 sese
1483 769 1647 808 pronum
1678 759 1871 801 effuderit.

73 818 126 857 Ca
145 817 177 856 el
195 819 281 857 vitio
300 815 452 866 (verba
473 810 559 855 sunt
583 815 752 867 ejusdem
778 814 965 867 Alphonfi
989 815 1105 867 Regis
1122 813 1146 868 >
1168 814 1241 869 (a)
1264 818 1309 856 ha
1324 815 1409 867 ensi
1425 817 1478 855 tal
1498 824 1648 867 natura,
1678 831 1742 871 que
1763 834 1873 873 qnan-

70 883 104 917 to
119 877 149 916 el
174 876 259 916 Ome
280 887 353 915 mas
368 875 396 915 lo
425 873 505 926 aja,
535 883 631 916 tanto
658 888 732 916 mas
747 875 776 915 lo
793 887 872 914 ama
877 905 890 924 ,
920 887 938 914 e
959 873 1048 928 desto
1068 874 1096 914 le
1111 877 1231 914 vimen
1253 875 1404 927 grandes
1430 876 1550 924 males,
1581 891 1598 915 e
1625 890 1766 930 mengun
1787 876 1874 930 else·

59 934 100 988 fi)
110 967 122 986 ‚
136 949 154 975 e
173 936 206 975 Ia
225 932 398 975 fortaleza
417 935 469 974 del
486 947 649 985 corazon,
677 948 695 976 ο
707 942 774 985 por
783 930 920 985 fiterza
934 946 958 972 a
978 933 1019 974 de
1041 933 1151 973 dexar
1174 932 1368 984 losfechos,
1399 935 1474 989 quel
1500 937 1679 976 convienen
1709 936 1751 976 de
1764 935 1875 988 fazer

61 1005 133 1049 por
154 995 253 1047 fabor
283 994 323 1034 de
347 995 393 1034 Ios
415 1002 526 1043 otras,
556 1008 596 1034 en
617 1006 680 1049 que
704 994 793 1033 halla
818 993 848 1032 el
866 995 970 1042 voc1'0,
1030 993 1092 1033 Ea
1122 1007 1265 1046 namque
1287 997 1452 1035 vitiorum
1476 1003 1608 1034 natura
1635 995 1706 1050 est,
1722 1005 1783 1047 ut,
1812 999 1876 1052 qui

62 1053 341 1109 frequentantur
353 1056 458 1106 magis
470 1085 483 1103 ,
512 1056 617 1106 magis
631 1055 731 1093 etiam
744 1060 922 1101 amentum
939 1050 1025 1093 unde
1038 1052 1128 1092 mala
1152 1055 1353 1093 exoriuntur
1368 1054 1589 1107 graviffinm
1619 1057 1742 1108 ingenii
1756 1059 1845 1097 acies
1858 1088 1873 1106 ‚

5 1153 7 1158 ,
72 1117 241 1168 animique
256 1114 362 1153 robur
380 1112 579 1153 obtunditur
592 1120 695 1165 atque
710 1112 888 1153 hebetatur
901 1142 914 1161 ‚
944 1124 984 1150 ac
999 1111 1133 1152 tandem
1155 1113 1263 1152 veluti
1280 1114 1464 1167 neccffitate
1489 1113 1639 1164 quadam
1654 1114 1876 1170 obstringitur

70 1173 122 1213 ad
139 1175 362 1225 occupatienes
379 1174 481 1212 etiam
505 1174 646 1212 maxime
668 1167 862 1225 necffzrins
874 1179 955 1223 prce
973 1172 1038 1221 iis,
1066 1174 1102 1211 in
1120 1171 1244 1225 quillus
1257 1172 1441 1212 mendacem
1461 1174 1544 1212 vitii
1565 1172 1764 1215 dulcedinem
1782 1185 1877 1228 repe-

72 1236 144 1282 rit,
175 1232 395 1285 negligendas.
453 1230 579 1270 Facile
593 1233 696 1283 leges
715 1232 927 1271 contemnit
951 1243 995 1270 ac
1013 1231 1170 1282 despicit
1185 1234 1372 1283 populus;
1403 1233 1431 1272 fi
1457 1231 1587 1272 videat
1601 1245 1681 1274 non
1699 1235 1881 1275 observa·

70 1294 102 1332 ri
125 1292 171 1331 ab
209 1304 280 1339 eo,
311 1293 375 1341 qui
403 1289 609 1330 earundem
636 1289 690 1329 est
714 1291 848 1330 anima.
908 1289 1040 1343 Quare
1068 1291 1165 1330 sicut
1191 1288 1347 1343 eclipses
1367 1291 1487 1331 Lunae
1515 1301 1623 1331 terrae
1645 1294 1804 1343 obsunt,
1822 1295 1876 1334 ita

5 1376 7 1402 2
69 1361 230 1405 peccata
251 1350 430 1401 Principis
449 1347 685 1400 pessumdant
698 1361 875 1402 regnum:
905 1350 1056 1389 illorum
1073 1353 1174 1390 enim
1198 1363 1326 1401 poenas
1357 1349 1378 1389 a
1402 1351 1494 1391 Deo
1510 1351 1685 1392 immissas
1709 1356 1879 1406 plerum-

71 1423 148 1463 que
169 1412 274 1450 luere
292 1409 561 1448 debentetiam
582 1409 741 1456 subditi,
772 1410 860 1460 quia
885 1410 1107 1460 exemplum
1130 1411 1247 1449 secuti
1278 1410 1491 1450 eorundem
1519 1410 1593 1450 sese
1615 1411 1796 1453 scelerum
1821 1413 1879 1453 fa-

5 1461 7 1464 ⁴
71 1472 180 1510 ciunt
204 1480 361 1522 quoque
382 1469 607 1520 participes;
636 1469 703 1508 ubi
723 1468 790 1508 sub
807 1467 1043 1520 Jeroboamo
1063 1466 1136 1524 (b)
1166 1470 1276 1523 Rege
1306 1469 1326 1509 ὲ
1345 1472 1495 1522 populo
1513 1470 1710 1512 Israelitico
1734 1473 1878 1515 facetum

70 1530 264 1583 Scriptura
281 1537 481 1568 memorat.

245 1588 335 1628 Una
364 1588 439 1628 sola
459 1585 592 1627 umbra
608 1588 823 1639 impurioris
854 1586 1004 1635 demi,
1035 1600 1120 1639 quae
1141 1589 1260 1641 Regis
1280 1588 1465 1629 Roderici
1481 1587 1621 1631 famam
1640 1592 1877 1641 obscuravit,¹

71 1648 199 1689 multis
221 1648 363 1688 saeculis
384 1646 575 1700 Hispaniae
593 1648 809 1688 libertatem
826 1648 967 1688 teneris
986 1647 1199 1699 oppreffam
1221 1650 1357 1691 tenuit.
1417 1650 1685 1701 Quamobrem
1703 1652 1877 1691 excusari

72 1708 201 1758 aliquo
216 1707 335 1748 modo
353 1709 496 1759 poterit
515 1707 695 1744 barbarus
712 1708 774 1745 ille
802 1705 870 1758 (c)
893 1705 1190 1746 Mexicanorum
1219 1719 1326 1755 mos,
1357 1709 1421 1758 qui
1457 1710 1608 1758 quoties
1628 1711 1777 1762 Regem
1809 1712 1879 1750 ali-

73 1778 190 1818 quem
216 1778 364 1806 novum
394 1767 679 1818 inaugurarent,
706 1763 964 1815 jusjurandum
987 1765 1034 1804 ab
1068 1766 1133 1804 illo
1159 1764 1423 1817 postulabant,
1454 1766 1561 1818 quod
1580 1768 1758 1819 justitiam
1777 1769 1874 1810 esset

71 1825 412 1872 administraturus5
447 1836 528 1865 non
546 1821 787 1874 oppressurus
803 1823 997 1869 subditos3
1027 1822 1178 1862 futurus
1202 1826 1241 1862 in
1263 1826 1367 1863 bello
1387 1824 1496 1865 fortis
1524 1839 1569 1865 ac
1589 1826 1784 1875 strenuus;
1805 1841 1873 1868 cu-

3 1874 6 1878 *
71 1894 220 1924 taturus
252 1885 440 1934 denique,
470 1890 513 1920 ut
537 1880 603 1919 Sol
627 1880 775 1919 cursum
795 1880 902 1919 suum
931 1892 976 1918 ac
1000 1880 1240 1931 splendorem
1267 1884 1471 1932 retineret,
1501 1885 1624 1924 nubes
1649 1887 1875 1939 largirentur

71 1945 234 1996 pluvias,
253 1943 362 1982 fluvii
377 1948 572 1980 manarent
591 1939 719 1989 aquis,
749 1937 788 1977 δι
803 1947 902 1978 terra
915 1939 1079 1979 ubertim
1093 1940 1181 1980 suos
1197 1940 1389 1992 proferret
1404 1941 1564 1992 fruetus,
1624 1943 1781 1987 Etenim
1797 1947 1878 1987 Re-

71 2001 251 2054 gisa116t0
269 2002 335 2041 Sol
355 2001 434 2052 ipse
451 1998 708 2039 obedientiam
731 1997 902 2049 praestat,
917 2007 960 2037 ut
977 1999 1089 2050 josue
1111 1999 1303 2051 quondam
1320 2012 1502 2054 expertus
1523 2001 1596 2051 est,
1615 2005 1654 2044 in
1672 2009 1872 2056 praemium

70 2063 243 2110 virtutis,
274 2062 313 2102 &
326 2060 436 2101 tellus
455 2058 708 2099 faecundiores
724 2057 803 2096 edit
821 2068 973 2110 partus,
1003 2068 1046 2098 ut
1065 2070 1169 2111 grata
1186 2061 1478 2111 quodammodo
1495 2063 1540 2102 fit
1555 2075 1627 2115 pro
1647 2064 1877 2106 administra·

73 2119 113 2161 ta
130 2123 169 2162 in
195 2123 384 2175 populum
401 2118 551 2172 justitia.
610 2116 706 2158 lllud
724 2117 846 2169 ipsum
866 2116 919 2158 est
933 2148 944 2167 ,
975 2118 1083 2171 quod
1104 2118 1301 2160 Homerus
1324 2122 1383 2161 his
1416 2122 1588 2163 versibus
1610 2123 1770 2165 indicat:

250 2219 337 2286 (d)
372 2223 499 2275 Sicut
516 2217 788 2289 percelebris
811 2220 972 2290 Regis,
1008 2221 1099 2290 qui
1117 2224 1317 2275 nomina
1340 2235 1499 2282 curat,

247 2296 303 2349 In
322 2293 583 2362 multisque
610 2292 867 2361 probisque
883 2295 1015 2344 viris
1024 2295 1152 2362 jura
1179 2311 1318 2364 aeqtta
1339 2297 1607 2360 ministrat,

253 2365 360 2433 Ipsa
383 2363 460 2416 illi
483 2362 620 2414 tellus
638 2365 903 2429 nigricans,
936 2374 1163 2433 prompta
1189 2378 1332 2434 atque
1358 2367 1559 2437 benigna

247 2436 354 2488 Fert
359 2433 554 2504 fruges,
585 2430 857 2503 segetesque.
896 2433 962 2487 ἐν·
979 2437 1140 2502 pomis
1157 2437 1303 2488 arbor
1322 2437 1486 2504 onusta
1509 2438 1568 2504 est
1581 2474 1596 2497 ‚

250 2506 542 2557 Proveniant
562 2503 775 2572 pecudes,
806 2502 1156 2572 &suppeditat
1177 2523 1312 2559 mare
1326 2506 1500 2577 piftess

252 2575 331 2626 Ob
347 2573 529 2628 rebium
547 2577 808 2643 imperium
825 2574 999 2644 populi
999 2572 1114 2644 sors
1131 2590 1229 2629 tota
1258 2578 1396 2629 beata
1417 2578 1489 2647 est.

248 2685 286 2739 ᾗ,
317 2686 385 2742 (e)
415 2686 544 2729 Annus
568 2685 670 2729 bonus
685 2718 698 2737 ,
726 2699 792 2729 non
822 2694 895 2728 tam
915 2686 956 2727 de
977 2688 1070 2729 bonis
1097 2686 1282 2741 fluetibus
1303 2716 1315 2739 ,
1344 2692 1445 2743 qnam
1474 2687 1515 2732 de
1536 2687 1630 2748 jtfie
1657 2692 1881 2749 regnantibus*

73 2744 324 2801 existimandus.
386 2746 528 2799 Estque
549 2760 594 2787 ea
616 2757 657 2787 ut
672 2749 874 2800 plurimum
892 2749 998 2800 vulgi
1018 2749 1151 2801 opinio
1169 2777 1180 2798 ‚
1211 2750 1399 2791 malorum
1432 2747 1585 2794 suorum
1617 2752 1653 2795 δι
1690 2756 1882 2809 prosperi-

74 2817 197 2847 tatum
221 2803 380 2846 cauffam
398 2805 471 2846 effe
492 2818 585 2855 eos,
616 2808 679 2858 qui
712 2820 800 2847 cum
830 2808 992 2859 imperio
1007 2809 1113 2848 sunt:
1144 2809 1235 2861 quin
1253 2805 1411 2851 fortuita
1426 2813 1503 2864 ipsa
1528 2813 1628 2867 saepe
1653 2815 1702 2855 ad
1728 2815 1882 2870 culpam

77 2867 190 2907 trahit
215 2866 418 2917 Principis,
448 2869 503 2906 uti
533 2868 699 2918 populus
728 2868 926 2907 Romanus
945 2879 990 2907 ea
1010 2865 1168 2908 Tiberio
1202 2870 1405 2911 tribuebat.

225 2926 262 2977 ς.
293 2923 376 2980 (f)
407 2924 474 2965 Ne
503 2927 541 2965 in
571 2927 735 2966 animum
763 2927 869 2967 suum
895 2927 1050 2968 inducat
1082 2928 1289 2980 Princeps,
1322 2938 1404 2971 tum
1436 2925 1591 2973 demum
1612 2935 1705 2973 vitia
1720 2934 1783 2975 sua
1811 2934 1880 2974 mi-

75 2984 146 3025 nus
164 2995 340 3027 notatum
365 2987 430 3035 iri,
463 2983 491 3027 si
517 2994 561 3025 ea
575 2985 943 3039 impune-permittat
970 2984 1067 3036 aliis,
1097 2997 1163 3028 aut
1177 3000 1265 3029 cum
1304 2993 1455 3043 populo
1482 2995 1701 3034 communia
1733 2993 1880 3040 'faciat3

944 3045 983 3086 Ο
1838 3049 1881 3092 id

103 3199 110 3207 α
170 3151 227 3195 (a)
252 3150 331 3189 Lib.
357 3159 388 3196 ς.
413 3151 469 3190 tit.
494 3165 524 3199 3.
545 3164 577 3202 p.
597 3166 632 3189 2·
684 3149 744 3201 (b)
772 3154 911 3207 Propter
925 3164 1072 3208 peccata
1087 3153 1291 3206 Jeroboam,
1317 3159 1378 3211 ‘qui
1388 3148 1572 3210 peecavit,
1597 3155 1643 3199 ῤ’
1664 3167 1806 3211 peccare
1815 3152 1880 3208 fe-

2 3223 4 3264 ξ
77 3198 425 3301 ἶίὶζζνῐωίξῃέἓιῑζεὲ.
453 3217 509 3252 14.
536 3207 592 3243 16.
649 3205 706 3254 (c)
733 3206 823 3257 Pop.
842 3207 986 3247 Garnar.
1042 3210 1103 3258 (d)
1133 3209 1356 3261 HormUlin
1407 3215 1465 3259 (e)
1489 3208 1647 3247 Boetius.
1699 3207 1767 3259 (f)
1789 3210 1877 3247 Tac.
