2132 3730
237 218 322 267 146
670 210 1024 254 DIDACI
1078 211 1626 260 SAAVEDRAE.

230 299 380 350 ignavia
401 297 591 338 est:-ci1m
622 296 722 334 enim
741 293 1048 341 fortitudodefit
1069 295 1117 335 ad
1135 296 1362 348 sperandum
1388 300 1425 338 in
1444 300 1642 351 periculo,
1672 313 1745 341 nos
1761 303 1800 342 in
1822 301 1915 341 illud
1932 303 2054 353 ipsum

230 359 398 398 turbatio
418 354 541 395 metus
563 351 635 409 (a)
667 356 838 406 conjicit.
902 355 1072 409 Quando
1086 355 1356 399 fortitudinem
1385 359 1595 399 Prudentia
1620 363 1851 412 comitatur,
1882 362 2058 402 conside-

227 419 364 457 rationi
385 419 491 455 locus
509 412 582 462 est,
617 414 653 453 &
675 415 703 455 si
722 416 762 455 in
792 418 930 456 minori
952 418 1127 469 periculo
1151 417 1235 458 satis
1255 420 1386 462 secura
1402 432 1483 460 non
1503 420 1550 460 sit
1565 450 1577 470 ,
1608 420 1728 472 majus
1744 422 1868 465 subire
1881 434 1962 462 non
1984 435 2054 463 ve·
2094 417 2097 419 ’

226 487 343 521 retur,
402 473 519 513 Metu
535 476 656 514 emori
674 475 849 518 debilitas
873 478 987 518 animi
1007 476 1073 518 est.
1136 476 1257 518 Nulla
1282 480 1401 531 major
1415 479 1629 531 fortitudO,
1661 480 1777 533 quam
1801 495 1885 535 quae
1906 483 1953 522 ab
1990 494 2056 522 ex·

227 546 347 576 trema
372 534 588 574 necestitate
623 534 699 588 (b)
731 538 863 577 oritur.
929 537 1163 578 Remedium
1198 551 1272 579 nec
1303 542 1482 592 sperare,
1513 553 1587 581 nec
1623 540 1846 594 desperare,
1877 544 2056 583 ultimum

224 597 339 636 rebus
361 593 568 646 desperatis
593 594 688 636 solet
711 595 787 637 effe
808 598 1035 639 remedium.
1097 597 1162 637 Sic
1185 601 1294 640 navis
1315 601 1508 643 interdum
1542 602 1691 641 servata
1719 601 1814 641 fuit:
1845 614 1933 642 nam
1966 602 2057 642 cum

223 657 346 702 littus,
380 654 488 706 quod
510 657 709 696 arenosum
733 661 814 697 non
842 658 954 706 esset,
987 658 1119 698 secure
1140 668 1276 710 petere
1301 671 1379 699 non
1409 661 1587 710 auderet,
1619 662 1698 700 alto
1730 663 1824 701 mari
1847 663 1923 702 sese
1949 674 2057 702 com-

223 714 345 763 misit,
378 715 416 754 δι
438 716 478 755 vi
501 715 690 757 fluctuum
708 718 831 758 evasit
854 720 1070 760 incolumis.
1130 718 1359 759 Periculum?
1370 732 1489 761 unum
1507 720 1661 761 alterius
1682 722 1780 760 solet
1798 720 1873 761 effe
1902 720 1968 776 (c)
1999 733 2058 761 re·-

222 774 406 815 medium.
469 774 531 816 Εὸ
549 776 773 828 spectabant
791 808 803 827 ,
836 779 875 818 ni
893 778 1029 828 fallor,
1062 778 1115 827 ii,
1147 780 1212 831 qui
1231 780 1268 819 in
1296 778 1563 830 conjuratione
1582 790 1719 821 contra
1736 780 1899 820 Galbam
1923 780 2058 833 aneto.

224 847 286 875 res
312 835 346 875 ei
372 844 500 885 erant,
531 847 574 876 ut
604 839 730 889 primo
753 849 849 878 mox
873 837 995 878 furori
1027 836 1102 894 (d)
1135 850 1371 879 occurreret.
1430 841 1557 880 Armis
1588 841 1861 893 propugnabat
1903 840 2056 881 Garflas
2102 865 2106 866 ν

220 894 430 935 Gomesius
454 894 627 936 Castrum
646 896 859 937 Mundanae
881 897 1098 938 Caesarianae
1122 899 1218 950 (cui
1247 899 1491 951 temporibus
1514 899 1632 953 Regis
1649 901 1840 953 Alphonsi
1864 900 2056 953 Sapientis

219 957 251 995 is
267 964 426 1008 praeerat
451 955 740 1011 Gubernator)
771 957 809 997 δε
830 958 980 999 tametsi
997 960 1137 999 milites
1164 960 1250 1000 suos
1269 971 1412 1001 omnes
1435 969 1500 998 aut
1525 960 1750 1000 interfetffffls
1772 970 1970 1009 cerneret,
1990 970 2055 1000 aut

219 1016 442 1056 vulneribus
467 1015 633 1065 saucios3
665 1016 810 1057 dedere
828 1028 956 1058 tamen
975 1018 1069 1059 illud
1094 1022 1243 1070 noluit,
1275 1032 1349 1060 nec
1377 1022 1554 1071 accipere
1575 1019 1822 1060 conditiones
1847 1030 2054 1073 quantum-

217 1077 277 1116 vis
287 1075 464 1116 honestas
476 1076 522 1115 ab
536 1076 714 1117 africanis
724 1078 791 1118 sibi
803 1079 962 1120 oblatas:
973 1079 1111 1119 horum
1123 1081 1224 1120 enim
1234 1079 1324 1120 fidei
1334 1092 1413 1120 non
1425 1080 1509 1119 satis
1520 1079 1720 1119 fidendum
1732 1082 1950 1129 ratus,inter
1961 1078 2055 1119 fide·
2120 1124 2121 1128 Ἰ

217 1137 330 1175 litatis
342 1137 413 1175 suae
423 1136 575 1176 brachia
587 1139 823 1179 occumbere
830 1140 993 1188 gloriose
1004 1141 1149 1189 maluit,
1159 1138 1273 1191 quam
1285 1141 1384 1179 inter
1395 1138 1551 1180 hostiles
1560 1152 1711 1187 manus3
1721 1138 1759 1180 δε
1769 1140 1874 1192 quod
1887 1149 2055 1179 mortem
2122 1135 2126 1155 '¹

216 1197 268 1236 illi
279 1197 475 1237 allaturum
499 1196 704 1238 videbatur
721 1201 771 1238 mi
776 1212 815 1239 re
826 1201 877 1238 ilii
888 1200 1111 1239 conciliavit
1124 1200 1271 1240 animos
1281 1198 1462 1249 hostium,
1473 1202 1537 1252 qui
1550 1209 1694 1240 tantam
1711 1199 1905 1253 generosae
1915 1201 2054 1238 mentis

218 1255 468 1297 constantiam
492 1256 530 1296 &
544 1257 812 1299 fortitudinem
824 1258 1168 1313 admirati‚inje6to
1179 1262 1217 1299 in
1236 1259 1398 1300 castrum
1411 1273 1515 1300 unco
1536 1262 1672 1300 vivum
1686 1261 1777 1300 inde
1795 1269 2056 1307 extraxerunt,

217 1329 352 1368 magna
369 1318 472 1358 ilium
490 1317 696 1359 tractantes
718 1331 807 1369 cum
841 1320 1104 1368 humanitate,
1136 1322 1275 1359 curatis
1313 1320 1428 1359 etiam
1458 1320 1706 1368 vulneribus,
1737 1332 1823 1371 quae
1846 1319 2051 1358 obsidione

217 1376 378 1416 durante
396 1388 611 1430 acceperat,
675 1377 799 1418 Tanta
824 1381 976 1420 virtutis
998 1382 1054 1418 vis
1081 1377 1155 1427 est,
1187 1389 1231 1418 ut
1257 1378 1346 1431 ipsis
1369 1381 1482 1419 etiam
1500 1378 1674 1419 hostibus
1702 1389 1806 1431 grata
1825 1379 1884 1423 sit.
1949 1379 2054 1419 Lon·

215 1436 264 1490 ge
279 1438 451 1490 pluribus
477 1441 596 1479 vitam
624 1437 817 1479 fortitudo
833 1438 964 1488 dedit,
997 1437 1112 1490 quam
1138 1449 1277 1479 metus.
1337 1438 1487 1479 Nescio
1512 1440 1596 1490 quis
1624 1438 1735 1478 Deus
1766 1440 1866 1478 illam
1888 1441 2052 1479 comite-

217 1508 297 1546 tur,
331 1499 395 1549 qui
422 1509 504 1540 eam
521 1495 546 1537 ὲ
569 1500 752 1550 periculis
775 1509 896 1539 eruat.
958 1496 1020 1539 Εό
1048 1508 1249 1550 tempore,
1282 1511 1362 1551 quo
1388 1499 1477 1538 Rex
1501 1497 1765 1538 Ferdinandus
1791 1498 1952 1537 Sanetus
1980 1497 2052 1537 Hi-

215 1558 345 1609 spalim
372 1560 483 1597 armis
513 1559 705 1607 cinxerat,
739 1558 891 1599 Garsias
923 1559 1094 1599 Peresius
1121 1558 1270 1612 vargas
1289 1561 1386 1598 civis
1419 1559 1656 1607 Toletanus,
1689 1558 1726 1598 δε
1752 1559 1844 1596 alius
1868 1557 2022 1609 quidam
2040 1588 2054 1607 ,

215 1616 352 1656 divulsi
379 1616 399 1656 a
428 1620 574 1657 caeteris
609 1619 731 1669 ripam
760 1617 874 1659 Baetis
907 1618 1074 1658 fluminis
1100 1618 1410 1667 inambulabam,
1441 1619 1530 1659 ciim
1567 1630 1661 1658 ecce
1688 1629 1738 1657 ex
1770 1619 1983 1670 improviso
2001 1617 2056 1657 se-

216 1685 324 1729 ptem
341 1676 411 1717 fibi
431 1676 596 1717 Mauros
611 1678 762 1729 equites
789 1678 990 1718 imminere
1012 1677 1277 1728 conspiciunt:
1308 1689 1447 1717 monet
1470 1679 1595 1719 socius
1623 1677 1865 1727 cedendum,
1902 1676 2054 1717 Garsias

215 1745 366 1786 tamen,
397 1749 447 1776 nc
472 1738 574 1787 turpi
591 1736 681 1789 fuga
701 1738 863 1789 iguaviae
882 1739 1130 1791 ignominiam
1159 1736 1388 1789 susciperet,
1420 1737 1578 1777 didu&a
1615 1737 1772 1786 caffide,
1804 1737 1843 1776 δε
1878 1738 2051 1778 lanceam

213 1809 330 1837 manu
347 1797 527 1848 vibrans,
561 1797 662 1837 solus
693 1797 896 1838 adversum
916 1798 1188 1850 progreditur;
1219 1796 1349 1837 hostes
1366 1799 1525 1850 cognito
1555 1799 1639 1850 quis
1670 1796 1786 1844 effer,
1819 1798 1858 1837 &
1880 1796 2053 1838 admirati

214 1859 512 1910 imperterritum
544 1857 649 1896 illum
680 1858 877 1906 animum,
901 1858 1058 1897 transire
1081 1856 1187 1896 illum
1215 1857 1367 1906 sinunt,
1392 1858 1430 1897 δι
1462 1859 1673 1898 certamine
1710 1856 1919 1896 abstinent:
1948 1857 2055 1898 saluti

214 1919 394 1958 nimirum
415 1916 489 1956 fuit
508 1918 665 1957 heroica
688 1918 749 1955 illa
773 1915 989 1964 fortitudo;
1020 1928 1108 1956 nam
1133 1916 1159 1954 si
1177 1928 1251 1953 una
1270 1928 1358 1954 cum
1382 1917 1488 1954 socio
1515 1917 1552 1954 se
1571 1916 1732 1955 dedisset
1760 1918 1796 1955 in
1815 1916 1968 1968 fugam,
1997 1918 2054 1957 in-

214 1978 334 2019 secuti
357 1978 460 2016 illum
480 1974 634 2016 fuissent
654 1975 804 2023 hostes,
836 1977 874 2016 &
890 1977 1089 2027 captivum
1111 1973 1363 2013 abduxissent.
1426 1975 1571 2014 Animo
1593 1975 1720 2014 soluto
1742 1987 1787 2013 ac
1811 1976 1935 2014 libero
1953 1987 2054 2028 opus

215 2036 272 2078 est
291 2037 338 2076 ad
362 2035 613 2076 examinanda
642 2035 833 2086 pericula,
866 2036 995 2087 quoad
1019 2046 1214 2075 rumorem
1243 2033 1433 2085 primum,
1463 2043 1546 2072 tum
1571 2034 1702 2084 quoad
1725 2045 1862 2073 eorum
1890 2038 2053 2087 gravita-

217 2107 310 2138 tem.
374 2097 517 2149 Quoad
538 2107 734 2136 rumorem
752 2096 932 2147 quidem,
962 2107 1049 2134 nam
1068 2095 1120 2132 ob
1142 2092 1354 2133 distantiam
1379 2094 1610 2144 plerumque
1628 2091 1856 2132 aestimantur
1883 2094 2026 2145 majora
2035 2106 2052 2147 3

217 2159 356 2210 vulgus
374 2157 422 2196 ad
446 2156 574 2195 audita
596 2155 787 2206 trepidat,
822 2155 860 2194 <Sc
884 2154 1058 2194 seditiose
1081 2165 1170 2192 cum
1207 2161 1416 2205 augmento
1448 2151 1560 2190 latius
1583 2163 1627 2190 ea
1650 2151 1788 2204 spargit
1821 2164 1866 2192 ac
1893 2153 2056 2195 dissemi-

217 2228 304 2267 nat,
335 2218 511 2257 exultans
539 2215 680 2266 gaudio
704 2216 741 2254 in
762 2214 869 2255 maiis
893 2216 965 2255 suis
985 2214 1151 2265 propriis
1171 2213 1222 2252 ob
1250 2213 1403 2251 casuum
1427 2212 1663 2266 novitatem,
1697 2221 1762 2252 aut
1782 2215 1870 2263 quia
1890 2214 2052 2265 praesen-

221 2289 300 2318 tem
321 2278 643 2330 gubernationem
663 2276 872 2326 improbat,
935 2274 1068 2314 Decet
1084 2274 1216 2324 igitur,
1248 2283 1291 2310 ut
1308 2271 1491 2323 Princeps
1519 2270 1756 2311 constantem
1785 2273 1821 2312 se
1854 2283 1979 2324 gerat,
2013 2274 2052 2315 δε

219 2348 340 2378 vanas
362 2336 550 2386 ejusmodi
573 2335 898 2386 apprehensiones
919 2334 1146 2372 auctoritate
1175 2330 1237 2370 sua
1255 2329 1412 2381 dissipet.
1477 2330 1671 2383 Exemplo
1694 2331 1872 2371 Tiberius
1888 2332 2049 2374 docuit:

223 2395 408 2449 quicquid
426 2397 528 2435 enim
552 2391 671 2434 ferret
693 2406 825 2432 rumor
849 2423 862 2442 ,
893 2393 941 2432 de
959 2402 1072 2432 trium
1086 2390 1394 2431 nobilissimarum
1420 2389 1706 2430 provinciarum
1726 2390 1939 2443 Hispaniae‚
1960 2393 2051 2434 Gal.

222 2460 282 2500 liae
303 2455 340 2495 &
361 2455 580 2496 Germania:
609 2453 853 2502 defeetione,
885 2453 963 2504 ipse
993 2463 1119 2492 tamen
1138 2451 1210 2505 (e)
1240 2457 1336 2490 tanto
1357 2449 1530 2502 impefflsts
1548 2451 1583 2490 in
1592 2447 1812 2501 securitatem
1833 2453 2051 2505 conssqlitus,

223 2530 331 2570 meque
356 2516 420 2556 loco
440 2529 547 2570 neque
567 2515 671 2555 vultu
692 2521 823 2553 mutato
833 2526 847 2562 ,⁰
869 2509 935 2563 fid
948 2543 959 2561 ‚
989 2521 1029 2552 ut
1041 2509 1197 2563 sblitmn,
1220 2519 1288 2563 per
1312 2512 1382 2550 illos
1409 2509 1480 2550 dies
1510 2513 1602 2563 egit:
1631 2510 1812 2550 altitadfne
1844 2514 1951 2552 aflifni
1963 2543 1975 2561 ,
2005 2527 2052 2554 cm

223 2583 434 2629 compererat
454 2575 582 2616 modica
600 2572 680 2627 (ff,
712 2573 764 2619 &⁹
783 2573 940 2625 vulgatis
957 2572 1120 2613 leviora?
1149 2571 1188 2612 Si
1222 2570 1402 2622 Princeps
1431 2570 1546 2610 semel
1579 2570 1799 2610 succumbat
1828 2570 2052 2622 formidini,

227 2640 280 2679 nil
299 2637 484 2688 deinceps
508 2636 603 2676 certi
630 2633 794 2674 statuere
811 2634 976 2684 poterit3
1008 2632 1034 2685 <
1036 2629 1069 2683 f
1071 2632 1095 2686 )
1125 2634 1209 2685 quia
1223 2633 1259 2671 in
1276 2637 1364 2670 metu
1387 2629 1767 2684 coifiliaprztdemimn,
1798 2630 1850 2676 &²
1871 2633 1969 2684 «affigi
1988 2646 2051 2672 ru·-

227 2711 301 2739 mor
314 2699 426 2752 juxta
440 2695 646 2737 audiuntur.
707 2694 777 2734 Uti
802 2693 963 2733 Vitellio
989 2693 1127 2732 accidit
1147 2693 1183 2731 in
1209 2692 1313 2730 bello
1335 2691 1436 2730 civili
1467 2704 1556 2732 cum
1589 2690 1847 2743 Vespasiano,
1879 2691 2050 2731 Pericula

227 2758 464 2799 imminentia
491 2755 582 2796 ideo
605 2755 751 2808 majora
766 2754 973 2804 videntur,
1004 2755 1091 2804 quia
1116 2761 1241 2792 metus
1261 2751 1422 2790 horrore
1440 2751 1609 2803 quodam
1632 2763 1676 2790 ea
1695 2750 1809 2791 vestit
1834 2751 1871 2790 δε
1885 2751 2045 2802 praesen-

229 2820 282 2859 tia
305 2816 504 2870 grandiora
526 2816 662 2863 efficit3
693 2815 863 2867 dumque
880 2815 1026 2853 evitare
1049 2825 1093 2861 ea
1119 2813 1294 2864 cupimus
1309 2841 1322 2859 ,
1354 2812 1390 2850 in
1412 2813 1480 2851 alia
1495 2811 1721 2860 incidimus,
1752 2813 1866 2863 longe
1898 2812 2049 2862 gravio-

215 2891 292 2929 ra,
322 2889 407 2930 quae
431 2876 581 2917 tametsi
603 2877 811 2929 longinqua
844 2883 1082 2928 appareant,
1114 2873 1240 2913 vicina
1264 2881 1391 2911 tamen
1412 2871 1549 2925 postea
1577 2872 1809 2925 experimur,
1869 2868 2050 2911 Fallimur

1954 2943 2048 2983 pro-

330 3086 388 3134 (a)
420 3081 570 3121 Timidos
593 3080 639 3124 dm
660 3083 811 3134 ignavos
826 3081 879 3119 ad
890 3077 1159 3134 desperationem
1163 3075 1362 3128 formidine
1372 3088 1570 3131 properare.
1598 3078 1683 3114 Tac.
1708 3074 1769 3111 lib.
1790 3088 1826 3110 2.
1845 3074 1936 3111 Hist.
1955 3125 1962 3135 .
1988 3075 2051 3120 (b)

233 3140 423 3182 Acerrinm
437 3134 610 3187 necfftas
627 3132 690 3186 cst,
715 3147 822 3186 quam
838 3134 970 3171 ultima
984 3131 1157 3183 neceffitas
1173 3130 1354 3168 extundit.
1391 3133 1471 3167 Sen.
1528 3134 1584 3178 (c)
1610 3128 1870 3166 Imminentium
1883 3125 2050 3179 pertculo-

233 3207 315 3234 rum
337 3189 530 3227 remedium
552 3184 624 3239 ipfiz
641 3186 799 3239 pericula
811 3196 926 3223 ratus.
951 3188 1037 3223 Tac.
1062 3184 1123 3221 lib.
1151 3196 1208 3220 11.
1238 3184 1367 3221 Annal.
1422 3183 1444 3230 C
1448 3184 1489 3227 d)
1516 3179 1662 3218 Proinde
1692 3180 1835 3238 {mutas
1860 3193 1928 3233 quae
1953 3177 2049 3215 inde-

234 3259 348 3287 cora.-
364 3242 428 3279 vel
443 3240 483 3292 si
499 3239 622 3278 cadere
644 3237 761 3286 neceffi’
778 3236 854 3288 fit,
883 3236 1125 3276 occurrendum
1150 3234 1355 3283 dlfirimini.
1382 3236 1485 3273 Idem
1507 3233 1570 3273 lib.
1603 3246 1637 3271 1.
1660 3232 1796 3272 Histor.
1877 3232 1935 3281 (e)
1959 3232 2046 3268 Tac.

237 3300 301 3345 fib.
317 3294 449 3346 3.Hist.
504 3293 568 3342 (f)
583 3294 684 3330 Idem
709 3291 772 3329 lib.
790 3304 823 3340 3.
849 3291 938 3328 Hist.
