2132 3730
212 260 302 302 352
639 241 986 285 DJDACJ
1049 239 1577 285 SAAVEDRAE

209 346 280 375 nes
296 334 428 384 aliquae
451 329 487 368 &
509 324 734 365 affectiones
760 327 899 378 cuique
913 326 1105 378 propriae,
1137 337 1222 378 quae
1237 329 1377 367 exteris
1406 328 1522 367 etiam
1559 326 1586 379 ζ
1596 326 1698 367 sidiu
1731 325 1807 367 una
1836 337 2011 367 commo-

211 391 380 445 rentur>
398 387 531 428 sensim
548 384 820 430 adhaerescunt.

364 448 401 499 ς,
430 445 604 498 Cognitis
629 446 741 497 igitur
766 444 983 485 Nationum
1009 443 1201 494 moribus,
1232 442 1346 497 longe
1390 447 1534 498 poterit
1564 444 1744 497 Princeps
1785 443 2016 497 pertraffi'tare

213 511 346 554 melius
361 508 515 559 negotia
530 505 594 545 seu
612 506 737 557 pacis,
767 505 831 545 seu
846 505 953 553 belli,
987 504 1023 544 δε
1046 504 1135 543 sciet
1161 504 1371 556 gubernare
1402 506 1622 546 Provincias
1657 514 1827 554 exteras,
1855 517 2015 558 quarum

214 569 392 623 quaelibet
416 565 464 605 ad
484 576 631 605 certum
651 565 936 617 gubernationis
956 564 1138 611 modum,
1168 573 1346 615 tanquam
1367 574 1509 604 naturae
1532 567 1604 605 suae
1627 564 1868 605 conformem
1898 566 2016 617 magis

212 626 444 683 propendet.
502 625 578 678 (a)
608 624 761 665 Natura
788 626 874 665 enim
889 623 1055 677 quoddmn
1082 624 1247 663 hominum
1271 635 1377 676 gemis
1397 625 1554 674 proclive
1583 623 1629 677 est
1643 655 1654 674 ,
1683 633 1722 665 ut
1758 627 1894 675 imperio
1920 622 2018 665 herili

209 688 438 741 guhmwtur,
466 684 579 734 aliud,
608 691 648 723 ut
665 686 777 736 regio,
805 684 917 733 aliud,
948 692 988 723 m
1003 684 1122 734 civili,
1150 681 1333 728 &horum
1346 685 1560 734 imperiorum
1581 683 1739 736 cujusque
1753 683 1852 724 aliud
1871 682 1917 733 es}
1930 685 2016 736 jus,

211 748 283 788 alia
298 745 520 787 commoditas.
580 743 680 784 Non
697 745 875 786 omnibus
897 743 1096 783 uniformis
1118 741 1173 782 est
1204 745 1301 782 ratio
1324 742 1474 792 Status,
1504 743 1601 783 sicut
1623 754 1696 781 nec
1727 743 1780 782 est
1806 744 2018 791 medicina,

214 804 289 859 qua
307 816 495 847 curantur.
556 804 646 857 Qua
671 805 710 844 in
726 816 768 844 re
786 804 882 856 saepe
903 802 980 844 falli
1004 804 1126 843 solent
1143 802 1352 844 Consiliarii
1379 803 1589 855 inexperti,
1619 803 1684 854 qui
1710 800 1922 843 existimant
1938 801 2019 854 regi

213 869 307 907 alios
325 865 433 919 poffe
449 865 655 904 secundum
688 865 835 916 regulas
853 863 891 904 &
912 865 1096 916 principia
1119 875 1254 902 eorum
1283 863 1482 912 statuum,
1514 863 1651 915 quibus
1675 862 1726 901 illi
1752 862 1914 902 consiliis
1945 863 2018 902 suis

212 926 386 968 affistunt.
443 923 618 964 Fraenum
645 923 757 963 facile
781 924 975 976 Hispanis,
1005 936 1084 963 non
1109 925 1201 963 item
1223 921 1335 963 facile
1359 920 1414 964 est
1437 922 1537 962 Italis
1564 921 1758 974 &Belgis:
1788 920 1826 961 δε
1842 922 1937 961 sicut
1954 933 2019 960 va-

213 982 258 1028 rii
279 988 361 1027 sunt
384 985 511 1034 modi,
542 986 680 1036 quibus
697 994 894 1033 curantur,
918 983 1143 1032 tradantur,
1175 982 1212 1022 δε
1233 981 1510 1023 condocefiunt
1534 983 1623 1033 equi
1648 980 1828 1033 Hispani,
1856 980 2020 1033 Neapo-

212 1048 317 1088 litani
350 1046 387 1086 δε
403 1043 597 1096 Hungari‚
626 1044 696 1084 etsi
721 1046 831 1083 unius
858 1044 929 1083 sint
945 1044 1112 1095 speciei,
1140 1044 1192 1082 ita
1222 1044 1337 1083 etiam
1360 1040 1619 1083 diversimode
1644 1041 1844 1094 gubernari
1877 1041 2021 1081 debent

212 1105 406 1147 Nationes
423 1103 630 1144 secundum
657 1114 807 1145 naturas
825 1104 923 1153 suas,
953 1115 1080 1156 mores
1098 1115 1142 1142 ac
1159 1103 1413 1143 habitudines.

393 1164 454 1204 Ex
468 1163 535 1204 ista
564 1164 711 1204 diversa
739 1166 907 1217 gentium
931 1161 1332 1213 conditione-inferre
1360 1162 1520 1211 licebit,
1553 1170 1695 1213 quanta
1739 1160 1954 1200 attentione
1981 1159 2022 1199 in

215 1224 413 1265 mittendis
432 1224 585 1277 Legatis
601 1224 809 1264 curandum
820 1224 865 1263 sit
875 1223 1058 1275 Principi,
1073 1224 1146 1262 utii
1160 1234 1238 1261 non
1251 1222 1369 1263 solum
1389 1223 1436 1261 ab
1448 1221 1625 1262 omnibus
1638 1220 1748 1261 donis
1760 1218 1927 1260 instrusti
1936 1219 2021 1267 sint,

215 1284 264 1324 ad
280 1283 611 1337 representandam
635 1284 716 1336 ejns
736 1284 950 1337 personam,
970 1283 1006 1322 &
1030 1281 1262 1334 potestatem
1289 1281 1559 1331 exercendam,
1578 1280 1642 1321 sed
1663 1282 1793 1329 etiam,
1814 1288 1857 1319 ut
1881 1290 2021 1319 eorun—

215 1345 305 1386 dem
324 1354 467 1385 naturae
487 1376 499 1393 ,
529 1345 724 1398 ingenium
738 1372 752 1392 ,
783 1357 826 1383 ac
849 1354 977 1383 mores
992 1342 1231 1382 consentiant
1256 1354 1344 1382 cum
1369 1343 1538 1390 naturIS,
1565 1342 1720 1393 ingenio
1737 1369 1750 1389 ,
1780 1351 1826 1378 ac
1848 1338 2021 1378 moribus

215 1406 315 1444 illius
332 1403 529 1453 Nationis,
551 1416 714 1456 quacum
745 1416 857 1456 agere
874 1403 1018 1442 debent
1038 1415 1047 1441 :
1076 1414 1164 1440 nam
1177 1401 1203 1440 fi
1224 1403 1306 1441 haec
1323 1400 1419 1440 desit
1440 1399 1713 1448 conformitas,
1744 1400 1862 1451 magis
1889 1397 2022 1437 idonei

215 1475 327 1504 erunt
342 1463 390 1503 ad
413 1463 662 1504 suscitandum
684 1463 826 1503 bellum
840 1492 853 1511 ,
883 1461 995 1513 quam
1015 1461 1062 1499 ad
1074 1472 1209 1512 pacem
1225 1459 1461 1508 firmandam,
1486 1461 1603 1511 magis
1613 1458 1660 1499 ad
1671 1457 1918 1498 conflandum
1940 1455 2022 1495 odi-

215 1535 283 1564 um
301 1554 314 1573 ,
345 1522 460 1575 quam
488 1523 536 1562 ad
552 1524 797 1563 voluntatum
822 1522 940 1561 studia
963 1518 1212 1559 concilianda.
1285 1518 1382 1558 Eam
1400 1520 1453 1557 ob
1482 1530 1564 1558 rem
1578 1518 1712 1558 Deum
1732 1517 1853 1569 ipsum
1875 1517 2026 1568 suspen·

214 1583 295 1623 sum
316 1583 419 1634 quasi
439 1583 571 1622 habuit
597 1582 635 1622 ὃν.
663 1581 821 1621 dubium
839 1580 978 1619 eleclio
997 1577 1163 1617 Ministri
1183 1577 1338 1629 alicujus
1362 1577 1521 1626 idonei,
1551 1588 1666 1630 quem
1690 1575 1737 1615 ad
1759 1577 1949 1628 populum
1966 1575 2024 1615 su·
2083 1563 2089 1585 ’“

214 1654 281 1683 um
296 1645 466 1682 mitteret
484 1672 496 1690 ,
526 1651 641 1693 atque
661 1640 751 1681 ideo
773 1640 898 1680 secum
923 1636 1001 1690 ipse
1027 1637 1342 1678 deliberationem
1367 1635 1552 1677 instituit:
1582 1633 1650 1694 (b)
1680 1647 1775 1688 quem
1792 1638 1949 1683 mittam,
1967 1633 2021 1680 &⁹
2078 1639 2079 1665 ἰ

214 1705 291 1756 quis
325 1701 387 1741 ibit
407 1700 535 1741 vobis?
565 1701 664 1742 Aula
691 1700 871 1753 quaelibet
894 1695 1073 1738 Ministro
1104 1698 1233 1748 aliquo
1259 1707 1405 1737 naturae
1440 1695 1516 1736 suae
1540 1695 1735 1737 conformi
1769 1706 1869 1747 opus
1891 1695 2021 1734 habet.

216 1763 260 1802 In
281 1761 460 1802 Romana
482 1760 636 1812 quidem
662 1762 722 1801 illa
751 1760 918 1812 probant
934 1759 1083 1810 ingenia
1109 1766 1280 1808 attenta,
1308 1768 1394 1810 quae
1410 1755 1656 1797 dissimulandi
1672 1762 1792 1796 artem
1811 1755 1935 1806 probe
1952 1766 2024 1795 no·-
2070 1776 2073 1778 —
2112 1767 2115 1806 ᾗ

217 1823 344 1862 verint
365 1852 376 1870 ,
405 1822 456 1860 ita
476 1830 517 1860 ut
537 1822 663 1862 necin
680 1821 854 1861 sermone
878 1849 890 1867 ‚
920 1820 1047 1858 necin
1064 1819 1175 1858 vultu
1191 1815 1268 1856 ulla
1293 1816 1331 1858 se
1347 1816 1487 1869 prodat
1503 1817 1650 1869 paffio;
1682 1817 1747 1872 qui
1769 1814 1901 1855 sinceri
1917 1814 2024 1865 vide-
2078 1826 2079 1829 ¹
2112 1814 2114 1817 ’

215 1893 353 1930 antur,
384 1879 422 1921 δι
452 1879 560 1920 astuti
580 1881 652 1920 sint
678 1892 721 1920 ac
748 1880 992 1932 prudentes-3
1023 1880 1087 1929 qui
1117 1878 1286 1929 obligare
1310 1877 1429 1917 sciant
1451 1878 1545 1917 alios
1561 1905 1575 1926 ‚
1604 1876 1643 1916 se
1665 1886 1763 1915 vero
1784 1873 2019 1927 obstringant

215 1942 388 1988 nemin13
416 1940 570 1980 humani
589 1941 626 1979 in
645 1939 847 1979 tractandis
875 1939 1039 1990 negotiis
1056 1967 1069 1987 ,
1099 1936 1231 1975 faciles
1251 1938 1288 1976 in
1306 1935 1587 1990 componendis
1603 1966 1617 1985 ‚
1645 1935 1780 1975 secreti
1797 1936 1837 1975 in
1854 1936 1920 1984 iis,
1938 1945 2024 1986 quae

216 2003 440 2049 moliuntur,
454 1999 669 2039 constantes
683 2002 720 2039 in
738 2000 852 2038 semel
873 1997 1043 2045 statum,
1074 1997 1184 2035 amici
1193 1998 1388 2045 omnium,
1415 1997 1558 2036 nemini
1576 1995 1791 2036 familiares.

370 2060 470 2099 Aula
486 2058 654 2099 Caesarea
679 2060 765 2099 viro
782 2057 926 2109 indiget
944 2086 956 2103 ,
988 2057 1052 2107 qui
1071 2057 1217 2106 absque
1234 2054 1410 2109 superbia
1426 2054 1694 2095 au&oritatem
1718 2054 1863 2094 servet:
1892 2053 1957 2104 qui
1968 2053 2023 2092 lo-

219 2130 358 2173 quatur
380 2130 467 2158 cum
490 2118 705 2158 sinceritate
719 2147 733 2166 ,
761 2130 850 2158 cum
866 2114 1051 2157 modestia
1065 2125 1261 2167 proponat
1281 2145 1292 2163 ‚
1323 2114 1523 2154 satisfaciat
1550 2125 1637 2154 eum
1655 2114 1818 2152 veritate
1837 2142 1849 2161 ‚
1879 2112 1917 2151 &
1936 2123 2027 2152 cum

217 2179 503 2233 longanimitate
520 2177 740 2229 exspe6iaet:
770 2178 834 2229 qui
860 2186 1023 2216 eventus
1044 2186 1122 2214 non
1143 2183 1370 2226 praevertat,
1399 2172 1464 2214 sed
1484 2182 1612 2213 utatur
1626 2171 1760 2213 iisdem
1780 2182 1861 2212 tum
1879 2173 2025 2224 potius,
2086 2215 2087 2219 Ἰ

219 2252 309 2281 cum
323 2239 542 2279 evenerint:
583 2238 650 2289 qui
669 2237 838 2289 denique
850 2237 888 2276 in
911 2234 1175 2288 promittendo
1193 2233 1238 2277 s1t
1259 2243 1414 2281 cautus,
1441 2234 1481 2273 in
1509 2232 1757 2286 adimplendo
1779 2240 1964 2272 acutatus.

366 2297 410 2339 ln
426 2300 510 2345 aula
525 2295 705 2338 Francica
721 2296 942 2348 probabunt
957 2296 1108 2348 ingenia
1120 2291 1257 2333 festiva
1271 2306 1315 2333 ac
1328 2295 1413 2333 laeta
1429 2322 1440 2340 ‚
1470 2305 1554 2344 quae
1570 2294 1660 2332 seria
1673 2293 1771 2343 jocis
1786 2292 1942 2331 miscere
1957 2303 2027 2330 no-

219 2360 347 2401 verint
365 2388 377 2408 ,
410 2370 494 2410 quae
514 2355 692 2410 promissa
710 2367 783 2396 nec
797 2357 972 2408 spernant
992 2384 1004 2402 ‚
1034 2365 1108 2394 nec
1128 2352 1242 2392 valde
1267 2351 1471 2401 aestiment‚
1491 2363 1575 2403 quae
1601 2363 1675 2404 pro
1698 2353 1911 2392 mutatione
1929 2359 2027 2389 tem-

220 2421 325 2473 poris
342 2448 355 2468 ‚
384 2417 576 2472 praesentis
593 2428 720 2457 tamen
737 2418 867 2469 potius
883 2414 999 2468 quam.
1015 2411 1135 2453 futuri
1156 2442 1167 2462 ,
1199 2409 1305 2452 aliter
1323 2420 1439 2464 atque
1469 2413 1576 2452 aliter
1606 2410 1687 2452 suas
1704 2410 1875 2451 aditiones
1891 2410 2027 2451 mode-

220 2488 364 2520 rentur.

372 2536 417 2577 In
444 2536 579 2590 Anglia
608 2535 807 2575 laudantur
824 2535 974 2587 ingenia
1004 2533 1133 2586 gravia
1153 2531 1189 2571 &
1208 2530 1338 2571 severa
1356 2560 1369 2581 ‚
1399 2541 1483 2584 quae
1507 2531 1663 2584 negotia
1678 2528 1785 2571 lente
1811 2528 1973 2570 trastent
1990 2528 2029 2570 ἀ
2077 2576 2079 2578 μ
2116 2586 2117 2595 ¹

223 2610 273 2640 ex
304 2596 446 2641 ediant.

275 2609 303 2651 p
367 2654 544 2697 Venetiis
565 2657 606 2695 in
631 2655 758 2707 pretio
779 2654 863 2693 sunt
885 2654 958 2693 viri
986 2649 1141 2691 facundi
1168 2650 1205 2691 δι
1249 2652 1476 2704 eloquentes
1492 2680 1506 2701 ,
1533 2651 1706 2704 prompti
1724 2651 1763 2690 in
1783 2646 2029 2690 inveniendis

222 2717 357 2760 mediis
371 2748 382 2764 ,
412 2715 598 2770 ingeniosi
625 2716 665 2756 in
690 2713 955 2755 ratiocinando
976 2711 1013 2751 &
1032 2711 1293 2766 proponendo
1309 2741 1322 2761 ,
1352 2711 1392 2752 δε
1414 2710 1524 2752 astuti
1548 2712 1587 2751 in
1603 2709 1850 2764 penetrandis
1869 2709 2030 2749 aliorum

221 2778 385 2819 consiliis

401 2834 551 2874 Genuae
569 2835 665 2875 boni
691 2832 913 2874 Oeconomi
935 2862 948 2882 ,
976 2831 1015 2871 &
1041 2832 1204 2885 partium
1226 2829 1403 2881 studiosi,
1434 2827 1726 2883 compositionis
1746 2830 1858 2870 amici
1892 2828 2032 2880 magis,

225 2894 341 2949 quam
363 2893 505 2933 dillidii.
565 2895 645 2947 Qui
665 2893 744 2934 sine
768 2892 867 2935 fastu
888 2894 991 2933 suam
1011 2891 1164 2934 servent
1179 2890 1460 2938 auctoritatem.
1518 2891 1600 2945 Qui
1619 2891 1806 2940 tolerent,
1825 2889 1863 2930 &
1878 2896 2031 2939 tempo-

225 2959 258 2998 ri
277 2965 391 3007 atque
403 2953 594 2994 occasioni
612 2955 786 2994 serviant.

377 3013 538 3053 Helveti
556 3025 625 3053 eos
644 3023 770 3054 amant
785 3040 798 3061 ,
830 3013 895 3066 qui
911 3008 1041 3053 norint
1060 3011 1128 3052 suo
1143 3019 1322 3064 tempore
1341 3012 1569 3066 gravitatem
1603 3009 1800 3064 deponere
1813 3007 2029 3060 publicam,

227 3076 267 3117 δε
282 3075 330 3116 ad
349 3075 537 3128 privatam
566 3073 690 3113 redire
715 3076 834 3114 vitam
849 3103 862 3123 ‚
892 3073 1113 3113 muneribus
1130 3083 1174 3110 ac
1188 3071 1254 3124 spe
1280 3073 1483 3112 conciliare
1505 3072 1652 3111 animos
1671 3099 1685 3119 ,
1714 3066 1877 3108 tolerare
1901 3066 2028 3119 &spe-

228 3149 333 3176 rare:
363 3145 477 3189 agere
496 3134 598 3174 enim
623 3132 768 3174 debent
803 3144 894 3173 cum
914 3131 1152 3174 Nationibus
1173 3133 1294 3172 cautis
1318 3131 1357 3173 &
1384 3130 1593 3185 suspiciosis
1609 3160 1624 3180 ‚
1654 3127 1949 3181 discrepantibus
1974 3127 2029 3166 in-

1970 3194 2029 3226 tei·

327 3304 384 3349 (a)
407 3301 512 3340 Arist.
533 3302 557 3339 1.
573 3315 605 3350 3.
631 3300 711 3339 Pol.
730 3313 761 3338 c.
785 3312 842 3338 12.
897 3302 958 3347 (b)
986 3299 1046 3338 [sa.
1064 3304 1100 3338 6.
1122 3305 1159 3340 8.
