2132 3730
219 256 302 263 m
435 161 1404 236 SYMBOLAPOLITICA.
1747 198 1826 245 265

0 276 33 319 ri.
55 290 186 317 acutus
204 279 239 315 in
261 274 434 313 obtusum
459 275 585 314 tranfit
604 304 617 323 ‚
649 285 690 314 ut
709 277 748 314 in
771 274 877 314 recto
910 287 959 314 ne
981 286 1107 328 tangat
1138 276 1303 324 quidem.
1363 276 1527 315 Primum
1543 273 1728 327 punctum
1747 305 1759 322 ,
1789 278 1831 315 in

55 350 133 388 quo
162 336 287 386 sagitta
311 333 476 372 consistit
500 363 513 381 ,
544 334 802 374 declinationis
817 334 894 385 ejus
918 334 1102 386 punctum
1121 333 1186 373 est.
1268 334 1361 388 Qub
1390 334 1553 374 ascendit
1572 336 1679 375 altius
1699 364 1711 383 ,
1743 334 1763 373 a
1783 335 1831 373 la-

10 440 11 449 *
52 396 104 448 ps
133 392 371 443 suo-propius
402 392 517 436 abest.
573 394 652 432 Res
671 406 804 433 omnes
825 424 836 442 ‚
868 395 952 433 cum
968 395 1014 433 ad
1031 395 1244 446 supremum
1269 396 1444 433 venerint
1461 424 1474 442 ,
1499 406 1593 434 mox
1618 397 1754 433 iterum
1769 393 1834 433 de-

10 455 12 460 ’
52 408 271 493 orbiu-labi
291 451 438 491 neceffe
455 451 535 501 est,
559 465 631 492 nec
649 451 796 493 firmare
819 455 855 492 se
879 452 1042 505 possunt.
1100 451 1329 491 observavit
1347 453 1384 492 id
1399 455 1435 492 in
1457 454 1682 505 corporibus
1701 456 1834 494 huma-

50 515 106 552 nis
126 509 385 562 Hippocrates
405 525 414 548 :
444 523 488 550 ea
507 514 650 564 quippe
683 512 770 567 (a)
797 527 854 553 nec
871 515 906 552 [ἓν
931 513 1045 553 mlius
1069 514 1179 559 verri,
1197 525 1253 550 ricc
1280 511 1463 566 dmsstere
1487 513 1605 553 valent
1628 527 1640 562 ,·
1669 512 1834 566 reliquum

9 611 27 619 ¹,
48 582 138 621 ergo
157 569 204 623 cst
217 600 229 618 ,
258 576 298 608 ut
314 572 349 609 in
361 569 508 610 deterius
528 571 734 612 dilabantur.
795 572 903 612 Nihil
921 574 958 611 in
974 583 1104 610 natura
1123 570 1248 609 stabile
1271 584 1313 609 ac
1333 583 1569 622 permanens,
1631 571 1758 611 Causae
1779 573 1834 611 se-

9 627 12 633 ’
48 628 180 669 cundae
196 630 376 668 coelorum
398 633 547 670 moveri
565 644 757 683 nunquam
776 632 948 671 dellnunt
968 642 982 682 3
1012 631 1186 680 adeoque
1202 641 1274 668 nec
1288 630 1426 669 cessant
1449 631 1609 669 effectus
1628 661 1639 677 ,
1671 644 1768 682 quos
1778 643 1836 670 re-

47 690 119 729 bus
135 688 236 727 hisce
255 687 496 729 inferioribus
518 692 756 743 imprimunt,
788 694 848 731 cui
864 701 1041 741 tanquam
1061 689 1158 728 fonti
1179 689 1323 729 Rerum
1343 691 1580 741 publicarum
1603 692 1835 730 mutationes

50 747 251 800 attribuit<
264 747 321 803 h)
351 748 540 793 Socrates.
598 750 689 790 Nec
717 753 755 791 in
775 753 853 791 hoc
877 749 1055 789 differunt
1072 749 1299 789 monarchiae
1319 748 1338 787 a
1359 749 1472 788 rebus
1485 751 1526 788 iis
1545 779 1558 798 ‚
1588 761 1671 800 quae
1685 751 1837 799 vivunt,

49 808 87 846 δε
109 809 249 859 vigent.
314 807 530 848 Nascuntur
545 840 558 858 ,
586 812 747 860 vivunt,
776 811 987 850 moriuntur
1009 821 1115 859 aeque
1131 838 1143 856 ‚
1174 821 1216 846 ac
1233 806 1307 847 istm
1327 819 1399 847 nec
1424 821 1592 860 unquam
1614 807 1731 847 firmae
1743 820 1836 848 con-

48 866 176 907 sistunt
196 897 208 916 ,
238 867 413 918 adeoque
431 868 512 922 (c)
531 871 736 923 coiwerfione
755 869 959 909 earundem
993 869 1168 907 naturales
1174 864 1267 918 fimt.
1329 867 1426 907 Non
1443 868 1647 908 crescendo
1663 897 1675 916 ‚
1706 870 1839 909 decre-

47 927 165 967 scunt.
227 926 267 966 In
297 929 539 968 inclinatione
563 930 712 981 majoris
729 928 892 969 fortunae
920 929 1012 967 nihil
1041 927 1378 967 moraeintercedit.
1436 927 1518 967 Ubi
1548 929 1621 966 labi
1634 928 1746 966 semel
1765 939 1837 965 coe-

45 987 173 1038 perit,
203 987 312 1026 nullis
344 988 486 1027 viribus
509 988 581 1028 sisti
609 991 763 1041 poterit.
820 986 892 1041 (d)
922 987 1056 1039 Regum
1077 985 1296 1040 illcgjestatem
1312 986 1477 1039 dfficilius
1501 985 1548 1039 cst
1569 1019 1582 1036 ‚
1613 989 1634 1026 ci
1662 983 1838 1035 ammosa—

34 1043 137 1097 stigio
161 1044 211 1084 ad
224 1045 365 1086 medium
385 1047 520 1088 detrahi
533 1080 546 1098 ,
576 1050 677 1102 qua‘m
694 1062 717 1087 a
733 1046 848 1088 mediis
864 1046 914 1086 ad
941 1049 1243 1098 iniapraecpimri'.
1302 1046 1586 1087 Verumtamen
1607 1058 1686 1085 non
1706 1057 1839 1085 omnes

47 1104 286 1145 Monarchiae
302 1107 382 1158 pari
395 1107 499 1160 paffu
522 1108 658 1148 sursum
685 1108 867 1148 scandunt
886 1137 899 1155 .,
931 1106 967 1145 &
988 1116 1102 1145 ruunt
1121 1136 1133 1155 ‚
1164 1103 1249 1158 (e)
1262 1103 1344 1152 fati
1370 1118 1534 1157 namque
1560 1107 1706 1158 maligna
1717 1114 1840 1157 perpe-

48 1172 176 1217 timque
203 1168 238 1204 in
262 1165 408 1205 munibus
439 1167 541 1207 rebus
563 1168 616 1207 lex
635 1167 681 1222 est
708 1199 720 1216 ,
749 1176 789 1207 ut
821 1165 871 1205 ad
886 1163 1051 1216 ssmznmm
1068 1165 1241 1217 percluci‘a
1267 1195 1279 1214 ‚
1311 1162 1430 1213 rte-'fils
1456 1165 1506 1204 acl
1529 1163 1676 1218 infimum
1696 1164 1840 1204 velocius

48 1223 207 1277 quidem,
238 1223 586 1277 qnamascemlerunt‚
615 1228 828 1267 relcibmz‘ar.
889 1227 1009 1266 Annis
1041 1238 1118 1264 non
1139 1225 1206 1264 nisi
1223 1224 1426 1265 duodecim
1466 1225 1567 1264 suam
1593 1226 1724 1263 evexit
1748 1223 1840 1262 Mo-

45 1283 236 1323 narchiam
254 1285 482 1334 Alexander,
499 1286 537 1325 ἃ
553 1288 682 1337 paucis
703 1289 839 1325 iterum
854 1287 1015 1334 corruit,
1046 1287 1083 1323 in
1101 1294 1262 1335 quatuor
1287 1284 1404 1324 divisa
1430 1286 1664 1336 Principatus
1680 1313 1693 1332 ,
1723 1282 1840 1334 &po-

47 1341 124 1381 stea
142 1343 255 1381 etiam
271 1344 309 1381 in
332 1345 471 1393 plures.

198 1400 234 1452 §.
263 1399 403 1441 Multae
425 1402 541 1441 causae
559 1402 644 1442 sunt
663 1402 885 1442 incrementi
906 1402 1065 1452 pariter,
1097 1400 1133 1439 ὅς
1155 1400 1416 1449 decrementi,
1448 1403 1579 1451 quaein
1601 1399 1837 1439 Monarcliiis

49 1460 86 1501 &
103 1461 396 1514 Rebuspublicis
419 1460 500 1501 fieri
518 1463 716 1513 contingit.
779 1462 857 1514 Qui
880 1472 923 1500 ea
947 1460 1042 1499 casui
1064 1461 1194 1499 tribuit
1214 1490 1226 1508 ‚
1257 1470 1322 1498 aut
1337 1460 1473 1508 motui,
1495 1459 1532 1498 δε
1549 1459 1712 1498 occultae
1732 1457 1843 1497 astro-

49 1533 133 1560 rum
158 1522 199 1559 vi
219 1550 231 1569 ,
260 1530 325 1560 aut
345 1523 511 1561 numeris
529 1521 734 1561 Platonicis
753 1552 764 1569 ‚
795 1531 859 1559 aut
885 1522 988 1559 annis
1010 1519 1268 1559 climactericis
1287 1549 1299 1568 ,
1329 1531 1455 1558 rerum
1479 1519 1658 1558 harumce
1687 1517 1842 1558 inferio-

48 1592 130 1620 rum
147 1591 273 1619 curam
297 1581 550 1632 providentiae
572 1580 709 1621 divinae
741 1582 915 1631 abnegat,
992 1578 1090 1618 Non
1111 1578 1334 1630 dedignatur
1365 1580 1503 1617 horum
1533 1579 1684 1617 orbium
1708 1578 1844 1630 guber-

48 1642 242 1678 nationem
257 1669 269 1688 ‚
291 1642 355 1690 qui
374 1639 554 1680 fabricam
573 1640 782 1680 eorundem
807 1639 1028 1690 dedignatus
1059 1651 1138 1677 non
1155 1637 1240 1681 fuit,
1302 1638 1408 1689 Quin
1423 1639 1540 1677 immo
1556 1638 1724 1676 condere
1741 1638 1839 1676 illam

48 1700 86 1738 δε
109 1710 236 1738 curam
258 1699 427 1750 ejusdem
446 1701 607 1750 abjicere
626 1699 776 1751 postea,
807 1697 897 1738 esset
914 1698 1096 1737 suammet
1106 1696 1321 1748 improbare
1343 1696 1545 1736 aftionem.
1608 1697 1647 1735 Si
1669 1696 1714 1734 ad
1733 1708 1842 1734 exor-

47 1758 217 1799 nandum
235 1761 398 1810 pavonis
428 1759 568 1799 collum
596 1788 606 1806 ‚
637 1771 701 1798 aut
719 1759 765 1797 ad
787 1756 1042 1810 depingendas
1060 1759 1169 1796 unius
1189 1758 1388 1808 papilionis
1412 1758 1484 1795 alas
1506 1756 1615 1794 Deus
1639 1757 1840 1807 penicillos

47 1818 133 1858 suos
154 1819 295 1858 nemini
313 1820 517 1858 committit
535 1821 638 1857 alteri
662 1847 675 1864 ,
706 1818 904 1868 quomodo
923 1816 1240 1865 existimabimus,
1264 1817 1370 1867 quod
1397 1816 1493 1855 casui
1519 1817 1705 1867 relinquat
1720 1815 1843 1866 Impe-

48 1879 101 1917 ria
115 1878 152 1917 δι
168 1877 413 1918 Monarchias
429 1908 442 1926 ‚
473 1877 494 1916 e
517 1879 652 1927 quibus
672 1877 832 1916 felicitas
851 1907 862 1924 ‚
893 1886 956 1915 aut
974 1876 1172 1915 infelicitas
1186 1906 1198 1924 ‚
1228 1887 1330 1914 mors
1349 1905 1361 1923 ,
1392 1887 1456 1914 aut
1483 1877 1562 1914 vita
1589 1876 1752 1914 hominis
1779 1874 1844 1913 de-

47 1937 193 1989 pendet
217 1969 230 1986 ,
261 1937 366 1988 cujus
383 1938 497 1988 gratia
520 1938 646 1975 omnia
665 1936 871 1975 condidit?
900 1936 1063 1987 lin-pium
1089 1933 1184 1977 esset
1202 1934 1323 1974 isthoc
1345 1934 1515 1983 credere,
1537 1944 1600 1972 aut
1624 1943 1728 1972 certe
1739 1945 1843 1985 gran-

49 1998 104 2036 dis
123 1996 294 2048 superbia
313 2027 325 2044 ,
355 2008 479 2035 rerum
502 1993 688 2036 succeffus
709 1995 842 2034 nostris
861 1995 1043 2033 ascribere
1065 1994 1240 2033 consiliis.
1307 1993 1378 2033 Per
1393 1993 1513 2044 ipsum
1533 1990 1613 2046 (f)
1633 1993 1757 2044 Reges
1778 2005 1834 2030 re-

45 2068 175 2109 gnant.
234 2055 316 2108 Ipse
328 2067 441 2095 manu
453 2057 598 2107 sceptra
616 2054 866 2102 distribuit,&
890 2054 1035 2093 tametsi
1055 2055 1091 2093 in
1108 2053 1318 2093 eorundem
1343 2053 1633 2092 conservatione
1652 2063 1715 2090 aut
1735 2051 1840 2091 arnis-

48 2117 154 2156 fione
172 2117 319 2155 cursum
344 2116 449 2154 suum
464 2117 648 2165 relinquat
673 2115 990 2165 propenlionibus
1013 2114 1243 2153 naturalibus
1261 2143 1272 2161 ,
1303 2125 1386 2164 quae
1413 2123 1477 2151 aut
1506 2123 1602 2150 natae
1625 2112 1706 2150 sunt
1732 2111 1841 2150 nobi-

47 2176 151 2216 scum
172 2205 185 2225 ,
215 2185 278 2215 aut
302 2172 482 2226 impreffae
499 2173 519 2212 a
535 2173 716 2213 sideribus
735 2203 747 2222 ,
779 2174 814 2212 &
833 2171 1008 2212 consistat
1042 2185 1128 2211 cum
1152 2174 1220 2212 illis
1249 2173 1442 2211 arbitrium
1466 2172 1627 2210 liberum
1654 2201 1664 2218 ‚
1695 2171 1840 2221 absque

50 2237 124 2275 ulla
138 2236 320 2276 libertatis
340 2233 512 2283 laefione,
541 2245 628 2272 cum
646 2234 711 2272 illo
729 2233 809 2285 ipso
837 2243 963 2272 tamen
983 2231 1094 2271 Deus
1113 2234 1187 2285 agit
1204 2232 1242 2272 δε
1263 2242 1442 2283 operatur
1460 2261 1471 2280 ‚
1504 2228 1742 2281 disponendo
1767 2241 1839 2267 no·

50 2296 197 2336 biscum
215 2297 448 2335 incrementa
466 2323 478 2342 ,
508 2303 572 2332 aut
588 2293 805 2333 everfiones
819 2291 1132 2332 Monarchiarum
1155 2322 1168 2340 ‚
1198 2290 1295 2331 adeb
1314 2302 1356 2330 ut
1383 2291 1482 2330 nulla
1506 2302 1670 2340 unquam
1691 2289 1840 2327 interie-

50 2357 98 2395 rit
115 2385 128 2405 ‚
160 2357 304 2407 absque
326 2355 545 2394 interventu
569 2352 831 2405 imprudentiae
854 2351 1008 2402 alicujus
1023 2353 1194 2392 humanae
1214 2382 1226 2401 ‚
1258 2361 1322 2391 aut
1341 2363 1526 2390 coecarum
1551 2351 1661 2389 animi
1694 2358 1839 2400 pertur-

55 2415 268 2458 bationum.
308 2412 504 2453 Salustium
517 2423 561 2450 ea
573 2411 622 2452 de
638 2424 679 2452 re
698 2412 824 2452 audire
833 2412 942 2464 juvat
956 2421 967 2454 t
983 2409 1007 2464 (
1013 2410 1069 2465 g)
1082 2413 1156 2464 Ego
1165 2415 1216 2452 ita
1223 2413 1362 2464 comperi
1369 2442 1380 2460 ,
1390 2410 1647 2460 inquit‚0nmia
1658 2420 1762 2459 regna
1772 2438 1785 2456 ,
1798 2408 1842 2445 ci'-

54 2476 185 2514 vitates
194 2504 205 2523 ,
214 2475 427 2526 nationesque
436 2485 542 2526 usque
552 2484 586 2511 eo
596 2471 789 2523 prosperum
798 2470 1141 2525 imperizmz'habztg'ffi',
1153 2470 1230 2511 {lum
1240 2471 1335 2524 aspri-*d
1346 2485 1399 2510 eos
1409 2483 1495 2510 cera
1507 2468 1632 2520 [σφι-βία
1647 2468 1844 2512 valueram

52 2534 237 2588 ubicmque
251 2535 379 2585 gratiae
391 2564 403 2581 ‚
433 2535 530 2572 timor
540 2562 551 2580 ,
581 2531 740 2584 volztptas
755 2545 795 2571 ea
811 2530 989 2581 ι’ῡνντφένε
1003 2562 1015 2580 ,
1037 2531 1114 2585 pist
1127 2533 1231 2582 paulo
1251 2534 1432 2571 iimm‘mitce
1448 2538 1521 2580 opes
1537 2559 1549 2576 ‚
1580 2527 1716 2578 denique
1731 2525 1841 2564 adem-

45 2601 147 2646 ptum
182 2596 355 2644 imperimn
373 2623 386 2641 ,
407 2590 572 2645 pistremo
587 2587 744 2641 fi’rvitus
760 2591 905 2644 imposita
930 2588 989 2643 est.
1049 2589 1194 2631 Nescio
1210 2591 1318 2637 sane,
1349 2602 1441 2628 num
1463 2588 1590 2626 dicere
1606 2585 1741 2625 ausim:
1771 2583 1839 2623 Im-

54 2656 159 2705 peria
173 2653 299 2693 futura
321 2651 426 2692 fuisse
441 2660 627 2704 perpetua
645 2682 656 2700 ,
688 2651 716 2691 fi
732 2653 909 2691 voluntas
927 2651 965 2687 in
982 2648 1216 2703 Principibus
1238 2651 1386 2700 semper
1402 2648 1585 2700 potentiae
1599 2645 1674 2684 sese
1691 2654 1840 2683 accom-

32 2707 241 2754 'modaffet
265 2742 278 2761 ‚
308 2713 482 2763 potentia
497 2711 655 2759 rationi,
684 2712 781 2750 ratio
809 2709 1030 2752 eventibus.

227 2772 357 2824 Quare
382 2783 468 2810 cum
483 2773 520 2809 in
546 2764 848 2810 inclinationibus
866 2769 1117 2820 Imperiorum
1140 2769 1267 2807 locum
1282 2767 1443 2817 aliquem
1462 2764 1664 2805 Prudentia
1686 2761 1842 2808 habeat,

56 2833 94 2872 δι
115 2834 321 2873 humanum
341 2830 534 2869 confilium
555 2860 566 2876 ‚
604 2830 726 2869 causas
747 2830 952 2870 earundem
981 2827 1092 2867 facile
1125 2826 1252 2866 licebit
1274 2826 1495 2865 describere.
1571 2821 1812 2862 Universales
1831 2850 1844 2868 ‚

57 2903 140 2944 quae
163 2890 469 2944 complectuntur
490 2897 603 2941 regna
622 2891 746 2929 omnia
760 2919 772 2939 ‚
801 2888 1027 2929 succeffione
1046 2917 1058 2935 ‚
1089 2888 1152 2926 seu
1169 2885 1358 2926 eleffione
1377 2916 1387 2932 ‚
1418 2885 1481 2924 seu
1500 2885 1608 2924 armis
1629 2891 1745 2935 parta,
1760 2882 1841 2931 plu-

921 2947 957 2987 X
972 2959 998 2987 x
1014 2958 1040 2985 x
1741 2941 1843 2978 rimae

818 3026 1318 3039 ————-————=-
1335 3017 1834 3031 ——-—-————-—--‘

154 3068 222 3117 (a)
239 3067 446 3118 Hippocrat.
488 3067 560 3117 (b)
588 3066 670 3117 Qi
683 3063 820 3114 catastam
832 3064 890 3113 effi
914 3061 1033 3101 tradit
1054 3090 1062 3103 ,
1087 3060 1176 3114 quod
1191 3058 1286 3097 nihil
1289 3068 1449 3113 perpetuo
1470 3067 1632 3095 maneat,
1647 3053 1714 3100 ſsd
1729 3054 1845 3089 omnia

61 3130 156 3155 motu
175 3120 321 3172 quodam
338 3118 524 3157 orbiculari
537 3116 732 3156 mutentur}
762 3118 866 3154 Arist.
887 3118 910 3154 l.
928 3129 958 3162 5.
977 3116 1049 3165 pol.
1103 3113 1171 3161 (c)
1199 3112 1331 3150 Cicero
1350 3114 1373 3149 l.
1396 3126 1427 3148 2.
1450 3112 1493 3146 de
1509 3121 1611 3168 natur
1629 3110 1739 3143 Deor.
1770 3105 1842 3152 (d)

63 3169 219 3217 Livius„
250 3175 308 3218 (e)
325 3177 469 3211 Seneca.
523 3170 585 3219 (f)
602 3175 665 3208 Per
691 3183 744 3207 me
767 3174 868 3223 Reges
902 3177 1053 3220 regnant
1073 3194 1082 3205 ,
1109 3165 1152 3208 όν
1176 3166 1288 3218 legum
1312 3164 1496 3201 conditores
1523 3159 1621 3209 2τιςχῖι
1649 3158 1844 3202 decernunt,

64 3221 172 3259 Prov.
189 3224 223 3262 8.
240 3234 295 3273 15.
345 3228 363 3274 ζ
369 3227 412 3274 g)
437 3224 556 3264 Salust‘
