2132 3730
431 272 1413 320 „SYMBOLAPOLJTJCA
1754 281 1837 327 399

50 361 174 401 subire
203 361 476 402 intolerabilem
486 372 502 412 3
532 373 645 412 quam
676 360 814 401 deinde
840 360 1015 400 universa
1040 361 1154 399 etiam
1183 360 1420 409 experiretur
1442 355 1569 405 Italia,
1599 355 1743 405 absque
1764 354 1842 393 ulla

52 420 117 471 spe
137 420 289 471 seipsam
305 421 343 459 in
363 421 576 461 libertatem
606 423 742 461 iterum
776 419 1014 469 vindicandi,
1044 418 1234 471 Hispaniae
1260 417 1356 457 verb
1380 415 1530 456 difficile
1552 413 1760 455 admodum
1781 411 1843 452 fo-

51 490 110 518 ret
137 479 334 532 deperdita
362 491 607 532 recuperare,
636 480 675 520 δι
705 480 752 520 ad
772 482 1031 532 aequalitatemx
1046 480 1147 518 vires
1174 475 1380 526 reducere,
1406 473 1614 528 propterea
1634 472 1743 526 quod
1766 481 1844 512 tam

51 539 165 590 longe
193 539 287 579 abiit
321 540 368 579 ab
404 539 521 580 Italia.
633 539 848 580 Periculum
880 538 978 579 istud
1013 533 1146 591 magna
1183 548 1272 577 cum
1300 534 1502 588 prudentia
1528 533 1718 586 expendit
1747 532 1843 572 Res-

50 598 205 650 publica
226 597 406 648 Veneta‚
434 611 525 640 eum
540 598 735 641 crescente
763 599 890 639 Caroli
910 598 1016 639 VIII.
1032 597 1197 639 Franciae
1219 596 1336 649 Regis
1360 594 1537 648 potentia
1557 595 1596 634 in
1618 591 1743 642 Italia,
1773 604 1845 632 no-

50 669 140 698 vam
164 658 435 698 foederatorum
459 658 634 701 decrevit
659 662 864 708 unionem,
893 670 1009 712 quam
1031 655 1284 698 sancliffimam
1322 654 1577 708 appellabant.
1636 646 1767 705 'Atque
1793 662 1845 691 ex

4 706 6 722 ¹
51 727 102 757 eo
120 727 295 768 tempore
319 719 442 758 moliri
467 720 583 771 coepit
603 719 850 760 Providentia
874 717 1003 758 divina
1031 716 1268 757 securitatem
1295 714 1334 755 δε
1370 714 1702 754 conservationem
1734 711 1844 751 Sedis

4 805 6 838 ἰ
51 776 283 828 Apostolicae
303 780 443 829 pariter
463 778 501 818 ἃ.
521 778 753 832 Religionis,
785 780 823 819 δε
846 790 897 818 ne
914 776 1125 817 Tui-carum
1146 777 1425 828 opprimeretur
1443 771 1669 824 tyrannide,
1695 780 1762 810 aut
1776 774 1844 812 ha-

7 869 9 895 7
50 835 194 877 resibus
222 836 464 887 inficeretur,
494 850 578 890 quae
600 840 638 878 in
660 839 864 879 Germania
889 837 1084 878 nascitura:
1110 833 1249 883 essent,
1278 836 1462 887 provexit
1487 833 1584 873 ultra
1610 830 1705 884 ipsas
1730 832 1844 870 etiam

7 905 9 910 ·
50 895 169 948 Alpes
192 897 489 948 magnitudinem
508 896 661 938 Domus
686 897 909 946 Austriacae,
939 906 1056 949 atque
1074 896 1114 936 in
1131 895 1279 947 ,Regno
1305 892 1592 945 Neapolitano,
1621 890 1778 937 Siciliae‚
1806 889 1845 929 δε

4 969 5 987 1
51 952 207 995 Ducatu
227 955 508 997 Mediolanensi
525 957 704 999 stabilivit
721 956 990 998 Monarchiani
1003 954 1248 1008 Hispanicam
1264 983 1278 1004 ,
1305 963 1351 993 ut
1375 952 1480 992 Italia
1503 951 1674 1001 undique
1697 948 1718 989 a
1741 949 1845 989 Prin-

51 1015 199 1066 cipibus
227 1015 436 1058 Catholicis
445 1017 601 1058 defendi
626 1016 761 1071 posset.
821 1016 881 1057 Ut
899 1016 996 1058 verb
1011 1017 1126 1057 etiarn
1141 1013 1332 1066 Hispaniae
1346 1013 1522 1065 potentia
1540 1013 1637 1051 intra
1651 1010 1737 1050 suos
1750 1019 1847 1048 con·

50 1075 234 1115 tineretur
248 1079 457 1127 terminos,
486 1078 524 1118 &
540 1079 686 1130 juribus
701 1076 934 1118 successionis
950 1106 963 1125 ‚
991 1075 1199 1116 feudorum
1230 1083 1500 1124 armorumque
1527 1078 1713 1110 contenta
1739 1069 1847 1108 vive--

50 1143 129 1182 ret,
160 1137 337 1176 aemulum
362 1138 413 1178 illi
433 1136 538 1177 dedit
554 1137 720 1177 Francia:
738 1138 907 1189 Regem,
937 1144 982 1175 ut
996 1147 1070 1189 pro
1095 1135 1158 1175 sua
1182 1133 1475 1174 conservatione
1501 1128 1652 1172 neceffe
1687 1129 1849 1168 haberet

51 1192 286 1236 subditorum
303 1197 371 1236 sibi
391 1199 595 1237 conciliare
617 1209 787 1237 amorem
809 1207 854 1236 ac
884 1196 1219 1244 benevolentiam,
1250 1193 1289 1233 δι
1305 1194 1399 1232 alios
1421 1190 1601 1232 aestimare
1626 1189 1847 1240 Principes,

51 1253 314 1295 conservando
334 1258 371 1296 in
394 1255 463 1296 illis
475 1255 676 1308 justitiam,
703 1258 802 1297 inter
825 1257 898 1296 lios
913 1267 1073 1308 pacem,
1106 1255 1207 1294 nulla
1233 1253 1324 1293 belli
1339 1252 1427 1292 data
1452 1250 1676 1298 occasione,
1708 1257 1849 1300 utpote

51 1312 157 1363 quod
169 1314 252 1366 jura
268 1315 306 1354 δε
321 1317 515 1357 arbitrium
532 1318 704 1368 potentis
723 1316 908 1367 Principis
931 1317 971 1355 in
990 1315 1190 1355 discrimen
1211 1312 1380 1353 adducit.

81 1429 89 1435 .
219 1373 255 1423 §.
288 1373 390 1414 Istud
408 1375 661 1424 beneficium,
690 1375 797 1426 quod
818 1375 924 1414 Italia
941 1374 963 1413 a
986 1375 1162 1426 potentia
1177 1373 1317 1425 accipit
1343 1368 1548 1422 Hispanica
1570 1367 1746 1408 nonnulli
1779 1365 1850 1404 ser*

49 1436 215 1470 vitutem
233 1431 469 1482 existimant,
497 1444 587 1473 cum
602 1434 839 1485 praecipuum
853 1432 986 1484 potius
1012 1434 1170 1482 quietis,
1199 1432 1403 1478 libertatis,
1433 1428 1473 1468 δε
1501 1428 1712 1480 Religionis
1728 1427 1766 1464 in
1786 1425 1850 1463 illa

49 1497 289 1530 momentum
311 1491 370 1532 fit.
428 1491 546 1532 Error
567 1504 618 1531 ex
633 1504 684 1531 eo
701 1492 886 1540 nascitur,
914 1490 1022 1541 quod
1038 1491 1240 1530 utilitatem
1256 1488 1337 1540 ejus
1355 1490 1410 1527 rei
1427 1498 1509 1526 non
1533 1486 1617 1525 satis
1632 1484 1851 1537 agnoscant.

50 1547 130 1601 Qui
157 1550 360 1603 navigandi
377 1559 495 1590 artem
510 1551 659 1604 ignorat
676 1578 688 1599 ‚
718 1549 755 1589 δε
776 1551 890 1589 imam
905 1560 1046 1588 navem
1063 1549 1212 1587 saburra
1227 1558 1292 1587 aut
1308 1547 1498 1598 lapidibus
1517 1547 1714 1597 impletam
1731 1542 1853 1591 videt,

48 1609 262 1659 periculum
279 1609 369 1651 inde
395 1609 521 1650 eidem
538 1610 655 1650 creari
671 1618 793 1662 putat.
853 1610 907 1648 At
922 1610 986 1659 qui
994 1605 1220 1660 prudentius
1235 1604 1335 1646 istud
1352 1603 1584 1652 considerat,
1602 1600 1714 1644 facile
1736 1613 1854 1655 agno-

5 1676 8 1712 ζ
51 1666 136 1716 scit,
166 1669 312 1721 absque
331 1669 519 1721 eiusmodi
534 1668 708 1722 pondere
731 1679 872 1708 navem
895 1669 994 1708 inter
1010 1666 1130 1707 undas
1154 1665 1220 1706 diu
1241 1665 1382 1706 salvam
1402 1661 1609 1704 con-sistere
1626 1675 1707 1702 non
1730 1660 1851 1714 posse.

49 1725 144 1769 Hoc
163 1731 360 1781 utriusque
377 1728 543 1770 Coronae
567 1729 816 1782 aequilibrium
847 1740 920 1780 pro
950 1727 1147 1768 communi
1171 1724 1409 1766 subditorum
1437 1724 1600 1764 utilitate
1627 1717 1854 1775 expendisse

0 1783 8 1842 «ᾗ
52 1784 205 1827 videtur
220 1785 495 1842 Nicephorus,
524 1788 613 1830 cutn
629 1790 667 1828 in
686 1790 767 1829 haec
783 1789 905 1829 verba
926 1786 1125 1840 loquiturt
1156 1784 1233 1841 (a)
1263 1785 1406 1827 Mirari
1427 1784 1514 1824 mihi
1535 1780 1623 1833 fiebit
1643 1778 1854 1835 impervesti-

5 1855 8 1887 ί
49 1846 191 1898 gabilem
211 1847 285 1889 Dei
296 1848 706 1903 sapientiam‚quiplan&
716 1850 896 1890 contraria
921 1860 987 1889 uno
999 1843 1075 1902 fine
1104 1843 1265 1897 conclusit.
1328 1845 1427 1886 Nam
1441 1841 1615 1883 cmnduas
1628 1838 1855 1892 adversarias

5 1901 8 1954 ξ
44 1905 232 1962 potestates
257 1911 350 1949 inter
364 1906 401 1960 se
422 1912 621 1950 conmanere
632 1908 784 1964 statuit,
811 1921 870 1949 nec
895 1908 998 1948 alteri
1024 1908 1170 1948 alteram
1185 1901 1373 1960 fichjicere,
1405 1911 1469 1943 aut
1495 1904 1624 1955 ingenio
1642 1900 1694 1946 &⁹
1716 1902 1855 1941 virtute

43 1965 256 2020 praestantes
281 1970 421 2022 utrique
434 1971 538 2020 parti
554 1968 779 2008 moderatores
786 1964 966 2021 praeficit,
994 1975 1035 2007 ut
1054 1965 1145 2006 alter
1165 1964 1312 2005 alta-ius
1331 1963 1485 2016 cozfilia,
1510 1962 1566 2007 &⁹
1588 1965 1728 2001 comites
1751 1971 1854 1999 ever*

5 2040 8 2066 θ
51 2032 128 2075 tat,
153 2025 209 2070 &³
222 2024 608 2081 utr·inqz.¹efi1bdito.··unz
632 2027 784 2068 libertati
806 2023 1018 2076 confidatur,
1047 2034 1111 2066 aut
1131 2032 1295 2077 utrosque
1321 2023 1453 2063 hebetes
1468 2053 1482 2071 ‚
1506 2021 1561 2065 &⁹
1599 2020 1744 2060 imbelles
1775 2018 1855 2058 delia

47 2087 124 2138 git,
153 2093 195 2125 ut
220 2094 341 2127 neuter
361 2087 508 2128 alierum
531 2094 686 2137 tentare,
716 2083 873 2138 &septa
895 2083 1019 2140 (quod
1038 2086 1172 2140 njzmt)
1189 2082 1356 2135 transduc
1379 2081 1528 2130 audeat,
1558 2088 1759 2132 veteresque
1780 2078 1852 2119 Re-

49 2158 194 2197 gnorum
217 2146 336 2186 limites
366 2147 558 2187 con-wilere.
617 2146 680 2186 Ad
705 2145 871 2186 eundem
898 2157 1056 2196 quoque
1079 2143 1196 2183 finem
1217 2142 1405 2194 separavit
1420 2142 1520 2180 inter
1540 2139 1579 2179 se
1605 2137 1855 2178 Providentia

5 2231 8 2263 l
54 2203 183 2244 divina
199 2207 301 2245 vires
319 2205 472 2259 Regum
489 2204 679 2258 Hispaniae
695 2205 733 2245 ἃ
756 2203 946 2251 Franciae3
976 2201 1239 2254 interjiciendo
1254 2201 1442 2241 altiffimos
1462 2199 1620 2250 Alpium
1639 2208 1852 2245 muros‚ne

5 2280 9 2314 l
52 2263 229 2305 vicinitas
250 2263 376 2316 forte,
406 2274 472 2306 aut
498 2263 622 2306 aditus
646 2261 805 2306 facilitas
834 2265 979 2305 bellum
1010 2261 1260 2311 accenderet,
1287 2261 1485 2313 magisque
1512 2257 1664 2298 faveret
1690 2255 1855 2297 Nation-i·

5 2320 8 2375 ζ
55 2322 234 2374 Gallice,
251 2323 281 2365 ss
298 2337 344 2365 ea
360 2334 438 2366 tarn
467 2324 650 2376 frequens
663 2334 793 2376 portas
809 2324 890 2364 illas
913 2324 1074 2365 haberet
1099 2331 1270 2375 apertas,
1299 2321 1393 2372 quin
1406 2318 1446 2359 &
1463 2330 1537 2371 pro
1554 2318 1755 2359 securitate
1775 2327 1854 2356 ma·-

5 2390 9 2439 ζ
50 2380 126 2435 jori
144 2383 351 2428 earundem
381 2383 511 2426 claves
530 2384 785 2437 Allobrogum
802 2383 930 2433 Duci,
958 2382 1253 2435 Principiltalo,
1276 2377 1538 2427 concredidit,
1569 2378 1635 2430 qui
1662 2388 1751 2417 cum
1772 2375 1853 2415 Sta-

6 2458 8 2491 ;
55 2443 159 2482 tibus
180 2443 253 2484 fiiis
268 2445 366 2485 inter
383 2445 534 2496 Regem
550 2452 755 2494 utrumque
773 2443 945 2491 mediuS‚
958 2454 1023 2484 eas
1042 2451 1108 2482 aut
1123 2441 1261 2482 clausas
1278 2439 1468 2488 servaret,
1497 2446 1562 2478 aut
1572 2445 1746 2490 apertas,
1759 2447 1856 2487 quo-

6 2499 9 2546 ἓ
56 2503 129 2543 ties
145 2503 340 2543 neceffitas
367 2504 463 2544 boni
489 2502 638 2556 publici
665 2501 757 2542 illud
777 2502 961 2553 exigeret.
1019 2501 1135 2542 Hanc
1157 2500 1238 2541 Dei
1263 2499 1550 2553 dispositionem
1569 2498 1731 2548 agnovit
1752 2494 1856 2547 Papa

56 2561 238 2603 Clemens
264 2561 464 2614 Octavus,
492 2562 531 2603 δι
565 2560 739 2616 singulari
766 2573 856 2602 cum
878 2558 1083 2614 prudentia
1099 2560 1229 2600 effecit
1243 2591 1257 2611 ,
1287 2568 1331 2599 ut
1352 2557 1481 2598 Status
1504 2556 1702 2596 Salusanus
1728 2556 1766 2595 in
1790 2556 1856 2594 Al-

59 2622 264 2676 lobrogum
281 2622 405 2664 Ducis
420 2620 649 2676 potestatem
678 2621 890 2662 deveniret.
952 2620 1070 2661 Ratio
1105 2616 1234 2660 Status
1261 2615 1506 2669 antiquissima
1528 2626 1578 2656 ea
1605 2613 1702 2655 fuit:
1725 2612 1856 2654 eidem

57 2682 290 2725 innitebatur
311 2682 531 2736 Alphonsus
561 2682 650 2723 Rex
677 2680 982 2734 NeapolitanuS‚
1013 2679 1103 2720 cum
1139 2676 1422 2719 Mediolanensi
1443 2675 1550 2716 Duci
1574 2673 1750 2714 suaderet
1764 2703 1776 2721 ,
1802 2681 1855 2714 ‘ne

6 2748 9 2799 '3
57 2743 258 2783 civitatem
283 2740 367 2782 Asti
398 2741 609 2783 Ludovico
636 2741 836 2795 Delphino
868 2739 1036 2780 Franciae
1060 2739 1243 2779 dederet:
1271 2748 1399 2788 neque
1409 2737 1512 2776 enim
1526 2764 1539 2784 ,
1571 2734 1714 2786 aJebat,
1744 2732 1857 2774 Fran·

6 2804 9 2840 ὲ
58 2805 98 2843 ci
113 2801 227 2842 Italiae
245 2802 354 2842 bono
381 2801 523 2855 pedem
549 2803 589 2842 in
604 2800 747 2842 Italiam
768 2800 908 2842 inferre
924 2802 1114 2853 cogitant,
1142 2796 1207 2838 sed
1222 2805 1266 2836 ut
1279 2797 1352 2837 suae
1367 2807 1454 2836 eam
1477 2794 1613 2835 ditioni
1636 2794 1856 2845 subjiciant,

6 2861 9 2908 1³
61 2873 179 2916 prout
193 2865 232 2903 in
258 2861 456 2903 Genuensr
473 2861 722 2914 expeditione
732 2862 867 2902 tentari
885 2869 1068 2912 coeptum.
1127 2856 1253 2908 Hujus
1275 2855 1420 2896 consilii
1437 2856 1518 2895 vim
1542 2851 1697 2894 minime
1719 2850 1857 2893 affecu·

6 2970 8 2974 ¹
63 2931 124 2963 tus
139 2921 212 2963 fuit
230 2921 411 2974 Princeps
431 2923 494 2963 ille
510 2922 649 2970 Italus,
679 2922 745 2974 qui
760 2920 952 2962 moderno
987 2917 1154 2959 Franciae
1183 2917 1280 2969 Regi
1309 2915 1445 2956 autitor
1473 2913 1572 2964 fuit,
1599 2923 1643 2954 ut
1679 2912 1856 2952 pinnaro-

6 2986 9 2995 '
64 2979 138 3023 lam
161 2981 412 3035 occupando,
443 2980 585 3034 pedem
617 2982 656 3021 in
678 2981 841 3033 Alpibus
875 2979 1032 3034 figeret,
1064 2978 1250 3029 deceptus
1274 2973 1379 3015 sorte
1414 2973 1518 3028 <nili
1541 2973 1679 3014 malitia
1699 2970 1855 3021 fuerit)

65 3041 188 3095 specie
207 3043 398 3090 utilitatis,
426 3054 540 3093 quam
559 3039 584 3081 ὲ
608 3039 808 3081 Gallorum
833 3041 1028 3080 vicinitate
1040 3047 1175 3078 contra
1189 3045 1436 3088 quascunque
1455 3033 1712 3086 Hispanorum
1743 3030 1857 3071 moli-

8 3101 11 3142 ζ
69 3103 193 3156 tiones
207 3103 355 3154 sperare
374 3110 545 3154 poterat:
573 3111 647 3140 nec
661 3099 917 3141 consideravit
941 3109 1087 3146 tamen,
1118 3097 1199 3136 solo
1225 3104 1333 3135 metu
1352 3093 1471 3134 'futuri
1490 3094 1602 3141 belli,
1628 3090 1738 3143 quod
1760 3102 1856 3131 num

7 3156 10 3202 ἶ
62 3171 181 3214 quam
202 3161 305 3202 forte
328 3171 558 3204 eventurum
580 3170 685 3211 erat,
712 3159 904 3202 introduci
929 3158 1031 3199 aliud
1047 3156 1229 3211 praesens,
1260 3155 1299 3195 δε
1323 3155 1482 3198 omnino
1508 3161 1660 3193 certum
1674 3151 1725 3191 de
1744 3146 1858 3192 'Fran-

848 3218 1055 3259 Hhhhh
1088 3229 1110 3256 2
1801 3207 1858 3249 cis

167 3364 230 3414 (a)
254 3364 408 3413 Niceqh.
461 3363 533 3413 (b)
556 3334 944 3399 Tacitss'ub.6.a1ma1.
