2132 3730
251 252 308 302 76
697 236 1036 281 DJDACJ
1102 233 1638 279 sAAVEDRAE

243 342 407 375 conatus
424 328 477 369 est
497 325 622 366 Infans
644 323 841 371 Sanctius,
871 333 916 361 ea
931 319 1122 373 potestate
1143 319 1181 359 &
1210 319 1491 367 dominatione,
1523 330 1635 371 quam
1653 319 1699 358 ab
1720 320 1801 371 ipio
1829 331 2040 372 acceperat.

241 392 340 437 Nec'
352 388 489 431 Infanti
503 384 686 426 Lusitano
711 379 871 424 defuere
892 382 1058 422 rationes
1074 390 1323 432 apparentes,
1352 391 1419 420 cur
1438 378 1542 420 idem
1563 387 1696 420 contra
1715 378 1941 430 Parentem,
1965 380 2043 420 Re-

245 464 337 507 gem
360 444 596 495 Dionysium
612 444 826 484 moliretur.
1272 466 1276 471 -

400 507 437 559 ς,
466 503 548 546 Istae
561 515 766 557 regnorum
779 502 885 543 faces
907 501 1013 542 maHs
1034 500 1176 541 artibus
1201 498 1366 541 accensae
1393 498 1472 539 cito
1497 500 1725 551 plerumque
1752 502 2043 553 extinguuntur.-

243 569 319 625 (a)
349 580 429 609 nam
449 568 541 606 nulla
570 564 711 619 quaefita
726 560 850 616 fielere
864 564 1021 615 potentia
1051 559 1098 610 est
1118 559 1294 600 diuturna.
1353 559 1428 614 (b)
1467 558 1615 600 Garfias
1643 558 1731 599 Rex
1758 560 1908 601 Patrem
1937 560 2044 601 suum

247 627 488 681 Alphonsum
514 623 706 677 Magnum
731 623 884 676 coe'git,
915 630 958 661 ut
987 633 1105 674 regno
1133 621 1171 660 se
1196 619 1409 668 abdicaret,
1440 619 1503 659 sed
1531 622 1629 660 ultra
1655 620 1856 662 triennium
1889 621 2046 661 Corona

245 689 299 730 sic
320 683 425 739 parta
454 686 491 725 ei
509 683 584 724 frui
609 696 690 724 non
703 684 822 724 licuit.
881 680 912 722 F
914 682 1007 721 roila
1023 679 1220 720 Secundus
1234 690 1314 719 non
1328 679 1396 720 nisi
1410 680 1556 720 menses
1575 680 1863 732 quatuordecim
1885 693 2043 735 regnum

247 747 437 794 obtinuit,
466 743 573 796 quod
603 745 644 783 vi
666 744 804 796 magis,
834 739 948 794 quiam
977 739 1167 781 electione
1191 739 1316 778 fuerat
1348 738 1520 790 adeptus.
1582 739 1747 779 Consilia
1774 743 1945 781 violenta
1965 754 2046 780 non

247 807 394 859 semper
413 798 590 856 optatum
615 803 819 842 sortiuntur
846 802 1006 840 exitum.
1066 797 1132 854 (c)
1162 798 1350 838 Navarrae
1378 810 1560 840 coronam
1584 798 1692 839 certo
1719 801 1794 852 jam
1819 801 1866 840 ad
1899 802 1937 841 se
1959 812 2047 853 per-

246 876 450 907 venturam
466 862 688 903 haereditate
707 861 880 912 sperabat
907 860 1083 909 Ramon,
1113 858 1142 899 si
1161 858 1316 898 fratrem
1333 857 1439 897 suum
1456 857 1647 899 Saunium
1667 862 1818 900 tolleret
1834 860 1882 899 de
1899 860 2046 907 medio;

254 936 294 966 at
311 924 546 977 Respublica
564 921 756 973 sceptrum
776 922 812 960 ei
829 920 1071 961 committere
1087 919 1235 967 noluit,
1265 918 1331 969 qui
1345 916 1492 957 facinus
1520 927 1596 957 tarn
1621 929 1729 960 atrox
1757 921 1884 961 animo
1909 932 2050 962 conce-

249 985 381 1041 pisset,
413 981 590 1032 adeoque
608 979 762 1020 Sanctio
779 980 878 1033 Regi
893 980 1094 1032 Aragoniae
1116 978 1196 1029 ejus
1223 978 1383 1030 patrueli
1402 976 1495 1017 illud
1511 976 1664 1025 obtulit,

425 1041 460 1093 §.
488 1040 557 1081 Ne
572 1037 716 1080 temere
730 1039 856 1080 facem
869 1039 1013 1079 isthanc
1031 1038 1053 1078 ὲ
1070 1038 1243 1078 manibus
1257 1036 1421 1077 dimittat
1444 1036 1646 1088 Princeps,
1677 1038 1804 1089 quoad
1820 1040 1942 1089 vivit,
1959 1051 2008 1080 ne
2021 1039 2047 1080 si

248 1102 339 1145 fasti
356 1103 461 1143 illum
470 1101 688 1154 poenituerit
703 1098 855 1151 postea,
871 1102 906 1139 ei
920 1097 1024 1138 forte
1039 1097 1207 1145 accidat,
1224 1095 1301 1149 (d)
1319 1096 1425 1148 quod
1436 1096 1532 1149 Regi
1552 1097 1752 1148 Alphonso
1766 1099 1875 1150 hujus
1890 1101 2041 1139 niminis

232 1165 427 1217 “Quarto;
456 1162 521 1213 qui
538 1159 786 1212 posteaquam
803 1160 983 1212 Regnum
1010 1159 1049 1197 in
1069 1155 1225 1197 fratrem
1243 1156 1351 1196 suum
1372 1157 1569 1196 Ramirum
1592 1156 1705 1196 semel
1731 1157 1965 1210 resignasset,
1993 1170 2049 1197 re-

253 1232 439 1275 cuperare
464 1219 602 1260 deinde
638 1231 834 1271 nunquam
859 1220 1010 1271 potuit;
1040 1217 1286 1269 quantumvis
1313 1217 1444 1256 vellet.
1504 1217 1699 1264 Ambitio,
1731 1216 1820 1256 dum
1852 1220 1891 1258 in
1914 1216 2051 1269 poss'ef-

255 1285 364 1325 sione
387 1279 463 1329 est,
483 1278 630 1331 justitiae
646 1291 726 1319 non
740 1288 866 1331 paret:
897 1278 1044 1330 semper
1072 1277 1173 1316 enim
1193 1276 1358 1314 rationes
1385 1277 1423 1316 in
1444 1285 1629 1327 promptu
1651 1276 1792 1323 habet,
1823 1276 1860 1316 &
1889 1276 2050 1325 caussas,

251 1343 391 1395 quibus
408 1340 443 1380 se
468 1348 629 1379 tueatur.
690 1338 743 1379 Et
768 1350 884 1391 quem
907 1349 988 1378 non
1013 1344 1173 1378 moveat
1199 1333 1416 1385 discrimen,
1447 1335 1553 1386 quod
1576 1336 1674 1375 inter
1697 1336 1983 1387 imperandum,
2014 1336 2051 1375 &

251 1401 513 1444 obediendum
536 1396 717 1438 interest?

427 1459 462 1510 §.
491 1457 659 1498 Tametsi
678 1455 774 1498 verb
797 1456 874 1497 istae
900 1466 1104 1509 regnorum
1120 1452 1224 1493 faces
1252 1454 1506 1493 communiter
1544 1452 1564 1492 ὲ
1587 1453 1806 1505 parentibus
1836 1453 1884 1493 ad
1911 1454 2052 1493 liberos

255 1520 462 1568 transeant,
492 1516 584 1558 illud
607 1526 734 1557 tamen
753 1516 882 1568 Reges
909 1516 1055 1568 semper
1079 1515 1345 1556 meminerint.
1377 1512 1398 1551 a
1423 1513 1516 1552 Deo
1548 1514 1584 1552 se
1610 1512 1817 1564 accepisse,
1849 1513 2052 1564 eidemque

251 1581 322 1622 suo
343 1589 519 1630 tempore
548 1575 743 1616 restituere
785 1576 947 1623 debere,
978 1584 1021 1614 ut
1049 1574 1204 1621 norint,
1237 1574 1297 1611 cui
1319 1582 1495 1623 acceptas
1530 1584 1591 1611 eas
1619 1572 1763 1611 referre
1797 1572 1983 1621 debeant,
2014 1573 2052 1613 &

253 1639 369 1692 quam
394 1635 519 1678 stricta
540 1635 590 1674 de
619 1637 662 1674 iis
698 1634 895 1674 reddenda
914 1635 960 1673 fit
983 1635 1091 1673 ratio.
1152 1631 1209 1672 lta
1231 1631 1325 1670 fecit
1360 1631 1448 1670 Rex
1479 1630 1759 1680 Ferdinandus,
1790 1641 2052 1684 cognomento

249 1697 443 1751 Magnus,
473 1696 537 1745 qui
558 1694 624 1732 sub
651 1702 867 1732 extremum
900 1693 990 1731 vitae
1012 1691 1202 1743 spiritum,
1231 1689 1284 1728 fic
1318 1688 1450 1729 Deum
1475 1689 1595 1730 fertur
1617 1692 1823 1730 allocutus:
1853 1690 1925 1743 (e)
1961 1691 2053 1739 Dm,

253 1757 421 1805 Domine,
451 1750 677 1808 estpotestas,
704 1758 800 1791 tuum
815 1749 863 1804 est
876 1752 1061 1803 iwerium.
1125 1749 1174 1789 11}
1180 1745 1358 1800 stapremus
1375 1761 1411 1787 es
1426 1747 1597 1788 Dominus
1609 1746 1714 1801 fitper
1732 1763 1840 1789 omnes
1859 1750 1994 1803 Reges,
2005 1749 2056 1793 ἐξ)

254 1819 369 1857 omnia
389 1823 453 1855 tua
464 1809 605 1864 fitbstmt
621 1809 865 1863 providentiae.
912 1811 1088 1861 Regnum,
1115 1807 1209 1860 quod
1223 1807 1263 1847 de
1285 1819 1388 1846 manu
1412 1814 1476 1847 tua
1489 1809 1616 1859 accepi,
1643 1808 1708 1848 tibi
1743 1806 1890 1861 restituo.
1945 1808 2052 1848 Toti.

254 1877 344 1916 dem
361 1884 461 1926 pene
483 1871 610 1910 verbis
622 1900 635 1918 ‚
663 1871 702 1908 in
720 1868 861 1909 eodem
880 1869 1014 1908 mortis
1032 1868 1210 1914 articulo,
1239 1865 1328 1905 usus
1344 1863 1509 1905 est'alius
1531 1867 1620 1907 Rex
1637 1865 1669 1906 F
1670 1866 1916 1919 erdinandus,
1937 1880 2053 1921 quem

256 1932 439 1977 Sanctum
463 1930 791 1982 cognominamus.

433 1990 468 2041 §.
498 1986 638 2028 illustre
662 1985 768 2036 sarie,
798 1985 863 2027 sed
885 1984 1025 2026 laboris
1049 1984 1204 2035 plenum
1229 1983 1319 2022 vitaz
1339 1983 1566 2021 curriculum
1598 1983 1735 2023 coelum
1766 1986 1886 2036 ipsum
1922 1987 2054 2027 descri-

257 2053 332 2108 psit
353 2050 554 2090 Serenitati
580 2046 750 2094 Vestrae,
781 2045 1065 2086 conficiendum
1089 2055 1168 2082 non
1193 2055 1281 2080 cum
1305 2054 1379 2080 una
1404 2040 1545 2086 solum,
1577 2041 1640 2079 sed
1662 2044 1832 2093 pluribus
1857 2047 2051 2087 variorum

258 2121 462 2165 regnorum
487 2107 656 2154 facibus,
687 2117 771 2157 quae
794 2105 875 2145 Soli
907 2117 978 2156 pei·
1000 2104 1128 2142 omnia
1151 2102 1285 2140 similes
1314 2097 1428 2154 (hoc
1447 2111 1525 2137 uno
1548 2110 1738 2151 excepto,
1770 2103 1876 2153 quod
1890 2104 1953 2144 hic
1977 2106 2052 2146 sese

255 2184 327 2226 per
347 2168 544 2210 intervalla
557 2164 741 2206 subducat
761 2163 918 2219 oculis)
941 2164 988 2203 ab
1004 2163 1153 2202 oriente
1175 2171 1295 2211 usque
1316 2160 1354 2197 in
1378 2158 1621 2198 occidentem
1646 2159 1747 2200 suam
1764 2162 1878 2215 longe
1898 2162 2052 2215 lateque

260 2228 482 2272 diffundunt
498 2227 635 2267 lucem.
696 2223 888 2264 Saevissimi
913 2224 1083 2263 turbines
1100 2228 1344 2272 erumpentes
1367 2218 1535 2269 undique
1551 2229 1612 2256 eas
1630 2220 1838 2260 moliuntur
1857 2225 2052 2276 extingue.

259 2303 323 2332 re:
354 2300 492 2329 verum
512 2297 600 2326 cum
620 2284 731 2325 Deus
749 2281 770 2340 (
783 2283 836 2323 fic
855 2284 962 2324 lsaias
984 2280 1071 2336 (f)
1101 2279 1255 2320 videtur
1275 2277 1535 2332 vaticinatus)
1563 2277 1715 2318 easdem
1743 2279 1792 2319 εὸ
1818 2280 1896 2320 fine
1925 2284 2054 2323 incen-

261 2349 406 2397 derint,
435 2356 479 2386 ut
509 2354 687 2385 anteeant
712 2344 896 2384 vexillum
927 2343 1070 2390 crucis,
1101 2340 1140 2381 δε
1162 2339 1414 2394 gentilitatem
1448 2339 1658 2378 illuminent
1680 2339 1718 2377 in
1741 2340 1850 2379 sacris
1870 2339 2052 2383 Ecciefiae

258 2407 465 2460 altaribus,
495 2405 632 2457 sperari
653 2404 792 2444 merito
818 2405 987 2456 poterit,
1018 2400 1125 2454 quod
1142 2399 1251 2451 hujus
1283 2397 1331 2438 ad
1353 2395 1465 2438 instar
1492 2399 1605 2438 etiam
1628 2398 1699 2437 illae
1725 2397 1929 2449 lucebunt,
1957 2415 2052 2454 prae-

263 2469 412 2518 sertim,
441 2465 470 2506 fi
491 2465 608 2517 magis
623 2465 820 2517 magisque
842 2474 905 2503 eas
922 2461 1161 2504 inflammarit
1177 2459 1395 2499 Serenitatis
1419 2457 1565 2497 Vestrae
1590 2457 1757 2509 religiosa
1774 2457 1889 2510 fides,
1909 2460 1947 2501 δε
1965 2460 2053 2514 pius

259 2529 394 2576 zelus,
423 2523 528 2566 reeta
557 2523 697 2565 sursum
727 2520 873 2562 erectas
889 2524 1037 2576 semper
1066 2519 1257 2568 tenendo,
1286 2529 1331 2558 ut
1352 2516 1503 2558 flamina
1517 2516 1623 2558 tanto
1639 2518 1987 2573 clariorpuriorque
2003 2521 2053 2562 ad

264 2589 425 2635 coelum,
454 2596 534 2638 quo
551 2593 684 2625 natura
708 2582 771 2623 sua
787 2584 942 2632 nititur,
963 2582 1075 2636 possit
1089 2578 1344 2621 contendere:
1373 2590 1461 2618 nam
1485 2581 1550 2631 qui
1571 2576 1728 2629 oblique
1757 2589 1819 2619 eas
1843 2580 2051 2630 inflexerit,

265 2649 306 2689 in
330 2644 452 2687 cauffa
473 2646 566 2692 erit3
598 2656 666 2684 cur
687 2644 758 2683 illae
777 2642 863 2694 ipsae
879 2642 1042 2683 flammae
1066 2653 1129 2682 eas
1151 2639 1284 2680 senfim
1302 2637 1533 2690 depascent,·
1562 2638 1666 2691 quod
1683 2637 1710 2678 fi
1730 2640 1828 2680 coelo
1845 2640 1897 2680 ita
1914 2641 2054 2680 obver-

266 2708 376 2756 terit,
407 2714 603 2744 utterrain
618 2703 742 2743 solum
761 2702 953 2755 spestent,
980 2714 1074 2743 mox
1102 2701 1369 2752 extinguentur
1394 2697 1568 2752 penitus:
1594 2697 1729 2739 eadem
1752 2700 1853 2739 enim
1876 2700 2053 2750 materia,

264 2779 351 2818 quae
378 2764 526 2817 pastum
541 2761 628 2804 alias
649 2763 780 2803 datura
795 2772 895 2813 erat,
924 2764 1117 2803 interitum
1140 2762 1184 2802 iis
1208 2758 1343 2799 adfert.
1402 2758 1577 2799 Enitatur
1598 2759 1728 2810 itaque
1751 2757 1880 2798 sedulo
1905 2757 2053 2799 Sereni·

268 2835 326 2865 tas
352 2824 509 2873 Vestra,
541 2833 584 2863 ut
599 2835 688 2863 cum
708 2823 766 2862 his
785 2822 934 2864 facibus
954 2825 1044 2863 vitae
1069 2823 1143 2862 suae
1158 2820 1385 2860 curriculum
1411 2819 1571 2872 gloriose
1591 2817 1790 2866 decurrat,
1823 2828 1963 2869 easque
1987 2819 2052 2858 ad-

266 2884 440 2925 hucdum
464 2886 637 2924 lucentes
672 2884 739 2923 fiio
756 2882 958 2934 aliquando
974 2881 1184 2923 Success'ori
1207 2880 1394 2932 porrigat,
1424 2891 1501 2931 neq
1514 2872 1790 2929 solum'quales
1816 2887 1878 2915 eas
1903 2881 2054 2930 accepit

270 2942 458 2997 primuni,
482 2944 546 2983 sed
562 2944 691 2995 potius
707 2944 821 2982 novis
841 2942 967 2984 auctas
993 2942 1031 2983 ἀ
1060 2939 1290 2982 collustratas
1316 2938 1444 2978 radiis:
1473 2938 1567 2978 solet
1583 2940 1689 2978 enim
1709 2922 1818 2975 Deus
1843 2947 1956 2988 regna
1976 2938 2053 2977 Re-

272 3014 459 3059 gemque,
487 3014 574 3043 cuni
594 3002 759 3055 primum
781 3002 1021 3056 Reipublicae
1053 3001 1255 3053 suscipiunt
1278 2999 1553 3052 gubernacula,
1583 2988 1690 3038 ve‘lut
1716 2994 1763 3034 ad
1790 2998 1967 3038 trutinam
1988 3009 2053 3037 ex.

1963 3068 2055 3108 pen-

377 3176 433 3219 (ει)
459 3170 618 3208 Curtius.
672 3173 731 3219 (b)
756 3172 848 3210 Mar.
875 3171 966 3208 Hist.
986 3169 1085 3219 Hisp.
1112 3169 1136 3205 1.
1164 3179 1202 3213 7.
1219 3180 1251 3204 e.
1275 3181 1336 3206 20.
1392 3168 1448 3215 (c)
1474 3167 1572 3203 Idem
1592 3162 1682 3200 Hist.
1700 3162 1797 3212 Hisp.
1816 3163 1876 3200 lib.
1896 3175 1936 3210 7.
1968 3176 1997 3200 c.
2017 3173 2055 3208 23

275 3226 336 3274 (d)
363 3227 454 3262 Mar.
474 3224 564 3261 Hist.
589 3223 651 3261 lib.
673 3230 705 3264 8.
736 3235 766 3259 a.
793 3235 825 3269 5.
878 3226 950 3271 (e)
975 3224 1074 3260 Idem
1099 3219 1177 3258 Hist
1214 3220 1311 3270 Hisp.
1337 3220 1361 3256 1.
1387 3231 1424 3265 9.
1441 3233 1470 3256 c.
1489 3223 1522 3255 6.
1571 3215 1635 3261 (f)
1661 3219 1754 3254 Ecce,
1781 3214 1908 3254 dedite
1938 3217 1978 3252 in
2003 3216 2051 3253 lu-

275 3291 347 3314 eem
369 3278 556 3317 Gentium,
581 3286 621 3312 ut
629 3273 679 3326 ss}
692 3274 791 3321 stilus
813 3289 891 3312 mea
907 3288 1010 3327 usque
1036 3273 1087 3310 ad
1104 3282 1301 3310 extremum
1320 3283 1429 3308 terra.
1450 3271 1486 3307 Μ’.
1509 3282 1569 3317 49.
1590 3273 1622 3309 6,
