2132 3730
269 273 330 328 96
736 262 1083 306 DJDACJ
1135 262 1670 309 SAAVEDRAE

270 329 782 343 ,........-.,..------
1038 327 1797 339 Ἢ

271 365 330 394 con
350 352 439 406 estas
459 351 517 390 dos
538 344 668 399 effinse
688 346 854 387 endereza
871 346 903 386 el
913 346 1050 395 mundo,
1061 344 1228 397 faziendo
1240 349 1318 388 bien
1340 348 1364 387 a*
1378 349 1443 398 los,
1473 360 1538 401 que
1563 345 1762 400 bienfazan
1773 381 1785 399 ,
1804 364 1822 390 e
1842 346 1952 391 dando
1959 359 2066 403 pena,

269 427 289 451 e
303 409 511 463 escarmlento
536 410 559 447 ὰ
577 407 644 455 los,
672 419 737 461 que
753 418 922 447 nterezan.
981 405 1221 447 Melet-atione
1240 407 1399 449 utendum
1419 405 1497 462 ff,
1528 416 1569 448 ut
1582 417 1654 448 tam
1668 407 1825 463 beneficia
1847 423 1882 450 eo
1900 411 1985 459 loco,
2006 424 2074 450 mo-

268 470 311 511 do
324 502 337 521 ‚
367 478 511 521 tempore
530 479 594 520 quo
608 465 897 520 aporwuffirmm
915 463 1056 518 fuerit,
1086 468 1305 516 collocantur,
1332 467 1435 521 quam
1459 470 1496 508 in
1525 465 1776 519 rffraenandis‚
1802 468 2073 523 corrigendisque

267 531 349 570 mals?
360 528 514 580 temporis
530 534 635 580 atque
652 525 822 578 occasionis
845 529 1078 581 oppartzmims
1098 533 1281 578 captetur,
1309 540 1373 567 non
1382 524 1492 578 fasta
1506 525 1611 579 stilum
1636 524 1725 580 ipſsz,
1745 525 1924 579 sedetiam
1946 530 1968 567 ἁ
1996 532 2074 584 qui-

267 589 352 638 bus,
382 600 447 641 quo
472 584 587 635 moab,
614 594 718 640 atque
754 586 1066 638 ubinarn.patram
1084 582 1254 637 fiterinff,
1272 587 1379 637 probe
1414 586 1656 641 corfiderandc).
1716 587 1793 628 His
1804 597 1913 640 porro
1939 588 2072 629 duabus

267 648 368 687 rebus
387 646 477 687 orbis
495 642 672 696 universim
698 647 852 699 regitur,
879 646 970 687 bonis
984 645 1156 693 videlicet,
1179 647 1240 700 qni
1252 644 1596 698 refferpsifhcerint,
1623 643 1876 697 beneficiando,
1906 649 2072 703 vitalisque

256 714 553 761 poenam'qzmm
565 712 758 755 merentur,
781 719 821 745 ac
843 703 1032 758 fiqffllicimn
1052 703 1236 756 infligendo.

420 763 456 818 §.
486 765 681 818 Expediet
702 777 976 816 nonnunquam
995 765 1147 805 differre
1160 764 1407 817 proemiorum
1428 765 1731 806 distributionem
1747 795 1760 814 ,
1789 774 1840 805 ne
1868 774 1918 806 ex
1930 766 2073 817 ,justitia

266 826 401 867 deberi
419 825 620 867 videantur
638 856 651 874 ‚
681 824 720 865 &
742 835 785 864 ut
808 827 959 865 interim
982 855 995 874 ,
1027 826 1092 876 qui
1112 836 1157 864 ea
1173 822 1380 876 expediant
1397 854 1408 872 ‚
1438 824 1502 876 spe
1520 824 1586 865 ista
1603 824 1720 866 erecti
1739 825 1873 873 majori
1889 837 1978 867 cum
1996 825 2072 867 stu*

266 885 334 927 dio
363 883 541 938 praestent
560 885 763 937 obserari&
792 897 866 925 nec
885 886 998 924 ullam
1015 896 1181 925 mercem
1201 885 1327 935 pretio
1352 885 1501 923 meliori
1514 887 1589 924 emi
1607 885 1850 934 crediderim,
1861 884 1975 936 quam
1985 896 2071 937 quae

263 945 514 987 Proemiorum
538 943 811 997 expectatione
837 946 985 984 emitur.
1046 942 1099 984 Et
1123 942 1228 983 certe
1260 944 1376 996 magis
1394 941 1442 983 ad
1463 944 1705 986 serviendum
1733 946 1847 985 allicit
1864 945 1948 997 spes
1964 944 2070 985 futu-

264 1007 295 1046 ri
317 1036 330 1055 ‚
361 1004 476 1057 quam
502 1005 650 1057 proemii
666 1005 816 1056 accepti
835 1005 1032 1045 memoria.
1092 1005 1223 1055 Atque
1244 1003 1334 1043 hinc
1352 1000 1464 1043 facile
1485 1012 1642 1055 apparet
1665 1033 1678 1053 ,
1708 1003 1823 1055 quam
1844 1006 1971 1044 noxiae
1997 1005 2071 1045 sint

262 1065 510 1105 succeffiones
528 1064 665 1105 futurae
689 1066 727 1103 in
740 1064 959 1104 muneribus
985 1063 1148 1116 publicis
1168 1063 1205 1103 δε
1224 1064 1412 1115 proemiis;
1438 1062 1478 1102 id
1507 1062 1615 1114 quod
1638 1063 1885 1114 expendebat
1905 1063 2071 1114 Tyberi-

263 1137 308 1164 us
326 1154 338 1174 ,
368 1137 458 1164 cum
479 1124 555 1165 sese
573 1124 689 1165 Gallo
707 1133 928 1176 opponeret
959 1123 1228 1171 contendenti,
1258 1133 1301 1162 ut
1324 1125 1459 1174 quinto
1477 1134 1635 1174 quoque
1652 1134 1753 1162 anno
1781 1125 2069 1163 nominarentur

263 1183 467 1225 Candidati
486 1214 497 1233 ‚
529 1186 594 1237 qui
611 1183 811 1225 successuri
832 1183 951 1224 essent
966 1185 1005 1222 in
1024 1181 1276 1235 legationibus
1292 1181 1507 1234 legionum,
1537 1182 1574 1221 ἃ
1589 1181 1787 1223 Praeturis:
1817 1184 1869 1222 ita
1889 1184 1991 1222 enim
2008 1182 2070 1223 fo-

260 1256 304 1284 re
329 1243 503 1293 dicebat,
531 1253 576 1284 ut
603 1244 787 1295 obsequia
813 1241 1047 1284 &industria
1062 1244 1222 1282 aliorum
1241 1241 1354 1294 plane
1373 1241 1446 1296 (a)
1465 1242 1692 1287 desinerent.
1754 1241 1844 1295 Qua
1862 1243 1902 1281 in
1930 1253 1971 1282 re
1987 1254 2070 1283 non

261 1303 362 1344 istud
387 1304 509 1344 solum
533 1304 714 1345 damnum
736 1303 967 1355 ponderavit
981 1301 1177 1351 Tiberius,
1199 1302 1263 1342 sed
1282 1303 1396 1341 etiam
1412 1301 1520 1353 quod
1541 1301 1784 1342 occasionem
1797 1301 2070 1354 perderetgra-

260 1365 322 1403 tiae
347 1362 554 1414 faciendae,
569 1366 608 1404 in
628 1375 707 1415 quo
718 1362 937 1403 dominatus
956 1361 1008 1401 sui
1018 1363 1120 1402 vires
1130 1360 1333 1402 consistere
1344 1360 1416 1414 (b)
1428 1361 1665 1402 autumabat.
1721 1361 1846 1415 Atque
1857 1359 2068 1412 itafavora-

260 1423 321 1464 hili
341 1426 376 1463 in
384 1419 524 1475 speciem
535 1425 710 1472 oratione,
736 1424 809 1462 vim
822 1423 953 1474 imperii
972 1423 1127 1461 retinuit.
1187 1421 1266 1474 Qui
1286 1417 1403 1473 gratia
1421 1422 1459 1460 in
1478 1421 1570 1459 aulis
1590 1418 1722 1460 valent
1748 1449 1762 1469 ,
1790 1421 1927 1460 incerti
1950 1420 2068 1471 quam

258 1484 434 1536 potentia
450 1494 586 1523 eorum
605 1480 734 1522 futura
750 1482 796 1521 sit
821 1481 1013 1529 diuturna,
1034 1482 1200 1521 animum
1213 1480 1415 1520 advertere
1433 1479 1540 1521 haud
1560 1479 1683 1519 solent
1703 1479 1752 1519 ad
1770 1479 2066 1522 incommodum

251 1542 358 1583 istud
386 1542 657 1583 succeffionum
675 1540 887 1581 futurarum
905 1570 918 1589 ‚
946 1549 989 1579 ut
1007 1552 1056 1579 ex
1074 1542 1118 1579 iis
1147 1539 1319 1580 actiones
1346 1540 1429 1579 suas
1446 1538 1727 1579 moderentur:
1757 1539 1835 1578 hoc
1856 1540 1958 1579 enim
1984 1539 2069 1591 spe-

259 1601 362 1642 &ant
379 1602 501 1641 solum
521 1631 535 1651 ‚
562 1610 606 1641 ut
623 1601 805 1653 Principis
819 1598 1051 1652 potestatem
1070 1601 1295 1641 imminuant
1310 1629 1323 1650 ,
1353 1598 1392 1640 δι
1417 1596 1439 1638 a
1456 1597 1759 1640 Candidatorurn
1772 1600 2070 1653 importunitate

256 1662 333 1702 sese
345 1662 522 1703 liberent.
2066 1692 2068 1695 ,

373 1720 474 1759 Cum
492 1717 674 1770 Princeps
690 1719 812 1758 veluti
829 1731 896 1759 cor
911 1719 957 1759 fit
970 1719 1023 1758 sui
1043 1716 1158 1758 status
1176 1712 1203 1771 ζ
1220 1712 1549 1770 quemadmodum
1566 1717 1633 1773 (ε)
1653 1718 1743 1759 Rex
1767 1714 1988 1770 Alphonsus
2008 1717 2068 1761 di-

255 1791 345 1821 cere
364 1778 510 1820 solebat
526 1778 554 1833 )
572 1776 756 1831 perillum
772 1780 904 1830 utique
920 1781 1055 1819 vitales
1073 1778 1221 1830 spiritus
1236 1790 1357 1831 opum
1372 1778 1667 1831 &proemiorum
1677 1778 1716 1817 in
1731 1778 1906 1833 membra
1921 1778 1990 1817 alia
2010 1777 2070 1818 di-

255 1840 402 1892 spertiri
418 1846 589 1890 oportet.
646 1837 772 1877 Etiam
794 1838 901 1889 quod
922 1836 1129 1890 longiffime
1156 1837 1261 1878 abest
1274 1868 1287 1887 ,
1318 1838 1468 1878 tametsi
1488 1837 1674 1890 Principis
1695 1836 1892 1890 praesentia
1909 1836 2065 1878 destitu⁴

255 1909 339 1940 tum
356 1898 403 1939 fit
417 1927 431 1946 ‚
460 1896 541 1947 eJ'us
559 1905 687 1936 tamen
711 1896 910 1936 favoribus
929 1896 1079 1936 fruitur.
1140 1895 1272 1935 Isthaec
1294 1897 1549 1936 consideratio
1567 1896 1725 1950 perraro
1747 1896 1851 1948 apud
1868 1896 2067 1949 Principes

256 1961 386 2000 locum
413 1957 573 1996 invenit.
615 1955 791 2006 Plerique
814 1966 947 1995 omnes
964 1955 1065 1994 solos
1090 1965 1159 1993 eos
1182 1954 1348 1993 afficiunt
1365 1956 1532 2005 proemiis
1549 1983 1561 2003 ,
1593 1967 1691 2005 quos
1701 1957 1904 2005 praesentes
1914 1949 2067 2015 vident,

256 2016 352 2060 visti
367 2016 656 2067 importunitate
672 2016 908 2066 petentium,
933 2024 996 2054 aut
1011 2011 1309 2054 domesticorum
1327 2013 1547 2053 adulatione
1562 2042 1577 2062 ,
1594 2021 1659 2052 aut
1676 2013 1764 2064 quia
1782 2013 1829 2052 ad
1845 2015 2067 2067 negandum

256 2077 354 2119 defit
377 2077 537 2116 animus.
595 2073 646 2114 Et
669 2075 766 2114 sicut
786 2074 896 2114 fluvii
915 2086 995 2114 non
1008 2073 1076 2113 nisl
1106 2073 1226 2112 solum
1241 2102 1254 2121 ‚
1284 2073 1394 2124 quod
1416 2074 1561 2112 alluunt
1577 2101 1590 2120 ‚
1620 2071 1898 2114 madefaciunt:
1928 2076 1981 2114 ita
2011 2066 2067 2121 illi

254 2140 357 2180 solos
374 2134 576 2188 praesentes
598 2163 612 2182 ,
642 2146 741 2185 quos
761 2143 850 2173 ante
875 2135 1011 2173 oculos
1025 2133 1192 2178 habent,
1221 2131 1396 2184 gratiis&
1409 2131 1607 2172 beneficiis
1617 2133 1836 2182 cumulant,
1864 2145 1940 2174 nec
1954 2126 2072 2192 cogi-§5

256 2207 340 2238 tant
362 2226 375 2245 ‚
409 2193 516 2247 quod
533 2192 698 2233 Ministri
718 2194 890 2233 absentes
910 2193 1117 2233 innumeris
1145 2203 1234 2232 cum
1257 2192 1453 2231 laboribus
1480 2191 1519 2232 δε
1546 2192 1724 2244 periculis
1746 2191 1969 2245 dignitatem
1995 2203 2066 2233 eo-

255 2270 340 2299 rum
363 2263 541 2295 tueantur
556 2283 569 2303 ,
600 2253 639 2293 &
655 2251 818 2302 faciant,
849 2252 956 2304 quod
981 2265 1049 2303 per
1066 2251 1188 2303 seipsi
1201 2263 1282 2291 non
1294 2250 1462 2304 possunt.
1523 2250 1664 2291 Gratiae
1677 2263 1813 2292 omnes
1831 2254 1870 2292 in
1890 2263 1959 2292 eos
1971 2244 2067 2295 con-‚¹

255 2317 453 2363 feruntur,
484 2314 549 2364 qui
566 2314 605 2352 in
630 2313 775 2353 Palatio
792 2312 829 2353 &
845 2314 929 2353 aula
946 2313 1155 2353 versantur.
1242 2311 1308 2351 Illa
1333 2311 1515 2363 obsequia
1538 2310 1764 2351 aestimantur
1790 2309 1912 2351 solum
1933 2341 1946 2361 ,
1976 2323 2065 2363 quaa

255 2376 456 2419 moschum
475 2371 653 2412 redolent
669 2404 682 2422 ,
708 2385 790 2413 non
815 2384 860 2412 ea
881 2403 894 2422 ,
924 2385 1009 2425 quae
1024 2374 1186 2425 pulvere
1202 2371 1365 2423 respersa
1389 2368 1472 2411 sunt
1495 2370 1533 2411 &
1550 2371 1752 2423 sanguinet
1772 2382 1818 2410 ea
1838 2383 1924 2423 quae
1939 2373 2064 2412 oculis

255 2437 496 2487 usurpantur,
508 2443 589 2472 non
602 2444 686 2484 quae
693 2433 917 2473 hauriuntur
928 2433 1095 2476 auribus:
1107 2441 1189 2471 tum
1200 2430 1493 2484 quiaass‘entatio
1503 2428 1648 2471 facilius
1662 2432 1799 2471 oculos
1815 2432 1931 2483 capit,
1946 2443 2062 2483 quam

255 2507 385 2541 aures;
406 2504 489 2534 tum
513 2494 628 2533 etiam
647 2523 659 2541 ‚
690 2494 777 2544 quia
793 2504 888 2532 mox
908 2494 1074 2533 animum
1097 2493 1221 2532 titillat
1244 2493 1363 2531 inanis
1380 2491 1497 2543 gloria
1524 2503 1573 2531 ex
1591 2490 1831 2530 submiffione
1856 2491 2029 2542 praesenti
2047 2521 2062 2541 ,

256 2555 296 2596 δι
324 2551 560 2609 gratitudinis
588 2551 744 2593 indiciis.
806 2551 902 2592 Eam
927 2553 979 2592 ob
1003 2564 1082 2592 rem
1107 2554 1146 2592 in
1169 2552 1262 2591 aulis
1283 2551 1424 2591 servire
1440 2582 1452 2599 ,
1488 2552 1633 2591 lucrum
1665 2547 1720 2590 est
1743 2551 1875 2602 potius
1901 2581 1913 2598 ,
1945 2549 2061 2601 quam

255 2617 461 2657 meritum:
490 2612 649 2653 ambitio
669 2613 821 2666 potius,
849 2610 962 2664 quam
981 2613 1110 2655 zelusx
1138 2614 1258 2664 magis
1275 2607 1530 2651 commoditas
1552 2640 1565 2660 ,
1594 2608 1708 2661 quam
1732 2606 1903 2650 molestia
1922 2619 1986 2649 aut
2009 2610 2061 2649 la-

254 2677 354 2716 bor:
382 2671 560 2726 splendor
578 2704 590 2722 ‚
619 2675 683 2725 qui
710 2673 779 2713 sibi
814 2672 883 2724 ipsi
912 2672 1103 2725 satisfacit„
1188 2671 1270 2724 Qui
1288 2671 1421 2711 absens
1457 2669 1641 2723 obsequia
1664 2668 1838 2721 praestat,
1869 2666 2060 2721 approba-2
2127 2698 2129 2702 -

256 2737 382 2776 tiones
408 2733 446 2773 &
463 2733 613 2785 plausus
637 2734 848 2785 promereri
864 2734 1033 2785 poterit,
1061 2744 1143 2772 non
1160 2732 1294 2784 gratias
1321 2731 1358 2770 &
1375 2729 1574 2772 beneficia.
1637 2729 1759 2785 Vivet
1786 2729 1852 2781 spe
1876 2728 1914 2769 &
1940 2726 2058 2769 inani-

257 2795 330 2835 bus
347 2793 530 2846 promiffis
556 2791 715 2833 laetatus
739 2802 754 2845 3
783 2795 968 2833 morietur
984 2792 1081 2832 vero
1099 2803 1186 2833 cum
1208 2790 1472 2842 desperatione
1499 2788 1691 2844 inglorius.
1766 2784 1864 2829 Illud
1892 2788 2058 2828 remedi·
2124 2827 2125 2831 ,

255 2864 322 2894 um
346 2852 424 2902 est,
454 2862 497 2893 ut
513 2852 552 2892 hi
572 2855 666 2894 tales
691 2865 762 2906 per
782 2851 981 2893 intervalla
998 2852 1046 2892 ad
1067 2853 1189 2891 aulam
1208 2851 1370 2906 revisant
1391 2860 1405 2894 ε
1435 2850 1548 2891 nullae
1580 2851 1682 2890 enim
1701 2848 1818 2889 literae
1851 2856 1917 2886 aut
1939 2848 2058 2889 libelli

255 2913 443 2965 supplices
462 2942 476 2961 ,
505 2921 584 2952 tam
605 2913 653 2953 ad
675 2912 984 2966 persuadendum
1009 2913 1181 2953 efficaces
1212 2911 1317 2959 sunt,
1349 2909 1465 2963 quam
1485 2910 1693 2964 praesentia.
1720 2906 1798 2960 Spe
1826 2904 1903 2946 sola
1929 2907 1968 2947 δι
1990 2920 2058 2949 ex·
2121 2918 2123 2971 J

256 2970 479 3028 perstatione
510 2971 659 3014 haustra
677 2973 715 3014 δι
734 2975 882 3015 canales
906 2985 987 3015 non
1007 2973 1213 3026 implentur
1227 3001 1241 3021 ,
1269 2971 1339 3012 nili
1354 2973 1394 3013 in
1413 2970 1508 3025 ipsas
1525 2971 1641 3013 etiam
1664 2966 1756 3009 aulae
1773 2977 1888 3020 aquas
1905 2963 2057 3008 demer-
2119 3000 2121 3009 ,η

1906 3037 2055 3081 gantur.
2117 3059 2119 3081 ς

351 3176 409 3222 (a)
424 3173 590 3212 subverti
602 3174 691 3227 leges
705 3203 714 3217 ‚
759 3175 1030 3230 uaesimspatia,
1058 3172 1249 3212 exercendae
1279 3173 1555 3212 Candidatorum
1580 3170 1666 3209 indu
1695 3173 1753 3208 riae
1767 3197 1776 3211 ‚
1804 3169 1990 3224 quarendis
2011 3183 2053 3206 ue

256 3236 323 3265 aut
330 3226 511 3279 potiundis
532 3226 712 3266 honoribus
715 3190 928 3280 Zatuerint.
954 3227 1070 3267 Tacit.
1095 3227 1160 3264 lib.
1178 3241 1212 3266 2.
1232 3228 1363 3265 Annal.
1388 3228 1450 3272 (b)
1465 3223 1575 3262 Haud
1592 3222 1639 3261 du
1661 3224 1736 3261 ium
1756 3232 1839 3260 erat
1859 3249 1869 3263 .
1890 3235 1969 3259 eam
1995 3235 2054 3258 en-

257 3279 739 3384 {ingtflagntpltzuzpinetrare
755 3308 763 3323 ,
783 3279 829 3325 &-
843 3295 983 3320 arcana
1003 3281 1143 3334 imperii
1173 3281 1323 3318 tentari.
1351 3280 1451 3318 Idem
1478 3276 1539 3316 lib.
1565 3290 1600 3315 2.
1619 3276 1751 3315 Annal.
1817 3276 1876 3321 (c)
1898 3273 1991 3313 Ibid.
2016 3285 2049 3319 5o
