2132 3730
263 226 347 277 298
689 213 1033 257 DIDACI
1094 212 1619 257 SAAVEDRAE

263 305 429 344 Romani
449 311 581 351 magna
605 299 807 349 exigebant
826 297 966 336 tributa
996 308 1068 348 pro
1088 299 1339 346 aromatibus,
1369 298 1573 339 unionibus
1598 299 1636 338 &
1664 300 1822 351 gemmis
1850 299 2054 350 pretiosis,

2124 330 2132 350 Q

265 376 349 416 quae
374 374 421 402 ex
438 360 575 400 Arabia
591 357 888 408 asportabantur.
949 355 1165 396 Alexander
1191 355 1358 398 Severus
1385 370 1430 400 ea
1458 357 1693 410 deposcebat
1719 370 1768 398 ex
1792 359 1943 407 officiis,
1969 369 2056 410 quae
2110 374 2132 400 ,ε

264 423 312 463 ad
338 421 522 462 lasciviam
551 417 668 470 magis
694 415 840 463 essent,
869 415 984 469 quarn
1020 415 1068 455 ad
1097 417 1363 458 necessitatem.
1423 417 1638 459 Instauratae
1667 417 1867 471 disciplinae
1888 430 1974 471 pars
2001 415 2059 458 est
2110 411 2126 442 f

264 482 477 524 deliciarum
494 488 632 530 augere
650 478 828 528 pretium.

434 538 470 589 §.
502 536 622 577 Nulla
639 536 779 576 tributa
805 534 929 575 minus
947 537 1080 583 noxia,
1110 532 1222 586 quam
1244 546 1329 586 quae
1348 533 1518 575 advenis
1536 538 1726 577 mercibus
1750 539 2000 588 imponuntur
2016 536 2059 575 in

261 600 470 656 portubus:
500 609 546 637 ea
580 597 682 636 enim
703 607 876 648 magnam
900 606 1048 647 partem
1078 594 1253 646 pendunt
1285 593 1431 633 Exteri.
1493 595 1624 647 Quare
1645 597 1925 648 prudentiffime
1951 599 1989 635 in
2011 596 2060 634 iis
2109 600 2111 648 ξ

260 659 454 701 constituti
473 657 556 697 sunt
581 655 724 695 reditus
743 656 856 708 Regii
873 657 911 695 in
937 656 1093 709 Anglia‚
1124 654 1205 706 ipso
1230 654 1370 707 Regno
1397 654 1554 694 immuni
1576 654 1723 698 relicto.

411 717 449 770 §.
479 716 696 757 Maximum
714 716 944 755 tributorum
969 715 1007 755 &
1032 713 1274 767 vestigalium
1297 714 1488 766 regiorum
1504 714 1795 755 incommodum
1809 714 1866 755 est
1886 717 1925 756 in
1942 713 2063 767 Quae--
2110 726 2111 730 ¹

258 778 421 821 storibus
446 780 511 817 seu
541 774 818 824 maeroribus,
846 776 912 827 qui
934 774 1123 815 interdum
1142 776 1227 826 plus
1247 773 1375 814 damni
1405 773 1605 824 adferunt,
1637 772 1752 826 quam
1782 776 1923 814 tributa
1958 773 2062 827 ipsa3

258 850 387 892 neque
404 836 517 877 ullam
533 847 612 876 rem
633 836 891 887 impatientius
912 836 1077 874 tolerant
1103 833 1260 884 subditi,
1292 833 1406 885 quam
1428 835 1652 875 violentiam
1674 833 1712 874 δε
1730 835 2059 886 importunitatem
2110 851 2116 874 ς

259 897 522 940 Ministrorum
544 898 581 936 in
608 896 791 948 cogendis
816 894 1005 946 ejusmodi
1037 895 1222 947 pecuniis.
1282 893 1411 934 Solam
1441 893 1604 935 Siciliam
1634 894 1866 935 tributorum
1890 892 2060 933 exaffio-
2109 913 2112 922 ι

258 972 328 1001 nes
352 956 557 998 modestius
575 953 695 995 tulisse
709 954 849 994 Cicero
870 964 1079 1001 memorat3
1108 954 1218 993 Deus
1249 953 1327 1006 ipse
1354 964 1423 1006 per
1440 953 1568 994 isaiam
1588 953 1819 1006 Prophetam
1839 953 1887 992 de
1904 954 1948 993 iis
1965 964 2060 992 con·
2109 948 2110 955 ’

259 1020 448 1072 queritur,
465 1015 571 1068 quod
594 1016 785 1068 populum
809 1013 916 1054 suum
949 1012 1034 1069 (a)
1064 1014 1371 1066 exspoliaverint.
1430 1013 1474 1053 In
1508 1013 1683 1067 AEgypto
1707 1013 1911 1065 Propheta¹
1926 1012 2062 1064 aliquis
2109 1011 2111 1051 ξ

258 1079 407 1119 tributis
426 1086 603 1130 praeerat,
633 1077 685 1114 ita
703 1076 795 1114 nulli
809 1086 854 1114 ea
869 1075 907 1113 in
925 1085 967 1114 re
994 1075 1078 1114 satis
1103 1073 1374 1124 confidebant,
1404 1074 1473 1116 nisi
1498 1076 1563 1126 qui
1585 1075 1824 1126 peculiariter
1855 1071 1947 1113 eli'et
1963 1071 2065 1111 Deo
2109 1103 2111 1118 ἶ

258 1139 429 1185 dicatus3
459 1137 517 1176 his
532 1135 629 1175 vero
647 1135 885 1187 temporibus
900 1145 945 1174 ea
967 1135 1258 1174 committuntur
1274 1133 1505 1175 institoribus
1523 1133 1561 1174 &
1585 1134 1776 1183 usurariis,
1804 1133 1869 1184 qui
1888 1144 1968 1172 non
1988 1132 2064 1171 mi-
2109 1137 2110 1150 ³

256 1210 327 1240 nus
353 1208 472 1237 naves
500 1204 656 1249 portum
681 1195 880 1235 sabeuntes
909 1194 1140 1247 exspoliant,
1169 1206 1212 1233 ac
1240 1194 1362 1246 ipsum
1385 1193 1644 1247 naufragium,
1664 1193 1704 1233 ὅτ
1732 1194 1840 1233 velut
1856 1191 2063 1244 praedones
2109 1196 2111 1204 ¹

256 1257 358 1299 ultro
375 1258 551 1308 citroque
572 1256 871 1295 commeantium
900 1254 1012 1293 bonis
1041 1253 1116 1307 (b)
1147 1254 1304 1295 inhiant.
1366 1253 1474 1307 Quid
1499 1255 1637 1294 mirum
1661 1254 1799 1305 igitur,
1827 1251 2064 1292 commercia

257 1321 295 1359 in
316 1318 459 1369 Regnis
479 1316 675 1364 desinere,
700 1326 774 1354 nec
794 1313 946 1354 aliunde
973 1313 1124 1353 divitias
1149 1313 1279 1354 inferri
1307 1313 1344 1354 &
1370 1315 1578 1366 pecunias,
1607 1313 1637 1353 fi
1660 1312 1798 1365 praedae
1829 1313 1958 1352 omnia
1986 1310 2064 1349 sint:
2109 1302 2111 1330 ³

258 1377 464 1430 exposita?
496 1376 587 1428 quid
615 1370 780 1424 mirum,
809 1375 963 1424 inquam
992 1375 1181 1424 populum
1211 1374 1375 1425 graviter
1402 1372 1502 1412 ferre
1526 1371 1772 1422 exaffiones,
1801 1371 1830 1411 fi
1859 1370 2065 1423 persolutis
2109 1383 2110 1416 3

258 1440 328 1488 iis,
360 1449 443 1488 quae
466 1436 654 1475 debentur
674 1433 859 1485 Principi‚
890 1430 1061 1483 decuplo
1089 1433 1248 1483 amplius
1275 1430 1529 1471 Exa&oribus
1547 1430 1794 1483 pendendum
1812 1429 1884 1470 sit?
1914 1430 1980 1470 Ob
1999 1428 2059 1468 ist·
2108 1432 2110 1483 ,ᾗ

258 1499 341 1538 haec
357 1494 603 1537 incommoda
621 1502 797 1545 ternpore
816 1491 931 1543 Regis
961 1491 987 1542 ζ
988 1489 1027 1545 c)
1059 1490 1212 1543 joannis
1236 1491 1403 1530 Secundi
1426 1493 1462 1529 in
1483 1491 1661 1529 comitiis
1681 1489 2060 1540 Guadalajarensibus
2108 1496 2111 1529 t

258 1556 428 1597 Castellae
444 1555 621 1606 Regnum
656 1552 793 1604 sponte
813 1552 851 1590 in
881 1550 1083 1589 subsidium
1114 1551 1253 1588 obtulit
1284 1560 1438 1589 centum
1465 1548 1503 1587 δε
1533 1550 1802 1601 quinquaginta
1814 1548 2061 1588 Ducatorum
2109 1546 2111 1595 ᾗ

255 1618 388 1663 millia,
418 1626 463 1653 ea
488 1623 616 1652 tamen
642 1610 892 1658 conditione,
926 1618 970 1647 ut
993 1620 1113 1660 penes
1130 1608 1251 1660 ipsum
1271 1607 1393 1650 effent
1411 1616 1662 1660 acceptorum
1679 1607 1717 1648 δε
1738 1608 1992 1661 expensorum
2019 1609 2064 1647 li-
2109 1600 2110 1618 ³

256 1677 336 1725 bri,
365 1685 445 1726 quo
464 1670 638 1712 constare
671 1668 819 1722 posset,
849 1667 942 1720 quid
972 1669 1011 1707 in
1039 1679 1265 1707 communes
1296 1668 1383 1708 usus
1422 1669 1626 1717 collatum,
1656 1667 1694 1707 &
1723 1679 1803 1719 quo
1842 1667 1963 1708 modo
1992 1668 2062 1707 im·
2108 1674 2109 1677 ’

256 1735 415 1790 pensum
431 1731 687 1781 fuisset,.nec
713 1740 847 1768 eorum
875 1728 1159 1780 permitteretur
1186 1728 1362 1777 arbitrio,
1393 1729 1459 1778 qui
1496 1728 1548 1767 ob
1573 1728 1799 1780 pupillarem
1824 1727 1941 1781 Regis
1972 1737 2064 1766 aeta-
2108 1731 2109 1776 ᾗ

254 1806 334 1836 tem
362 1793 488 1845 Regni
515 1793 682 1831 habenas
714 1787 1024 1832 moderabantur.
1083 1786 1230 1827 Eadem
1264 1787 1313 1827 de
1354 1787 1461 1827 causa
1492 1787 1671 1840 Regnum
1697 1786 1864 1828 Francia:
1886 1786 2062 1827 Henrico

258 1854 439 1895 Secundo
462 1851 687 1904 proposuit,
717 1859 760 1888 ut
783 1849 1013 1888 tributorum
1037 1846 1248 1886 ExaEtores
1266 1857 1486 1895 amoveret,
1516 1847 1785 1900 pollicentibus
1805 1846 1961 1887 subditis
1976 1858 2064 1898 per·
2094 1853 2109 1877 Χῖ

258 1916 446 1956 soluturos
477 1913 539 1959 se,
569 1912 789 1959 ubicunque
827 1907 905 1959 ipse
937 1908 1081 1954 vellet,
1112 1905 1218 1958 quod
1244 1908 1283 1946 in
1314 1907 1484 1958 sumptus
1509 1909 1634 1960 regios
1660 1908 1871 1955 sufficeret3
1902 1908 1940 1947 &
1971 1908 2061 1946 licet
2108 1900 2110 1933 l

258 1973 355 2015 istud
377 1972 485 2011 initio
507 1969 610 2009 haud
633 1968 872 2019 displiceret,
900 1977 980 2005 non
1004 1963 1163 2005 defuere
1193 1976 1320 2004 tamen
1345 1965 1479 2017 postea
1515 1966 1724 2006 Confiliarii
1741 1996 1755 2014 ‚
1783 1968 1848 2018 qui
1872 1968 1924 2006 ob
1947 1968 2061 2006 ratio·
2107 1955 2109 2003 ἶ

257 2047 325 2076 nes
348 2030 530 2084 quasdam
548 2036 776 2081 apparentes
797 2025 836 2065 id
857 2024 1121 2065 diffuaderent.
1181 2025 1243 2064 Ad
1273 2025 1373 2064 idem
1402 2024 1493 2064 illud
1523 2037 1603 2065 non
1627 2025 1742 2065 semel
1770 2025 1941 2065 Castellae
1963 2038 2061 2076 quo·
2107 2034 2109 2078 ξ

259 2106 335 2146 que
364 2093 498 2143 Regna
517 2088 591 2128 sese
618 2088 861 2134 obtulerunt,
891 2084 1009 2124 imino
1041 2085 1078 2124 &
1099 2084 1147 2124 ad
1170 2096 1326 2124 omnem
1352 2085 1431 2124 aeris
1452 2086 1562 2124 alieni
1580 2083 1863 2124 dissolutionem
1881 2114 1894 2133 ,
1921 2084 2061 2125 verum

257 2154 465 2207 judicatum
497 2147 591 2198 fuit,
619 2146 758 2186 cedere
788 2146 826 2184 in
849 2145 1155 2185 imminutionem
1192 2143 1426 2183 auetoritatis
1452 2143 1606 2195 Reg5ae,
1636 2144 1666 2183 fi
1699 2145 1751 2183 illi
1778 2143 1936 2185 Tutoris
1969 2146 2061 2184 loco
2107 2165 2109 2190 3

257 2215 436 2265 Regnum
451 2207 565 2257 effet,
595 2206 633 2246 &
655 2206 753 2245 hanc
774 2204 891 2256 ipsam
924 2202 1154 2256 potestatem
1175 2204 1349 2255 periculo
1373 2214 1454 2243 non
1472 2213 1612 2242 carere.
1674 2201 1912 2243 Verillimam
1933 2213 2061 2245 tamen
2107 2208 2109 2216 *

258 2273 405 2314 causam
426 2271 527 2309 illam
551 2266 707 2319 judico,
737 2263 844 2316 quod
863 2265 1091 2316 plerumque
1111 2260 1194 2303 fere
1215 2264 1270 2302 rei
1287 2263 1514 2313 pecuniariae
1539 2262 1710 2313 curatio,
1739 2263 1778 2303 &
1804 2263 1955 2304 occasio
1981 2273 2062 2305 tam
2107 2258 2109 2296 ἑ

258 2341 479 2385 opportuna
503 2328 645 2368 multos
665 2323 808 2364 ditandi
831 2322 928 2377 aegre
948 2321 1155 2363 emanibus
1179 2321 1404 2363 dimittatur.
1462 2319 1682 2362 Audoritas
1707 2321 1892 2375 Priucipis
1914 2335 1994 2363 non
2022 2325 2064 2364 in

259 2388 579 2432 administratione
602 2387 748 2426 suarum
780 2395 901 2436 opum
932 2381 1120 2430 consistit,
1149 2381 1270 2422 sedin
1301 2393 1370 2430 eo,
1400 2380 1506 2433 quod
1528 2382 1645 2421 multa
1677 2381 1874 2433 possideat.
1960 2381 2062 2423 Non

259 2444 383 2493 minus
412 2446 697 2488 existimationis
718 2444 791 2483 siiae
806 2446 972 2483 retinens
998 2450 1087 2482 erat‘
1100 2442 1333 2494 Respublica
1352 2441 1550 2490 Romana,
1579 2452 1692 2492 qnam
1719 2443 1794 2481 ulla
1822 2441 1914 2491 alia,
1942 2440 1982 2482 δε
2006 2451 2061 2482 ta-

258 2524 348 2553 men
367 2510 418 2549 ob
442 2510 573 2559 ingens
590 2504 680 2544 illud
700 2515 796 2543 onus
813 2500 976 2556 cogendi
996 2503 1178 2554 pecunias
1205 2502 1413 2553 praecepit,
1443 2510 1487 2540 ut
1515 2500 1602 2554 ipsae
1620 2500 1834 2541 Provinciae
1852 2502 1917 2541 sua
1942 2501 2062 2542 admi·

256 2571 455 2613 nistrarent
484 2568 624 2606 tributa
649 2565 687 2604 δι
724 2564 971 2616 colligerent;
1000 2573 1127 2614 neque
1156 2561 1254 2601 vero
1285 2559 1375 2601 ideb
1401 2560 1599 2600 intermisit
1625 2562 1664 2601 in
1696 2561 1825 2602 officio
1857 2562 2061 2603 continere

256 2629 500 2683 Magistratus
515 2658 527 2675 ‚
554 2636 596 2666 ut
620 2625 697 2665 fine
717 2624 871 2663 avaritia
893 2621 931 2662 &
947 2622 1171 2663 crudelitate
1193 2623 1253 2661 illa
1273 2619 1452 2661 collectio
1478 2619 1612 2669 fieret,
1642 2633 1716 2672 qua
1740 2622 1780 2661 in
1815 2633 1858 2662 re
1880 2621 2060 2663 Tiberius

258 2688 430 2745 apprime
457 2687 613 2739 diligens
641 2683 715 2739 (d)
745 2682 831 2723 fuit.
891 2681 991 2723 Sane
1016 2681 1200 2723 modestia
1219 2683 1256 2721 in
1274 2692 1354 2720 uno
1375 2682 1503 2733 aliquo
1528 2680 1672 2722 tributo
1690 2680 1882 2736 exigendo
1913 2682 2058 2736 obligat

258 2750 454 2797 subditoS,
483 2757 527 2787 ut
548 2744 649 2786 ultro
673 2745 712 2783 in
729 2744 838 2797 plura
862 2740 932 2783 alia
959 2741 1151 2797 largienda
1171 2741 1420 2787 consentiant,

272 2941 1546 2960 fflfflfflp*

363 3008 589 3061 (a)P0pulum
606 3019 718 3044 meum
732 3006 914 3044 exarlores
925 3002 987 3051 stu·
997 3001 1256 3057 spoliaverunt.
1284 3002 1359 3040 Isai.
1387 3015 1420 3048 3.
1455 3015 1512 3041 12.
1564 3004 1625 3051 (b)
1652 3007 1773 3041 Portus
1800 2998 1924 3052 nostros
1948 3004 2058 3039 nmis
2104 3004 2106 3018 ‘

259 3065 405 3103 veniens
420 3075 486 3098 non
509 3056 695 3114 pavcstas,
719 3069 761 3095 ut
783 3069 915 3096 certum
941 3057 1065 3094 nautis
1077 3054 1180 3109 pfft
1200 3053 1258 3103 effi
1284 3052 1535 3107 naufragium.
1549 3053 1590 3105 si
1607 3067 1732 3093 manus
1752 3066 1818 3090 non
1842 3053 2056 3091 incurrerint
2104 3053 2106 3089 ἰ

257 3116 495 3169 exigentium,
520 3125 601 3166 quos
614 3109 824 3164 frequenter
835 3110 913 3163 plus
925 3106 1089 3162 affligunt
1122 3107 1271 3149 damna.
1293 3119 1400 3160 quam
1412 3105 1525 3153 silent
1549 3107 1684 3145 nudare
1707 3101 1921 3157 naufragia.
1949 3105 2060 3144 Casii<
2104 3133 2105 3142 ,

261 3171 321 3206 od.
342 3170 366 3205 1.
392 3182 428 3216 4.
448 3169 485 3205 ὅ(
508 3178 563 3211 ¹9-
618 3165 681 3210 (c)
709 3164 799 3200 Mar.
814 3162 904 3200 Hist.
925 3162 1023 3213 Hisp.
1039 3162 1060 3203 l,
1089 3174 1144 3206 ¹9·
1164 3173 1195 3198 c.
1213 3177 1249 3207 7.
1303 3161 1370 3209 (d)
1397 3164 1450 3197 Ne
1474 3161 1659 3198 Provincia
1680 3158 1782 3196 novis
1805 3155 1961 3195 oneribus
1981 3168 2055 3196 tur·

259 3219 446 3260 barentum
468 3230 581 3272 -nequc
606 3225 734 3255 vetera
756 3214 826 3261 (ine
852 3216 1025 3254 avaritia
1045 3222 1111 3251 aut
1134 3211 1344 3252 crudelitate
1358 3209 1642 3265 ,Magistratuum
1660 3209 1867 3250 tolerarent.
1893 3210 2009 3248 Tacit.
2032 3211 2054 3247 l.
2104 3220 2105 3260 j

264 3287 301 3322 4.
329 3273 457 3309 Annal.

1928 2840 2056 2883 SYM-
2131 2837 2132 2904 ζ
