2132 3730
452 243 1428 286 SYMBOLAPOLITJCA.
1760 259 1843 299 325

0 362 9 377 .,
49 332 153 371 bello
170 330 190 369 a
218 329 400 367 Romanis
425 337 611 379 accepta,
640 342 742 381 quam
765 329 978 379 tropliaeum
1005 329 1096 368 illud
1119 359 1132 378 ‚
1162 328 1267 378 quod
1309 329 1560 373 Germanicus
1598 327 1620 368 e
1641 329 1842 369 rebellium

0 379 4 417 l
46 389 331 430 provinciarum
359 387 484 438 spoliis
505 397 677 426 erexerat
695 416 708 436 ,
739 387 846 427 dolore
863 388 912 432 ὅ)
926 385 1138 438 imiadfecit.
1198 387 1296 428 Non
1314 390 1455 428 oblitus
1476 388 1548 428 fuit
1564 389 1747 440 praecepti
1770 387 1843 427 isti-

0 444 7 503 ᾖ
46 461 92 489 us
110 449 140 487 F
142 446 367 488 erdinandus
384 447 480 486 Dux
506 446 676 486 Albanus
692 477 702 495 ,
735 447 887 498 quando
905 447 1059 487 statuam
1078 447 1272 500 publicam
1295 449 1500 489 rebellibus
1518 450 1611 501 poni
1625 448 1740 501 juffit;
1768 459 1844 487 nec

0 505 9 573 ξ
45 507 138 548 illud
168 506 418 546 intermisilset
435 536 448 555 ,
477 508 722 558 quantumvis
749 517 813 546 aut
829 507 984 560 legisset,
999 518 1063 547 aut
1080 507 1301 553 audivisset,
1333 507 1407 562 (a)
1425 506 1563 562 Jalmm
1579 509 1720 549 Civilem
1737 507 1758 547 a
1775 507 1846 546 Vi-

43 568 152 607 tellio
172 566 408 618 Imperatore
441 568 574 606 mortis
584 567 733 617 periculo
757 574 940 619 exemptum
946 575 1188 619 praepotentem
1207 569 1297 606 infer
1321 569 1483 608 Batavos
1497 599 1508 617 ,
1538 565 1745 620 nesttppllcio
1771 569 1845 622 ey'us

33 624 144 678 ferox
161 639 246 679 gens
258 626 495 675 alieuaretur3
526 628 617 678 quin
642 626 762 666 immo
781 629 897 680 magis
927 629 1057 666 utilem
1085 626 1170 666 sore
1190 627 1375 678 judicavit
1397 628 1565 667 severam
1590 630 1750 679 aliquam
1772 628 1848 666 ani-

44 686 373 735 madverfionem,
404 699 488 737 quae
512 696 640 726 tamen
655 686 829 726 seditioni
850 687 972 726 ansam
986 699 1065 726 non
1091 686 1196 725 dedit
1218 717 1230 735 ,
1251 687 1314 726 sed
1332 686 1514 738 apostasia
1533 687 1663 739 potius
1680 689 1727 726 ab
1748 689 1851 726 avita

44 745 243 785 Catholica
263 744 340 786 fide
362 776 374 795 ‚
405 747 650 798 quantumvis
668 745 820 798 quidam
837 746 1028 786 seditionis
1049 745 1224 785 auetores
1243 749 1411 798 priorem
1426 749 1525 787 illam
1543 747 1690 786 causam
1714 748 1842 787 obten·

46 806 169 845 derint
186 835 197 853 ‚
228 805 275 845 ad
297 807 513 848 irritandam
538 806 721 846 videlicet
753 807 938 858 optimam
966 807 1067 846 illam
1086 816 1240 867 gentem
1259 837 1272 855 ,
1301 816 1344 846 ut
1368 806 1389 845 a
1413 809 1572 847 naturali
1587 806 1648 846 sua
1665 806 1851 847 fidelitate

44 864 241 905 deficeret.

199 925 234 976 §.
268 925 351 963 Alia
370 923 423 963 est
442 923 704 965 inobedientia
729 955 740 974 ,
771 938 855 976 quae
881 937 931 966 ex
952 925 1066 965 nimia
1091 925 1252 976 quadam
1275 924 1582 978 promptitudine
1602 955 1614 974 ‚
1644 934 1709 964 aut
1732 924 1852 964 fideli-

41 994 124 1024 tate
147 985 270 1024 minus
288 984 525 1024 considerata
554 986 716 1024 nascitur
737 1015 749 1034 ,
779 987 817 1024 in
850 998 929 1036 quo
954 985 1040 1024 casu
1063 986 1234 1038 benignis
1257 998 1356 1037 opus
1384 985 1437 1025 est
1464 985 1597 1025 mediis
1613 1017 1624 1034 ,
1649 994 1692 1023 ut
1716 985 1854 1024 subditi

43 1045 82 1086 in
102 1046 202 1085 viam
222 1055 468 1084 revocentur.
529 1044 688 1084 Itafecit
700 1044 865 1096 Joannes
882 1044 1082 1084 Secundus
1097 1047 1296 1098 Aragoniae
1312 1046 1399 1085 Rex
1415 1047 1452 1085 in
1469 1045 1656 1086 seditione
1673 1045 1853 1084 Barcino-

42 1105 148 1145 nensi
180 1106 231 1144 ob
257 1116 419 1144 mortem
450 1101 515 1143 filii
534 1104 586 1143 sui
610 1104 793 1157 Principis
828 1104 956 1144 Caroli
984 1115 995 1149 ε
1028 1104 1123 1145 datis
1146 1107 1248 1144 enim
1273 1104 1319 1144 ad
1347 1107 1544 1145 civitatem
1576 1106 1692 1146 literis
1710 1135 1722 1153 ‚
1745 1104 1855 1146 testa-

44 1177 106 1203 tus
128 1163 203 1214 est,
224 1176 419 1215 nunquam
430 1163 466 1204 se
492 1163 560 1203 nisi
580 1165 797 1204 necessitate
823 1164 1002 1204 coactum
1023 1166 1203 1205 violentis
1229 1166 1379 1204 usurum
1398 1165 1600 1215 remediis,
1631 1164 1751 1204 immo
1774 1174 1855 1205 tan-

44 1236 159 1274 quam
183 1223 282 1264 filios
310 1224 347 1264 se
373 1226 479 1264 cives
507 1224 722 1264 habiturum
748 1256 759 1273 ‚
791 1224 819 1264 si
841 1225 1114 1275 resipiscerent.
1177 1224 1307 1264 lhstaec
1330 1225 1563 1277 benignitas,
1583 1225 1619 1264 &
1640 1226 1854 1264 communis

43 1285 169 1323 veniae
196 1285 424 1335 pollicitatio
458 1284 505 1323 ad
529 1283 790 1324 obedientiam
806 1297 873 1322 eos
895 1285 1059 1324 reduxit.
1122 1284 1282 1336 Semper
1304 1286 1341 1324 in
1359 1285 1534 1336 Principe
1564 1286 1715 1324 elucere
1738 1283 1855 1324 debet

44 1342 218 1394 quaedam
239 1342 286 1382 ad
310 1345 461 1381 veniam
490 1343 699 1393 propensio
719 1357 727 1381 :
760 1356 847 1382 nam
872 1344 899 1382 si
920 1345 1017 1382 illius
1044 1344 1127 1394 spes
1158 1344 1254 1383 desit
1272 1374 1284 1393 ,
1315 1344 1546 1384 obstinatum
1567 1344 1634 1384 fiet
1657 1343 1851 1383 delictum.

44 1403 111 1442 Ob
128 1403 228 1443 hanc
244 1402 392 1442 causam
422 1401 651 1440 Valentinus
677 1431 689 1449 ,
736 1403 937 1440 concitatis
962 1402 1008 1439 ad
1048 1403 1300 1442 rebellionem
1328 1403 1619 1443 Trevirensibus
1641 1433 1653 1450 ,
1684 1403 1853 1455 Legatos

43 1463 244 1503 Romanos
266 1462 364 1513 juffit
383 1459 572 1510 interfici,
607 1459 675 1516 (b)
706 1474 770 1514 quo
785 1462 910 1500 minore
930 1463 1035 1500 venia
1048 1458 1209 1510 crcsteret
1228 1462 1400 1501 vinculmn
1410 1459 1557 1512 steleris.
1621 1462 1795 1502 Vertitur
1819 1464 1858 1501 in

44 1523 349 1575 desperationem
370 1521 504 1560 seditio
522 1549 534 1569 ,
566 1521 631 1559 ubi
645 1520 787 1560 nullam
801 1522 956 1573 gratiam
978 1520 1126 1572 sperare
1148 1522 1259 1571 licet,
1278 1523 1503 1573 maluntque
1524 1522 1700 1562 homines
1722 1520 1855 1561 faCtio·

43 1583 73 1624 fi
94 1583 254 1634 periculi
288 1582 443 1620 interire
475 1580 649 1619 manibus
671 1609 683 1627 ‚
714 1592 829 1631 quam
847 1578 1045 1619 carnificis.
1132 1579 1198 1619 Ob
1225 1592 1317 1631 quas
1341 1583 1507 1621 rationes
1526 1583 1570 1621 iis
1598 1584 1711 1622 etiam
1736 1583 1858 1633 parci-

44 1653 128 1681 tum
155 1641 228 1681 fuit
249 1672 261 1690 ,
292 1643 356 1693 qui
379 1637 528 1679 Vitellii
549 1640 720 1692 partibus
743 1639 996 1688 adhaeserant,
1025 1652 1066 1679 ue
1087 1639 1268 1679 videlicet
1276 1636 1418 1690 sublata
1430 1637 1491 1691 spe
1523 1643 1636 1681 veniae
1658 1673 1671 1690 ,
1692 1643 1855 1693 pertina-

43 1704 96 1742 cia
107 1701 382 1741 m·cencl:21··entm·.
423 1699 507 1739 Tali
533 1701 647 1740 animi
665 1698 927 1752 magnitudine
942 1700 997 1738 uti
1017 1697 1169 1738 necesse
1183 1697 1259 1748 est,
1278 1699 1433 1751 quando
1456 1699 1643 1753 delinquit
1663 1704 1856 1740 concitata

45 1761 274 1808 multitudo,
285 1759 487 1812 quomodo
499 1759 630 1800 feciffe
642 1760 884 1800 meminimus
893 1759 1043 1812 Regem
1053 1757 1084 1797 F
1085 1758 1335 1799 erdinandum
1349 1758 1530 1799 Sanctum
1546 1763 1585 1800 in
1594 1759 1764 1800 Castellae
1774 1773 1852 1801 mo-

45 1822 173 1871 tibus,
201 1821 239 1861 &
263 1821 509 1860 observatum
526 1819 565 1859 id
582 1819 656 1859 fuit
676 1821 715 1859 in
732 1819 908 1859 Comitiis
919 1818 1298 1869 Guadalajarenfibus
1317 1821 1556 1871 temporibus
1576 1821 1692 1873 Regis
1703 1819 1859 1872 Joannis

43 1882 188 1932 Primi,
212 1880 368 1933 quando
387 1880 474 1920 data
484 1879 635 1920 fuitillis
645 1880 855 1930 venia‚qui
867 1880 904 1918 in
917 1879 1021 1918 bello
1032 1888 1166 1918 contra
1176 1877 1409 1918 Lusitaniam
1418 1879 1543 1932 Regni
1554 1881 1650 1920 illius
1666 1890 1793 1931 partes
1807 1881 1862 1920 sem

45 1944 126 1981 cuti
143 1941 305 1984 fuerant.
367 1939 489 1993 Quod
518 1940 544 1979 si
563 1939 744 1992 Princeps
766 1940 869 1978 suam
888 1937 1097 1990 perdiderit
1128 1937 1444 1978 existimationem
1461 1970 1472 1987 ,
1503 1949 1568 1979 aut
1591 1939 1694 1992 apud
1714 1940 1800 1979 suos
1819 1942 1858 1978 in

46 2010 279 2052 contemptu
313 1999 429 2039 suerit
448 2029 459 2048 ,
490 2001 529 2039 in
546 2011 596 2038 eo
614 2000 700 2038 casu
723 1998 849 2038 fateor
868 2028 879 2046 ‚
911 2010 1044 2050 parum
1060 1997 1305 2049 profuturam
1330 1998 1604 2050 benignitatem
1618 2009 1633 2051 3
1663 1999 1783 2039 immo
1816 2001 1857 2039 il-

45 2064 81 2101 la
99 2061 176 2113 ipsa
198 2062 312 2100 etiam
332 2059 501 2099 remedia
514 2091 525 2108 ‚
558 2071 643 2110 quae
663 2061 760 2099 mala
782 2058 972 2109 ejusmodi
992 2069 1123 2097 curare
1141 2057 1381 2106 debuerant,
1412 2060 1528 2109 magis
1548 2061 1608 2099 illa
1625 2061 1860 2107 exulcerant,

47 2122 86 2160 &
102 2120 315 2172 perniciosa
339 2119 530 2160 reddunt:
550 2120 617 2157 ubi
635 2120 737 2158 enim
759 2120 914 2170 perierit
932 2116 1156 2165 ειυᾶὶοτίῑειε,
1188 2130 1261 2156 nec
1276 2130 1399 2169 poenae
1412 2119 1653 2158 severitatem
1678 2119 1860 2171 Princeps

47 2183 146 2221 tueri
171 2180 318 2232 poterit
342 2209 354 2226 ‚
386 2190 459 2218 nec
480 2180 658 2217 timorem
682 2179 877 2225 incutere,
897 2187 962 2216 aut
987 2178 1208 2228 exemplum
1227 2178 1264 2216 in
1289 2177 1484 2217 seditiosos
1518 2177 1680 2218 statuere
1702 2191 1714 2225 3
1745 2188 1861 2230 atque

47 2240 149 2281 adeo
167 2238 424 2279 incommodis
444 2237 584 2278 cedere
606 2247 764 2290 oportet
780 2269 790 2286 ,
821 2237 858 2276 &
881 2236 1102 2288 prudenter,
1121 2247 1304 2288 quantum
1323 2236 1403 2276 fieri
1425 2237 1573 2289 potest,
1605 2239 1746 2277 artibus
1766 2250 1859 2277 con-

46 2302 213 2352 filiisque
230 2298 478 2339 factiosorum
496 2298 653 2337 obviam
674 2300 752 2349 ire3
783 2306 826 2336 ut
847 2296 941 2336 fecit
969 2296 1125 2336 Vocula
1143 2325 1155 2343 ,
1186 2309 1274 2336 cum
1293 2298 1391 2336 vires
1419 2297 1485 2337 sibi
1505 2297 1631 2338 deess'e
1651 2298 1859 2337 videretad

48 2360 284 2400 coercendas
305 2360 580 2399 tumultuantes
599 2356 672 2412 (d)
701 2358 908 2410 Legiones.
979 2356 1153 2397 Eandem
1179 2358 1231 2396 ob
1257 2357 1403 2397 causam
1425 2359 1511 2398 Rex
1530 2358 1695 2410 joannes
1716 2359 1854 2397 Secun-

50 2421 258 2473 dusRegni
275 2422 487 2468 Primores,
518 2430 616 2469 quos
638 2420 816 2471 captivos
841 2418 1022 2466 tenebat,
1051 2417 1215 2456 libertati
1237 2416 1405 2457 restituit.

230 2478 267 2530 §.
296 2478 389 2518 Nec
413 2481 499 2532 plus
531 2479 645 2520 etiam
665 2476 842 2530 prodesse
864 2479 986 2517 solent
1002 2478 1130 2530 gratiae
1144 2477 1180 2517 &
1201 2477 1388 2516 beneficia
1405 2475 1451 2518 ad
1473 2476 1769 2529 componendos
1779 2476 1857 2517 Sta·

50 2547 113 2578 tus
129 2569 142 2587 ,
170 2537 200 2578 fi
217 2537 494 2579 conferantura
513 2538 690 2592 Principe
714 2569 726 2587 ,
757 2539 820 2589 qui
843 2536 1159 2576 existimationem
1185 2537 1285 2577 iiiam
1299 2538 1373 2585 jam
1400 2535 1585 2587 perdidit:
1614 2548 1701 2575 nam
1724 2539 1788 2587 qui
1815 2549 1860 2576 ea

54 2599 195 2650 accipit
213 2629 224 2647 ,
257 2607 322 2637 aut
341 2599 634 2651 pusillanimitati
654 2611 699 2639 ea
718 2598 850 2637 tribuit
868 2628 880 2646 ‚
909 2606 974 2636 aut
998 2596 1209 2636 rebellione
1230 2597 1268 2636 ἃ
1286 2599 1451 2636 tumultu
1473 2598 1569 2635 tueri
1600 2594 1668 2649 (e)
1701 2605 1857 2636 conten-

55 2659 113 2698 dit
132 2689 143 2707 ,
175 2658 212 2697 &
238 2659 430 2699 interdum
451 2660 564 2698 aliurn
585 2661 716 2710 quaerit
733 2658 880 2709 Regem
899 2688 910 2706 ,
941 2657 1046 2706 cujus
1064 2657 1279 2707 patrocinio
1299 2667 1343 2694 ea
1360 2654 1478 2706 porro
1498 2656 1724 2695 conservare
1734 2657 1855 2707 possit.

54 2719 113 2758 Ita
137 2716 265 2758 feciss‘e
286 2720 451 2758 vidimus
468 2749 480 2767 ‚
510 2720 575 2770 qui
594 2730 726 2758 contra
754 2718 904 2770 Regem
927 2717 1140 2756 Henricum
1171 2717 1361 2768 Quartum
1399 2715 1716 2765 conjuraverant:
1746 2715 1803 2755 isti
1818 2715 1860 2755 s1-

57 2777 214 2830 quidem
230 2779 342 2818 nullis
352 2790 520 2830 unquam
540 2778 636 2818 illius
655 2776 853 2819 beneficiis
868 2808 880 2827 ,
909 2777 1152 2829 quantumvis
1182 2777 1310 2815 multis
1339 2776 1560 2828 magnisque
1576 2805 1589 2826 ,
1619 2775 1804 2816 devinciri
1826 2776 1863 2818 se

55 2839 144 2892 paffi
165 2838 261 2884 sunt,

906 2936 1057 2978 Nnnn
1712 2936 1861 2989 §.Quo-

164 3102 227 3147 (a)
247 3100 396 3138 Tacinl.
410 3098 538 3137 2.Hist.
595 3097 662 3143 (b)
678 3097 762 3155 Tac.
780 3096 801 3132 l.
825 3109 859 3142 4.
878 3094 968 3131 Hist.
1023 3097 1080 3139 (c)
1108 3094 1206 3128 Idem
1222 3091 1307 3127 ibid.
1331 3144 1337 3149 .
1363 3090 1430 3139 (d)
1455 3089 1521 3149 Sed
1540 3091 1638 3152 vires
1656 3088 1707 3125 ad
1719 3092 1865 3127 coercen-

61 3152 145 3190 dum
159 3153 324 3194 deerant,
352 3146 632 3203 infrequentibus
650 3147 834 3200 infidzsque
853 3144 1051 3199 legzonzbus.
1122 3150 1218 3180 Inter
1240 3140 1418 3203 arqblguos
1437 3141 1568 3201 mzlrtes
1587 3155 1632 3183 Cf
1650 3141 1791 3179 occultos
1810 3141 1866 3180 ho-

47 3203 125 3256 stes
156 3207 319 3257 optimum
336 3205 354 3243 ὲ
363 3200 706 3259 praeftntibuslratus
721 3227 731 3241 ‚
759 3209 886 3237 mutua
901 3197 1168 3249 dgffimulatione
1183 3223 1192 3237 ,
1217 3195 1262 3238 όν
1280 3196 1404 3232 nsdem
1417 3221 1426 3235 ‚
1453 3191 1574 3283 {mbas
1585 3191 1790 3254 petebam-r,
1808 3210 1867 3232 ar-

63 3254 159 3293 tibus
175 3256 345 3309 graffim‘.
375 3257 522 3296 Tacit·l.
541 3270 576 3305 4.
587 3253 677 3291 Hist.
733 3253 797 3303 (e)
823 3250 928 3288 Nihil
938 3250 1010 3304 spei
1023 3278 1031 3292 ‚
1048 3252 1111 3297 nist
1127 3259 1191 3302 per
1207 3247 1392 3294 disc'ordias
1406 3245 1454 3283 ha
1475 3244 1592 3283 ebant.
1620 3247 1724 3283 Tacit
1739 3248 1822 3286 lum
1836 3262 1865 3285 1.

70 3310 200 3347 Annal-
