2132 3730
463 225 1447 278 SYMBOLAPOL-ITICA.
1798 230 1854 276 81‘

63 342 143 372 rata
174 327 406 370 subditorum
430 321 605 361 libertate
635 319 729 358 salus
750 314 955 368 imperii&
975 312 1215 354 conservatio
1240 311 1448 363 dependet.
1506 307 1604 350 Non
1618 311 1734 362 tnagis
1754 310 1858 350 secu-

1 375 3 383 *
63 404 126 431 rus
147 388 201 430 est
214 387 394 435 Princeps
409 383 471 422 ilie
482 411 494 430 ,
511 382 574 431 qui
590 379 788 432 potentior
803 405 816 425 ,
846 374 910 415 sed
932 378 996 426 qui
1016 372 1147 424 majori
1167 382 1254 410 cum
1271 373 1418 410 ratione
1431 372 1628 422 potentior
1638 368 1702 411 est.
1763 367 1856 408 Nec

64 453 194 491 minus.
212 446 423 498 supremam
448 442 599 481 obtinet
619 436 869 489 potestatem,
898 436 964 487 qui
985 431 1221 473 subditorum
1236 431 1317 481 jura
1326 439 1455 469 tuetur
1483 442 1527 470 ac
1545 430 1752 483 privilegia,
1771 440 1858 491 quae

0 498 4 534 ἶ
61 508 158 563 Justo
173 507 286 546 titulo
306 501 506 557 poffident.
566 497 780 540 Prudentiae
808 496 937 548 potius
958 493 1012 534 est
1029 492 1150 533 finere
1167 510 1179 539 ,ι
1209 500 1252 529 ut
1269 492 1312 530 iis
1332 489 1406 529 frui
1424 489 1461 529 δι
1477 491 1642 542 gaudere
1659 489 1854 543 poffintai·

63 571 177 611 beret
207 575 402 616 nunquam
421 562 523 602 enim
556 571 601 600 ea
626 557 809 610 Principis
825 552 1039 596 auctoritati
1057 551 1265 604 derogant,
1299 549 1368 590 nifi
1391 559 1456 589 aut
1476 549 1666 592 honorem
1684 551 1790 590 suum
1814 549 1860 588 iis

62 626 146 670 laedi
166 633 296 679 putet,
311 633 376 664 aut
395 634 441 662 ea
460 621 620 660 onmino
639 611 775 658 toliere
800 617 956 670 cogitet.
1016 612 1113 652 Satis
1141 609 1194 650 illi
1213 610 1259 650 fit
1280 609 1477 651 Coronam
1499 609 1600 650 suam
1621 608 1755 650 eidem
1773 617 1859 648 tue-

5 716 6 721 ,
63 683 318 739 ripotestate‚
337 680 413 736 qu&
431 680 604 732 Majores
621 678 736 731 ipsius
752 677 936 721 fecerant,
995 672 1088 713 Hoc
1110 672 1231 725 ipsum
1262 668 1367 710 forte
1390 669 1501 709 Deus
1520 682 1589 722 per
1612 667 1859 713 Ezechielem

61 747 255 799 Principes
271 750 431 786 monere
448 742 575 781 voluit
594 740 623 793 s
630 739 777 780 tametsi
793 739 831 778 in
847 737 920 777 alio
938 733 1078 786 sensu)
1099 732 1186 772 ciim
1197 733 1232 772 ei
1249 730 1365 771 dixit:
1382 728 1456 784 (a)
1469 730 1601 771 Corona
1616 737 1679 771 tua
1694 728 1858 770 circumli-

62 814 150 864 gata
154 805 204 860 fit
219 805 282 848 tibi
301 819 316 858 ‚-
344 803 374 846 s1
394 803 478 856 quis
494 813 583 842 eam
611 802 716 843 laxet
740 797 926 848 nimium,
952 796 989 836 ei
1004 792 1054 834 de
1070 794 1197 847 capite
1213 790 1327 833 facile
1349 789 1516 831 decidet.

192 2471 355 2527 ‚Justitiae
379 2484 515 2518 centro
529 2467 703 2515 Coronae·
718 2472 1026 2519 circumferentia
1046 2471 1211 2515 ducitur.
1270 2469 1514 2528 Neutiquam
1538 2469 1613 2515 hic
1631 2482 1732 2526 opus
1749 2469 1880 2521 foret,·

220 2534 250 2576 fi
269 2537 412 2590 absque
432 2539 493 2578 illa
514 2538 649 2576 vivete
668 2536 816 2583 ficeret,

259 2636 372 2691 Hac
396 2657 495 2690 una
520 2639 662 2708 Reges
677 2637 796 2691 olim
801 2635 928 2706 fimt
941 2629 1048 2704 fine
1076 2637 1254 2691 creatis*

257 2708 430 2761 Dicere
435 2712 524 2775 jus
546 2708 736 2790 populis
752 2745 772 2767 ‚
803 2706 1073 2779 injustaque
1095 2704 1253 2761 tollere
1256 2702 1408 2774 fhb't’a
1426 2742 1442 2765 ,

83 2829 113 2882 s
113 2828 159 2885 b)
194 2828 407 2886 Wetustffmi
426 2832 617 2872 mortalium
629 2860 641 2881 ,
668 2831 760 2873 nulla
783 2832 894 2874 adhuc
908 2830 998 2872 mala
1020 2830 1154 2872 libidine
1165 2861 1178 2881 ‚
1196 2829 1270 2882 fine
1274 2828 1404 2883 probro
1420 2859 1433 2879 ‚
1452 2824 1574 2880 stelere
1592 2858 1605 2878 ,
1620 2838 1721 2883 eoque
1723 2825 1801 2882 fine
1805 2835 1882 2881 poe-

85 2901 132 2930 na
152 2887 205 2936 ὃ)
219 2890 467 2932 cob‘rcitionibus
485 2891 658 2944 agebant‚·
684 2898 790 2948 'neque
797 2894 955 2946 proemiis
978 2899 1060 2944 opus
1075 2899 1174 2942 erat,
1201 2903 1274 2930 cum
1296 2885 1554 2944 honestafitopte
1580 2890 1708 2941 ingenio
1722 2895 1884 2940 peteren-

87 2956 150 2990 tur
175 2981 189 3000 ‚
219 2950 272 2996 &³
293 2949 353 2990 ubi
378 2950 461 2991 nihil
480 2958 598 2991 cmztra
624 2963 744 2993 morem
757 2960 916 3006 asperent
941 2982 953 3003 ,
982 2951 1054 2993 nhil
1065 2960 1134 3004 per
1157 2958 1280 2991 metum
1313 2949 1539 2990 vetabantur.
1596 2948 1780 2989 Attamen
1800 2957 1882 2986 cre-

89 3009 147 3048 vit
169 3011 351 3062 paulatim
377 3022 464 3050 cum
485 3009 616 3050 mundi
634 3020 743 3052 aetate
763 3013 914 3055 Malitia
934 3042 947 3061 ‚
979 3012 1016 3052 &
1040 3013 1250 3052 cautiorem
1276 3010 1460 3050 virtutem
1478 3006 1647 3049 reddidit
1663 3038 1677 3056 ,
1706 3019 1789 3059 quae
1812 3005 1886 3045 sm-

90 3078 177 3108 cera
203 3068 291 3110 aliis
308 3099 320 3118 ,
354 3070 390 3110 δι
407 3071 453 3110 ab
471 3073 575 3110 omni
603 3069 851 3114 sollicitudine
873 3074 992 3112 libera
1012 3073 1052 3112 in
1073 3072 1183 3112 terris
1209 3070 1443 3114 morabatur.
1519 3066 1705 3121 Pestquam
1726 3066 1887 3105 nimirum

90 3129 169 3168 exui
181 3129 363 3184 aequalitas
386 3161 398 3179 ‚
428 3128 480 3174 ἐξ)
496 3139 566 3183 pro
584 3128 739 3183 modestia
758 3145 796 3171 ac
807 3132 939 3184 pudore
958 3163 973 3182 ‚
1002 3132 1139 3174 ambitio
1156 3130 1208 3176 &⁹
1228 3132 1289 3171 vis
1307 3128 1479 3171 incedebat
1493 3159 1506 3179 ,
1525 3127 1721 3182 provenere
1736 3123 1885 3165 domina«-

988 3190 1026 3232 X
1556 3228 1557 3233 ,
1779 3185 1885 3225 tiones

1627 3264 1883 3280 m

188 3290 247 3336 (a)
260 3269 387 3327 Ezcch.
406 3303 467 3339 24.
491 3302 548 3338 17.
601 3269 1116 3340 W
