2132 3730
266 208 357 252 274
685 189 1032 235 DIDACI
1085 188 1620 237 SAAVEDRAE

264 291 411 322 nervos
441 281 540 319 bene
562 277 700 317 habeat
723 272 944 327 perspe6tos
972 275 1010 315 &
1040 284 1363 329 contemperatos-
1382 278 1482 317 inter
1509 277 1573 326 se,
1603 289 1815 334 caveatque
1847 280 1999 336 (quod
2027 283 2065 324 δι
2101 267 2104 309 s

264 343 305 383 in
327 341 407 394 ipso
424 339 516 379 Deo
531 336 751 376 observavit
771 332 845 389 (a)
873 332 1200 390 chrysostomus)
1217 349 1268 377 ne
1284 337 1487 377 severitate
1509 338 1656 388 aliqua,
1685 348 1752 379 aut
1779 341 1990 395 cupiditate
2010 343 2078 382 ni-·
2102 364 2104 391 ς

264 404 338 442 mis
365 398 526 439 adducat
549 397 787 442 claviculos3
831 407 918 435 nam
932 407 1075 435 nervus
1093 395 1206 436 etiam
1231 398 1531 449 probatiffimus‚
1559 396 1589 438 fi
1608 398 1768 439 nimium
1795 402 1962 443 intensus
1986 411 2067 442 non
2102 413 2105 448 ξ

266 461 474 513 rumpitur,
503 458 676 499 omnium
692 466 821 498 tamen
837 455 965 496 turbat
987 455 1256 506 concordiam,
1284 456 1325 496 δι
1347 457 1623 499 modulationis
1638 457 1862 504 suavitatem
1891 461 2065 517 impedit.
2104 450 2105 454 ¹

729 635 1371 706 SYMBOLUM
1411 634 1605 706 LXII.

393 2109 506 2162 PES,
537 2111 676 2163 quibus
706 2109 912 2164 plurimum
939 2106 1092 2152 Natura
1118 2110 1258 2162 ingenii
1284 2108 1322 2152 δε
1345 2105 1534 2152 industriae
1555 2108 1710 2159 tribuit,
1739 2106 1939 2151 artificium
1962 2106 2072 2150 suum

283 2111 366 2250 Α
423 2171 677 2214 constituendi
707 2171 823 2212 favos
840 2170 976 2212 callide
998 2180 1222 2224 contegunt.
1278 2170 1422 2211 Fervet
1449 2182 1571 2222 opus,
1602 2170 1640 2209 &
1668 2182 1787 2210 nemo
1815 2171 2075 2213 oeconomiam
2113 2168 2114 2213 l

353 2288 357 2293 A
421 2233 629 2276 earundem
651 2232 689 2272 &
707 2230 842 2272 statum
863 2241 1066 2285 penetrare
1090 2229 1237 2284 potest:
1266 2231 1373 2284 quod
1397 2231 1425 2270 fi
1449 2231 1533 2282 quis
1558 2229 1744 2270 curiosius
1770 2229 1985 2279 interdum,
2015 2226 2074 2269 ef·

258 2299 429 2340 formato
455 2296 593 2335 alveari
609 2294 760 2342 vitreo,
791 2305 878 2332 eum
903 2292 1000 2332 velit
1030 2292 1298 2343 introspicere,
1329 2286 1500 2342 undique
1531 2300 1617 2329 cera
1648 2288 1741 2329 illud
1773 2289 1998 2337 obducunt,
2029 2297 2075 2329 ut

259 2371 310 2399 ne
343 2356 538 2396 actionum
568 2353 716 2395 suarum
748 2349 1039 2393 domesticarum
1070 2350 1183 2391 testes
1209 2350 1248 2390 &
1274 2349 1508 2402 spectatores
1533 2347 1709 2389 habeant.
1767 2347 1806 2388 Ο
1836 2348 2073 2401 prudentem
2114 2356 2115 2385 ὲ

260 2415 580 2469 Rempublicatn‚
610 2411 741 2454 mundi
761 2412 1003 2465 Magistram!
1028 2411 1104 2462 jam
1130 2410 1275 2450 dudum
1299 2412 1338 2449 in
1366 2411 1576 2450 animantes
1608 2416 1743 2449 omnes
1770 2407 1989 2460 supremum
2018 2416 2078 2448 te·
2114 2452 2115 2458 χ

259 2489 371 2520 neres
390 2475 618 2528 Imperium,
636 2471 664 2513 fi
685 2471 1012 2525 quemadmodum
1031 2469 1260 2510 tibiNatura
1275 2481 1348 2522 pro
1364 2480 1429 2510 tua
1438 2466 1731 2510 conservatione
1750 2466 1920 2521 suggeffit
1932 2466 2076 2515 media,
2114 2473 2115 2514 ξ

260 2540 313 2578 ita
330 2539 429 2577 vires
453 2545 611 2587 quoque
627 2544 699 2586 pro
719 2534 959 2574 incremento
980 2542 1050 2572 tuo
1077 2527 1358 2583 suppeditaffet.
1417 2526 1577 2570 Discant
1593 2526 1614 2569 a
1630 2538 1670 2569 te
1693 2539 1829 2568 omnes
1845 2529 2075 2579 aliae,quan-
2114 2527 2115 2556 ἶ

260 2601 291 2639 ti
307 2597 353 2638 ad
372 2593 596 2637 felicitatem
620 2592 814 2646 publicam
838 2591 984 2633 intersit
1004 2594 1202 2633 occultum
1226 2589 1381 2643 aliquod
1397 2589 1607 2638 silentium,
1640 2585 1679 2628 δι
1705 2587 1893 2628 secretum
1914 2589 2075 2627 tacitum
2114 2617 2115 2632 2

262 2661 302 2699 in
326 2658 440 2698 rebus
456 2654 611 2709 agendis
650 2652 934 2702 statuendisve,
954 2660 1217 2705 quantumque
1243 2660 1407 2700 noceat,
1435 2646 1464 2690 sl
1493 2650 1691 2703 detegatur
1713 2647 1914 2688 artificium
1930 2647 1969 2687 &
1984 2659 2077 2699 pro-

262 2719 403 2758 dantur
420 2715 458 2757 in
480 2726 653 2769 apertum
674 2715 811 2767 regulae
829 2711 1134 2767 gubernationis:
1154 2710 1482 2766 negotiationes&
1498 2708 1678 2751 tractatus
1690 2736 1703 2758 ‚
1729 2706 1887 2748 consilia
1902 2719 1948 2747 ac
1965 2706 2074 2755 fines,
2113 2705 2115 2754 ξ

262 2779 360 2819 mala
384 2777 421 2815 &
441 2775 678 2816 infirmitates
697 2777 897 2815 interiores
928 2774 1180 2826 Reipublicae.
1239 2767 1279 2811 Si
1304 2772 1403 2811 hanc
1433 2783 1550 2823 apum
1575 2765 1818 2823 prudentiam
1846 2762 2077 2807 consideras-
2114 2778 2115 2789 ³

263 2837 319 2878 set
336 2848 424 2876 curn
450 2838 577 2876 animo
596 2837 663 2875 suo
689 2835 836 2874 Drusus
849 2832 1066 2884 Tribunus,
1095 2842 1184 2873 cum
1203 2829 1490 2872 Architecstusei
1507 2831 1775 2885 polliceretur,
1805 2830 1856 2868 ita
1876 2828 1913 2867 se
1936 2824 2076 2865 aedium
2114 2828 2117 2850 ³

262 2895 445 2939 fenestras
464 2894 751 2947 dispositurum,
786 2906 827 2935 ut
842 2896 985 2936 nemini
1005 2906 1072 2947 per
1088 2905 1151 2934 eas
1169 2892 1415 2944 introspicere
1436 2893 1589 2940 liceret,
1614 2900 1695 2930 non
1719 2890 1824 2928 hunc
1849 2889 1888 2926 in
1913 2884 2078 2926 modum
2112 2927 2113 2931 ,

263 2954 532 3009 respondisset:
563 2954 636 3010 (h)
672 2957 719 2996 Ίῑι
739 2970 843 3005 vero,
862 2954 900 3007 fi
911 2955 996 3009 quid
1011 2958 1046 2995 in
1073 2962 1106 2994 te
1131 2956 1223 2994 artis
1243 2951 1289 3006 cst
1303 2983 1316 3002 ,
1343 2953 1396 3008 im
1422 2959 1571 3004 compone
1600 2949 1729 2990 domum
1756 2959 1880 2995 meam,
1910 2952 1950 2985 ut
1979 2940 2078 2998 quid·

263 3015 350 3072 quid
369 3028 467 3068 agam
485 3017 530 3056 ab
548 3014 694 3056 ommibus
711 3014 972 3069 perspicipoffit.
1035 3016 1260 3066 [arrogantia
1277 3013 1359 3052 haec
1378 3010 1452 3052 fuit
1470 3011 1583 3053 animi
1605 3011 1726 3063 aperti
1748 3008 1786 3047 δε
1815 3005 1990 3058 ingenui,
2010 3014 2076 3044 aut
2113 3038 2116 3058 λ

265 3076 500 3119 confidentia
514 3077 679 3117 hominis
699 3076 863 3129 privati,
881 3088 962 3116 non
983 3071 1150 3115 Ministri
1167 3071 1321 3124 alicujus
1340 3071 1507 3125 publici,
1537 3082 1665 3123 neque
1680 3067 1862 3118 Principis
1874 3096 1888 3116 ,
1907 3069 1947 3107 in
1969 3064 2077 3115 cujus
2112 3096 2114 3098 .

2009 3134 2077 3176 pa·

473 3198 525 3207 ...—

365 3235 428 3281 (a)
457 3239 576 3286 Neque
589 3243 740 3269 nervum
764 3232 940 3272 intendit,
963 3245 1070 3284 neque
1084 3230 1242 3268 remittit
1255 3228 1525 3276 ultramodum,
1548 3241 1592 3266 m
1614 3225 1803 3265 harmonia
1813 3233 2012 3264 concentum
2022 3223 2073 3262 la·
2113 3211 2114 3237 ¹

267 3284 346 3323 dat.
366 3287 490 3334 Chrys.
544 3286 611 3336 (b)
637 3285 732 3323 Vell.
755 3286 871 3321 Pater„
892 3284 952 3322 lib,
977 3299 1011 3322 ιε
