2132 3730
297 254 378 297 135
782 240 1130 283 DJDACJ
1183 242 1717 287 SAAVEDRAE·

290 335 518 386 potent50r3
546 326 689 380 Justitia
712 326 813 364 enim
829 325 928 364 inter
945 324 1139 377 Principes
1164 324 1213 364 ad
1241 326 1403 366 tribunal
1419 325 1649 367 ordinarium
1676 329 1888 382 confugere
1913 341 1994 370 non
2014 343 2085 382 po-

289 392 376 440 test;
398 391 461 432 sed
479 393 517 429 in
539 384 765 426 au&oritate
784 384 822 423 &
835 385 1012 437 potentia
1028 383 1206 436 Supremi
1226 385 1318 426 illud
1338 387 1498 428 invenit.
1558 386 1603 427 In
1623 388 1688 427 tali
1704 389 1789 428 casu
1809 390 1977 440 tyrannis
1987 402 2088 441 quae-

291 453 378 492 dam
394 452 464 490 erit
480 478 493 496 ,
524 444 646 485 otiose
673 442 843 497 spectare
861 443 1031 494 tantum,
1060 443 1100 484 δε
1117 445 1249 484 locum
1275 444 1365 486 dare
1385 445 1436 486 illi
1456 448 1624 499 politicae
1641 477 1654 497 ‚
1685 459 1769 498 quae
1783 449 1877 489 alios
1892 448 2087 501 Principes

289 509 459 551 exerceri
492 514 673 558 exoptat,
703 513 747 544 ut
769 503 905 544 eorum
933 502 1220 545 dissensionibus
1241 505 1319 556 ipsa
1354 506 1520 547 securior
1544 506 1591 547 sit
1608 536 1621 555 ,
1649 516 1718 547 aut
1736 508 1948 549 eorundem
1970 510 2086 549 ruinis

289 570 471 620 majorem
489 565 558 606 fibi
578 563 785 605 fabricetur
806 562 1013 604 fortunam.
1071 563 1176 605 Nam
1203 563 1398 616 supremus
1422 567 1485 605 ille
1511 568 1742 607 internarum
1761 570 1898 609 mentis
1914 568 2088 608 affefflo-
2127 564 2129 567 ’

285 640 377 671 num
393 625 515 678 judex
529 625 567 666 &
581 625 720 666 arbiter
730 622 958 664 severissime
978 625 1057 664 illas
1081 623 1259 677 castigare
1270 623 1343 678 (a)
1359 625 1467 671 solet.

437 686 480 726 In
504 683 713 726 istiusmodi
731 683 877 724 casibus
897 696 1032 738 magna
1051 683 1266 725 adhibenda
1288 683 1344 724 est
1359 685 1585 736 prudentia,
1602 686 1716 725 etiam
1729 694 1846 738 atque
1867 687 2089 739 etiampon-

285 744 455 787 derando
472 776 487 796 ,
515 758 609 787 num
627 746 787 785 aliorum
808 743 845 783 se
866 745 1060 796 implicare
1078 743 1359 784 difficultatibus
1376 773 1390 794 ,
1420 743 1442 784 e
1459 746 1656 798 republica
1673 744 1848 786 futurum
1863 745 1934 794 sit,
1963 757 2014 787 ne
2027 755 2085 785 te-

282 805 390 848 mere
407 807 571 846 alienum
596 803 810 858 periculum
824 802 1008 845 faciamus
1022 803 1192 845 nostrum
1207 835 1221 854 ,
1250 814 1316 844 aut
1337 802 1453 856 plane
1473 805 1512 845 in
1536 817 1586 846 eo
1605 804 1861 858 nosmetipsos
1891 806 2087 845 consuma-

281 879 367 908 mus
389 876 401 910 t
431 878 519 906 nam
535 863 668 919 postea
687 863 902 916 praefidium
920 873 1095 905 mutuum
1116 864 1266 916 sperare
1283 863 1387 904 haud
1414 860 1555 904 licebit.
1626 863 1819 918 Hispaniae
1839 863 1892 904 fic
1917 864 2055 904 accidit
2075 895 2087 913 ,

282 939 368 978 quae
387 926 527 966 sortem
546 923 670 966 affiiffi
687 924 836 975 imperii
853 922 1024 964 miserata
1040 954 1054 974 ,
1085 923 1124 965 δε
1142 924 1321 978 sanguine
1337 924 1405 963 suo
1417 923 1606 975 &opibus
1622 923 1672 964 illi
1688 926 1774 965 tulit
1794 925 1985 976 suppetias
1996 956 2007 974 ‚
2020 936 2092 964 un-

282 986 333 1026 de
352 995 478 1025 ortum
503 985 672 1025 habuere
687 992 747 1022 tot
761 982 862 1023 bella
875 982 914 1024 &
935 995 1127 1024 armorum
1143 984 1401 1033 incursiones,
1433 983 1571 1035 quibus
1597 981 1753 1024 Francia
1770 983 1910 1025 deinde
1928 984 2090 1034 Italiam,

279 1045 501 1087 Provincias
531 1043 725 1096 BelgicaS‚
752 1041 1010 1095 Burgundiam
1026 1044 1065 1084 δε
1084 1042 1308 1096 Hispaniam
1327 1044 1519 1095 impetiit,
1547 1041 1587 1083 δι
1603 1040 1694 1082 licet
1708 1055 1812 1083 nunc
1830 1045 1868 1083 in
1885 1044 1984 1084 hanc
1992 1044 2087 1084 Mo-

278 1106 471 1147 narchiam
491 1113 573 1144 tota
596 1101 679 1143 fere
709 1103 801 1141 belli
825 1104 950 1142 moles
971 1104 1194 1153 incumbat,
1220 1115 1303 1144 non
1321 1115 1456 1145 onmes
1478 1111 1607 1143 tamen
1629 1103 1670 1142 in
1703 1102 1910 1143 Germania
1933 1103 1976 1143 id
1994 1104 2089 1156 grati

281 1166 644 1218 agnoscunt,neque
653 1163 825 1215 cogitant
841 1193 853 1210 ,
883 1161 946 1202 sua
956 1163 1065 1202 causa
1077 1161 1116 1202 id
1133 1161 1320 1202 accidisse.

444 1224 467 1276 §
497 1223 744 1275 Experientia
760 1222 893 1274 igitur,
923 1225 1054 1263 tamin
1075 1223 1262 1275 propriis,
1292 1219 1407 1274 quam
1424 1223 1553 1263 alienis
1573 1221 1719 1263 damnis
1743 1222 1934 1262 cautiores
1951 1219 2088 1262 redde-

280 1294 322 1323 re
344 1295 417 1323 nos
441 1283 570 1336 potest
596 1285 634 1322 in
670 1281 1024 1331 commiseratione,
1055 1281 1094 1323 δε
1130 1282 1439 1334 promptitudine
1470 1282 1620 1322 ferendi
1656 1283 1792 1322 auxilia
1824 1282 1916 1321 aliis.
1976 1281 2088 1334 Quo-

277 1344 349 1382 ties
368 1343 526 1395 nosipsi
543 1341 799 1396 perdidimus,
829 1350 945 1393 atque
969 1340 1045 1382 una
1072 1343 1237 1381 amicum
1254 1372 1265 1389 ,
1296 1343 1384 1393 quia
1408 1341 1660 1382 affliftaeillius
1690 1341 1856 1381 fortunae
1872 1340 1996 1389 ultro,
2012 1353 2088 1380 nec

278 1402 516 1442 considerate
541 1404 648 1450 satis,
676 1399 891 1441 remedium
907 1399 1057 1441 adferre
1074 1399 1290 1449 voluimus,
1321 1412 1438 1452 quem
1461 1402 1648 1454 ingratum
1667 1412 1740 1452 pro
1765 1410 1874 1440 tanto
1891 1398 2088 1441 beneficio

275 1461 410 1515 postea
430 1464 579 1513 experti
601 1461 737 1501 sumus.
796 1459 964 1512 Quoties
991 1462 1031 1500 in
1061 1460 1148 1500 Prin
1159 1461 1253 1512 cipis
1279 1461 1519 1500 incurrerunt
1548 1460 1682 1499 odium
1709 1461 1823 1500 etiam
1848 1459 1899 1508 ii,
1928 1461 1994 1510 qui
2019 1473 2090 1500 no-

277 1521 383 1570 ctes,
415 1522 452 1562 δε
481 1521 560 1561 dies
580 1521 822 1561 elaborarunt
841 1520 879 1559 in
901 1532 972 1569 eo,
1003 1532 1049 1559 ur
1072 1519 1214 1572 singula
1239 1520 1362 1570 aliqua
1391 1521 1426 1560 ei
1453 1519 1672 1571 praestarent
1687 1519 1900 1569 obsequia?
1929 1518 2088 1558 Germa-

274 1582 383 1621 nicus
406 1579 427 1619 a
443 1580 601 1620 Tiberio
624 1579 829 1630 adoptatus
850 1588 931 1618 erat
948 1580 987 1618 in
1004 1577 1124 1618 filium
1145 1577 1351 1619 destinatus
1367 1588 1409 1618 ut
1429 1577 1557 1619 eidem
1587 1578 1627 1618 in
1651 1578 1816 1631 imperio
1837 1577 2058 1618 succederet
2073 1609 2086 1627 ‚

275 1649 352 1679 tam
372 1640 490 1678 cultui
507 1640 587 1689 ejus
613 1636 806 1685 addictus,
835 1645 879 1677 ut
900 1649 988 1676 cum
1005 1639 1176 1688 legiones
1195 1637 1266 1688 ipsi
1289 1637 1474 1678 offerrent
1488 1638 1714 1691 Imperium,
1744 1635 1905 1690 perinde
1920 1638 2012 1676 illud
2029 1651 2090 1677 ac-

276 1701 445 1750 ciperet,
476 1696 550 1750 (b)
580 1695 677 1749 quast
678 1693 801 1746 scelere
822 1698 1141 1744 contaminarem-,-
1171 1708 1339 1748 cumque
1366 1707 1564 1749 urgeretur
1585 1695 1780 1737 instantius
1808 1699 1858 1739 ille
1886 1700 2090 1739 morituram

261 1760 405 1813 potius,
434 1769 538 1810 quam
551 1754 660 1809 fidem
686 1762 826 1795 exueret
837 1769 851 1804 ,·
879 1755 1058 1795 clamitans
1071 1785 1083 1806 ,
1101 1754 1238 1804 ferrum
1267 1758 1291 1795 ὰ
1317 1757 1426 1797 latere
1438 1756 1608 1809 deripuit,
1637 1757 1826 1809 elatumque
1848 1753 2023 1808 deferebat
2053 1761 2090 1797 in

262 1818 409 1872 pediu&
440 1816 478 1856 δι
493 1815 573 1868 quo
596 1816 633 1855 se
649 1814 805 1867 gerebat
823 1816 862 1855 in
885 1816 1066 1856 omnibus
1089 1814 1328 1866 fideliorem,
1356 1815 1406 1856 eb
1429 1816 1554 1858 minus
1585 1817 1764 1870 placebat
1792 1815 1966 1859 Tiberio.
2022 1817 2089 1857 Illa

273 1879 351 1929 ipsa
388 1876 467 1926 ejus
508 1873 682 1922 solertia,
714 1873 821 1924 quod
838 1875 1088 1925 pecuniarum
1104 1875 1306 1927 largitione
1329 1876 1567 1917 Pannonicas
1589 1878 1762 1930 legiones
1794 1875 2087 1928 composuisset,

274 1936 420 1976 Tiberii
446 1935 612 1974 animum
637 1933 805 1972 habebat
827 1931 870 1985 (c
897 1932 1111 1973 sollicitum.
1173 1933 1539 1984 Pietatemejusdem
1561 1938 1599 1974 in
1619 1937 1786 1987 reliquiis
1816 1937 1907 1974 Vari
1930 1936 1967 1974 δε
1995 1938 2087 1975 mili·

276 2007 360 2037 tum
380 1993 548 2046 legendis
565 2022 578 2042 ,
603 1990 786 2043 justisque
814 1991 1101 2043 persolvendis,
1132 1991 1284 2043 Imperii
1307 1993 1558 2033 ambitionem
1587 1993 1682 2046 (A)
1713 1995 1775 2032 ille
1808 1995 2080 2045 interpretaba-

276 2068 350 2096 tur.
412 2051 677 2092 Misericordia
693 2053 824 2090 uxoris
849 2050 964 2102 ipsius
985 2051 1205 2103 Agrippinae
1230 2052 1369 2091 milites
1391 2050 1611 2101 vestientis,
1642 2052 1864 2092 dominandi
1880 2053 2083 2094 videbatur

275 2116 349 2168 (e)
379 2111 588 2164 cupiditas,
617 2111 740 2150 cmffla
774 2110 971 2150 Germanici
995 2112 1032 2150 <in
1054 2109 1202 2150 deterius
1229 2112 1382 2150 trahenti
1407 2111 1575 2151 suboluit
1602 2112 1735 2150 odium
1762 2110 1859 2153 istud
1884 2112 2086 2154 Germani-

278 2187 365 2215 cum
385 2203 397 2222 ,
430 2172 465 2211 &
486 2170 593 2223 quod
613 2171 770 2210 honoris
790 2169 915 2222 specie
935 2168 956 2207 ἐι
973 2168 1190 2208 Germaniae
1209 2170 1329 2223 gloria
1341 2180 1557 2217 arceretur3
1590 2182 1706 2221 quare
1732 2168 2002 2224 quantofitmmae
2011 2171 2085 2224 spei

266 2235 430 2288 propior,
461 2239 556 2271 tanto
585 2233 634 2271 ille
663 2229 837 2282 impenfius
847 2237 917 2281 pro
941 2227 1069 2269 Tiberio
1091 2231 1157 2270 niti
1176 2230 1317 2281 coepit;
1348 2220 1427 2268 ho‘c
1452 2229 1575 2282 ipsum
1593 2238 1721 2271 tamen
1741 2232 1857 2284 magis
1885 2242 1974 2271 eum
1999 2232 2084 2272 red-

280 2294 397 2334 debat
411 2292 569 2331 exosum
595 2289 721 2330 donec
739 2287 914 2342 oppressa
928 2287 1084 2328 tandem
1094 2288 1142 2329 ab
1160 2299 1280 2328 onere
1304 2288 1549 2341 obligationis
1570 2289 1801 2343 gratitudine
1815 2320 1828 2340 ‚
1859 2288 1955 2344 (f)
1984 2295 2085 2332 novis

281 2353 483 2396 Provinciis
505 2350 686 2403 impofitum
714 2348 781 2389 dolo
789 2348 891 2401 fimul
907 2378 921 2398 ‚
949 2347 1000 2393 ἐξ)
1016 2348 1145 2401 cafibus
1173 2347 1357 2403 objebiaret
1370 2379 1383 2397 ,
1412 2348 1480 2388 ubi
1497 2349 1632 2392 Pisone
1654 2350 1868 2402 opitulante
1888 2361 2087 2392 venenum

283 2415 319 2453 ei
340 2411 539 2464 porrexit,
569 2411 671 2449 suam
691 2410 891 2448 arbitratus
913 2408 1206 2462 prosperitatem
1224 2417 1391 2449 mortem
1416 2406 1537 2459 illius,
1553 2410 1619 2462 qni
1629 2410 1808 2450 columna
1827 2406 1899 2466 (g)
1932 2409 2087 2464 Imperii

280 2473 360 2524 ejus
381 2470 519 2510 fuerat.
577 2467 770 2510 Nonnulli
782 2468 977 2520 Principes
1007 2469 1116 2508 velut
1132 2466 1237 2508 idola
1254 2467 1338 2523 sunt
1352 2497 1364 2517 ‚
1393 2479 1560 2520 quorum
1586 2469 1668 2511 oculi
1694 2468 1721 2524 <
1737 2478 1781 2509 ut
1794 2468 1963 2510 advertit
1982 2469 2086 2524 Jere-

280 2530 414 2585 mias)
446 2530 523 2583 (h)
537 2529 631 2581 pleni
630 2526 714 2581 fimt
725 2529 873 2581 pulvere
890 2529 914 2567 ὰ
926 2526 1072 2579 pedihus
1084 2530 1327 2568 introeuntium
1340 2558 1355 2575 ,
1384 2527 1433 2568 ad
1466 2529 1612 2569 cultum
1632 2530 1677 2570 iis
1692 2528 1980 2580 exhibendum,
2009 2542 2086 2571 nec

285 2591 492 2645 agnoscunt
510 2589 712 2641 obsequia;
741 2589 779 2629 δε
803 2587 910 2640 quod
926 2587 1035 2640 pejus
1052 2586 1108 2629 est
1128 2618 1143 2638 ,
1171 2599 1246 2628 nec
1260 2588 1363 2627 vinci
1379 2589 1423 2627 iis
1438 2590 1578 2630 volunt
1594 2619 1608 2639 ,
1644 2601 1719 2630 nec
1738 2588 1954 2630 libertatern
1980 2585 2088 2631 suam.

281 2649 486 2704 subjedtam
506 2648 581 2690 esse
601 2651 739 2691 merito
753 2678 766 2698 ‚
795 2647 973 2700 adeoque
988 2649 1100 2688 variis
1117 2656 1324 2699 procurant
1350 2647 1514 2690 artificiis
1537 2679 1551 2700 ,
1578 2660 1627 2688 ne
1647 2661 1732 2690 eam
1749 2651 1926 2702 cuiquam
1949 2649 2083 2690 obstri-

282 2711 382 2751 <stam
396 2711 576 2750 habeant.
638 2709 719 2763 Qui
734 2706 868 2761 majori
892 2707 1068 2748 exhibuit
1085 2707 1286 2759 obsequia,
1299 2707 1333 2746 ei
1355 2707 1483 2748 nescio
1507 2721 1592 2761 quae
1608 2721 1689 2750 non
1706 2710 1862 2750 crimina
1877 2709 2083 2762 imputant;

281 2783 325 2811 ut
344 2771 434 2810 loco
465 2770 619 2821 speratae
645 2768 969 2821 compensationis
989 2768 1218 2820 purgatione
1246 2764 1473 2809 defletorum
1495 2766 1626 2822 potius
1649 2781 1749 2822 opus
1769 2769 1909 2809 habeat
1924 2798 1938 2816 ‚
1965 2768 2081 2808 adeo-

285 2842 361 2882 que
380 2832 416 2869 in
439 2831 600 2879 proemio
617 2838 792 2869 numeret
807 2859 820 2878 ,
851 2827 881 2868 sl
898 2828 1011 2881 culpa
1033 2828 1210 2867 immunis
1234 2825 1457 2869 declaretur.
1515 2828 1596 2868 Prae
1611 2828 1649 2869 se
1664 2828 1793 2870 ferunt
1817 2828 1979 2877 insuper,
1998 2840 2078 2868 non

283 2891 368 2930 satis
383 2887 529 2930 fartum
544 2888 614 2929 fibi
630 2891 673 2929 iis
691 2889 901 2941 obsequiis,
922 2899 1008 2942 quae
1021 2896 1149 2928 tamen
1166 2886 1236 2938 ipsi
1256 2885 1357 2926 intus
1376 2888 1413 2928 δε
1431 2890 1469 2929 in
1486 2890 1614 2929 animo
1630 2889 1879 2930 vehementer
1895 2887 2077 2937 probant;

2028 2959 2079 2987 eo

383 3040 439 3086 (a)
467 3042 528 3074 Eos
543 3064 552 3077 ‚
567 3050 644 3088 quos
664 3039 837 3086 ignavia,
853 3047 919 3074 aut
944 3037 1121 3075 cadiditas
1130 3046 1254 3088 prava
1269 3062 1278 3077 ‚
1305 3046 1347 3072 ut
1373 3035 1500 3073 alienis
1521 3033 1693 3073 laboribus
1716 3036 1791 3072 tuti
1813 3033 1914 3082 ffnt
1928 3062 1937 3075 ‚
1964 3038 2078 3072 armis
2130 3072 2132 3088 Χ

284 3089 458 3142 abstinuit
473 3117 483 3131 ,
508 3079 736 3139 acerbfflrJzas
745 3100 866 3142 peenas
883 3087 1031 3137 sslvlffi’·
1061 3089 1196 3126 Sallust.
1249 3090 1311 3135 (b)
1326 3087 1441 3126 Tacit.
1458 3088 1519 3126 lib.
1542 3100 1572 3126 1.
1586 3086 1715 3125 Annal.
1769 3091 1831 3134 (c)
1856 3086 1971 3124 Tacit.
1987 3087 2077 3125 ibid.
2130 3121 2132 3137 ,

285 3146 347 3190 (d)
374 3141 441 3179 Sed
464 3140 553 3195 quod
575 3140 768 3193 largiendis
786 3143 958 3194 pecuniis,
984 3140 1031 3184 &-
1044 3138 1190 3192 miffi'one
1228 3138 1381 3191 ssinata
1394 3136 1569 3191 favorem
1597 3138 1752 3177 militum
1788 3137 1970 3188 uaestvff’t‚
1984 3136 2077 3177 beLli-
2130 3140 2132 3159 ''

288 3208 331 3230 ca
350 3208 477 3248 quoque
504 3194 701 3231 Germanici
710 3193 832 3245 gloria
851 3191 1061 3246 angebatur.
1088 3191 1181 3229 lbid.
1258 3197 1316 3237 (e)
1332 3192 1443 3245 Qod
1460 3190 1592 3230 Tiberio
1602 3188 1702 3228 haud
1709 3200 1769 3242 pro
1791 3201 1905 3229 atum.
1982 3192 2074 3230 lbid.
2129 3210 2130 3234 3

288 3246 357 3294 (f)
385 3249 417 3281 T
415 3246 516 3284 iberii
537 3247 696 3283 animum
725 3244 836 3281 altius
853 3247 1077 3299 penetravit.
1102 3243 1194 3281 Ibid.
1247 3246 1308 3295 (g)
1325 3251 1422 3283 Nam
1440 3243 1636 3282 Germanici
1646 3252 1792 3281 mortem
1808 3245 1903 3282 inter
1912 3242 2074 3299 prospera
2127 3280 2132 3296 Ι,

291 3295 472 3336 ducebant.
499 3301 585 3335 Tac.
606 3298 629 3335 l.
646 3312 682 3346 4.
703 3298 832 3335 Annal.
885 3300 946 3345 (h)
965 3301 1087 3336 Baruc.
1102 3302 1137 3335 6.
1170 3301 1225 3333 16.
2127 3303 2129 3311 '
