2132 3730
265 235 317 268 η
704 219 1660 285 DJDACJVSAAVEDRAE

256 309 346 357 dat,
362 311 417 349 uti
442 309 480 349 &
503 310 660 361 apiculae
675 319 779 356 eam,
795 318 880 358 quae
903 318 953 346 ex
972 308 1078 348 omni
1097 310 1444 362 numerograndior
1454 310 1530 361 est,
1548 312 1587 351 v&
1602 314 1741 352 coloris
1757 313 1958 364 splendore
1974 326 2069 367 prae⁴

255 371 361 409 cellit
387 370 477 410 aliis.
543 366 614 423 (a)
646 363 723 419 Ipstz
747 375 836 408 aetas
856 367 978 407 Galbae
995 399 1008 417 ,
1038 366 1091 413 &⁹
1115 364 1233 419 irrifhi
1250 367 1455 423 &fastidio
1481 378 1562 411 erat
1583 369 1720 425 afflietis
1738 374 1889 414 iuventae
1900 374 2072 424 neronis,

255 428 309 474 &⁹
342 429 570 482 hilpan-atores
585 449 587 452 f
599 423 717 476 fhrma
741 439 782 467 ac
804 426 919 468 decore
943 430 1093 481 corporis
1119 424 1141 482 (
1162 431 1210 467 ut
1231 427 1278 481 all
1299 443 1367 470 mos
1391 430 1519 484 vulgi)
1545 432 1829 483 cmwparantibus.
1889 432 1961 487 (b)
1991 433 2072 474 Titi

258 483 478 541 Vespafiani
501 487 648 539 augebat
662 483 801 539 famam
817 486 917 539 zpfius
933 487 1029 528 decor
1054 487 1125 528 oris
1144 500 1219 527 cmn
1246 489 1395 543 quadam
1417 489 1600 544 majestate.
1662 489 1875 533 Enimvero
1902 494 2071 545 pulchri-

255 548 355 588 tudo
377 546 464 601 apta
486 548 752 589 membrorum
767 547 1072 600 compositione,
1095 546 1134 587 &
1156 548 1296 588 coloris
1319 549 1506 590 suavitate
1533 553 1642 590 velut
1669 549 1816 591 blandis
1843 553 2071 604 quibusdam

249 610 382 660 jaculis
399 607 489 648 ferit
513 609 679 654 oculos,
705 616 791 659 quae
820 609 857 648 in
880 610 1048 649 animum
1081 606 1236 647 demiffa
1256 608 1508 660 profundius,
1540 609 1662 650 studia
1681 611 1846 651 bominis
1867 611 1904 652 &
1934 615 2072 653 volun·

252 677 352 708 tates
369 677 579 720 occupant,
639 667 836 708 Eximium
860 678 1003 709 naturae
1017 669 1281 721 privilegium,
1301 680 1346 708 ea
1362 668 1438 718 est,
1455 670 1579 710 suavis
1591 669 1801 710 affeeruum
1824 670 1979 712 domina
1990 703 2002 722 ‚
2018 683 2072 712 at-

253 739 330 780 que
365 730 478 769 animi
504 724 655 781 opt-ime
669 727 842 781 dispositi
861 728 1057 769 indicium.
1117 726 1169 768 Et
1191 729 1366 781 quamvis
1384 729 1570 771 sacrarum
1585 732 1776 770 literarum
1798 733 1989 771 monitum
2014 732 2071 772 sit:

250 789 322 844 (c)
354 789 440 830 Non
456 787 602 829 Laudes
619 790 739 828 virum
755 791 792 829 in
805 785 912 840 specie
922 785 1011 839 fita,
1034 800 1139 842 neque
1151 785 1298 841 spernas
1312 788 1470 829 hominem
1494 792 1530 830 in
1561 787 1638 841 visti
1653 787 1739 842 βίος
1768 790 1888 830 brevis
1909 794 1948 831 in
1976 793 2073 832 vola—

250 849 372 890 ritihus·
386 847 434 902 est
449 851 547 900 apis,
573 846 625 893 ἐξ)
644 850 779 889 initium
801 848 960 889 dulcioris
971 845 1124 899 frustm*
1146 849 1260 898 illius,
1291 847 1387 888 Illud
1413 857 1541 889 tamen
1574 849 1725 890 diffiteri
1750 859 1831 890 non
1851 850 2073 902 possumus,

252 908 362 962 quod
379 907 635 962 augustiorem
660 909 827 948 animum
852 908 1003 960 semper
1020 907 1103 949 fere
1125 908 1279 961 augusta
1301 919 1459 960 quoque
1488 912 1661 962 corporis
1680 910 1824 962 species
1848 912 2071 951 comitetur.

248 970 359 1010 Plato
377 969 533 1010 dicebat
569 962 667 1008 ficut
700 969 863 1007 circulus
898 967 1040 1020 absque
1069 978 1205 1008 centro
1228 967 1303 1009 esse
1327 979 1409 1009 non
1435 967 1589 1020 potest,
1617 971 1669 1009 ita
1689 979 1817 1021 neque
1839 973 2074 1011 exteriorem

250 1032 428 1082 corporis
448 1027 775 1081 pulchritudinem
795 1028 937 1079 absque
952 1029 1123 1068 interiori
1139 1033 1285 1069 virtute
1321 1026 1435 1069 facile
1453 1026 1561 1081 poss'e
1584 1029 1799 1069 consistere.
1857 1029 1985 1070 Retia
2014 1030 2075 1070 id-

249 1089 356 1131 circo
378 1087 595 1141 Alphonsus
613 1088 702 1128 Rex
720 1088 1073 1140 Principi'uxorem
1090 1082 1298 1128 formosam
1322 1089 1402 1129 dari
1422 1089 1567 1128 voluit:
1594 1087 1673 1143 (d)
1703 1083 1846 1143 Porqzae
1868 1090 1916 1130 los
1943 1091 2073 1144 Hijos,

247 1164 313 1203 que
330 1148 415 1189 della
430 1151 573 1198 raviere,
582 1143 690 1199 seran
705 1160 779 1188 mas
801 1145 987 1199 shermoffis,
1005 1157 1027 1188 -e
1054 1161 1130 1188 mas
1148 1146 1325 1201 ap'uestos3
1350 1149 1378 1189 lo
1404 1161 1471 1203 que
1496 1151 1654 1190 convieue
1674 1148 1793 1189 *musho
1817 1162 1841 1188 a
1865 1149 1912 1188 los
1932 1151 2015 1203 hijos
2033 1149 2074 1189 de

247 1210 296 1250 los
324 1209 462 1263 Reye53
485 1222 550 1263 que
557 1206 642 1258 jean
662 1208 770 1257 tales,
789 1221 854 1262 que
862 1216 1042 1260 parezcan
1059 1207 1137 1248 bien
1153 1215 1251 1248 entre
1274 1209 1321 1249 los
1336 1216 1430 1248 atros
1453 1220 1549 1248 omes·
1621 1208 1694 1258 Ut,
1720 1218 1806 1263 quos
1828 1221 1871 1248 ex
1895 1211 1952 1249 ilfa
1967 1205 2072 1260 fiiſse*

238 1277 374 1321 pluras
395 1277 474 1309 erat
493 1268 639 1319 liberos,
665 1267 727 1320 220st
747 1279 877 1323 quoque
883 1264 1008 1319 forma
1025 1280 1067 1306 ac
1091 1265 1272 1322 vemstate
1291 1270 1442 1320 emporis
1481 1264 1580 1322 afflant
1598 1265 1781 1321 conspicui5
1814 1281 1930 1321 regum
1951 1272 2074 1323 qnippe

242 1326 333 1382 filios
350 1331 502 1381 apprime
519 1327 632 1378 decet,
659 1330 732 1368 oris
750 1340 881 1382 quoque
898 1327 1066 1380 dignitate
1083 1335 1222 1368 caeteros
1240 1330 1333 1368 inter
1349 1328 1495 1368 homines
1510 1325 1697 1381 prassar&
1759 1326 1980 1368 Multarum
2000 1329 2075 1368 La·

248 1388 478 1429 cedaemonii
506 1388 656 1439 Regem
682 1388 789 1427 suum
819 1387 1116 1437 Archiadinum,
1132 1387 1240 1439 quod
1258 1400 1422 1428 uxorem
1446 1385 1609 1428 duxi-sset
1625 1389 1824 1440 parvulam
1838 1418 1850 1438 ‚
1872 1399 2074 1440 quantum·

248 1450 309 1490 vis
341 1460 422 1489 non
452 1447 610 1502 illepide
634 1448 832 1487 excusaret
848 1478 860 1496 ,
877 1445 1022 1487 'emalis
1052 1447 1205 1487 duobus
1231 1449 1357 1487 minus
1392 1448 1431 1487 se
1451 1446 1612 1501 elegisse.
1675 1446 1746 1503 (e)
1775 1447 1907 1500 Specie-s
1923 1451 2072 1501 corporis

238 1509 459 1563 fimulac‘rzmz
482 1507 530 1563 ‘est
554 1509 697 1558 meniis,
706 1500 896 1563 figuraque
914 1507 1121 1559 probitatis.
1181 1507 1336 1548 Accidit
1378 1517 1508 1547 tamen
1536 1518 1834 1560 nonnunquam,
1858 1517 1903 1547 ut
1939 1518 2075 1548 natura

248 1570 506 1609 exterioribus
535 1570 682 1609 intenta
721 1566 1051 1619 perfectionibus,
1079 1569 1327 1617 interiorum,
1362 1580 1448 1619 quae
1470 1568 1646 1620 potiores
1671 1569 1778 1618 sunt,
1814 1568 2073 1609 obliviscatur.

247 1631 369 1671 Petro
394 1625 551 1667 Crudeli
572 1628 625 1674 fic
646 1627 714 1667 usu
732 1629 868 1677 venit,
887 1627 994 1679 cujus
1011 1627 1329 1680 ingeniumferox
1357 1627 1394 1667 δι
1416 1627 1588 1680 asperum
1612 1627 1679 1666 sub
1701 1637 1805 1681 grata
1830 1632 1908 1667 oris
1936 1627 1974 1668 &
1991 1636 2077 1667 cor-

246 1690 353 1741 poris
379 1685 694 1731 conformatione
709 1686 847 1726 eadem
864 1685 1017 1726 Natura
1047 1686 1258 1727 abdiderat.
1322 1687 1511 1740 Superbia
1536 1686 1574 1727 &
1596 1686 1732 1727 formae
1754 1686 1936 1740 jatstantia
1960 1684 2076 1728 facile

247 1750 439 1789 virtutum
455 1752 601 1787 n‘ervos
625 1746 794 1795 elidunt,
810 1745 990 1798 adeoque
1006 1744 1225 1785 cavendum
1241 1746 1408 1797 Principi
1437 1746 1595 1795 sedulo,
1610 1757 1662 1786 ne
1677 1746 1919 1788 venustatem
1941 1748 2077 1788 mulie·

246 1809 356 1849 brem
373 1807 411 1848 Sc
434 1806 653 1847 affectatam
667 1838 677 1855 ,
696 1808 827 1845 alienae
842 1806 1004 1846 lasciviae
1021 1807 1332 1854 incitamentum,
1354 1801 1622 1855 conse&etur3
1640 1804 1707 1844 sed
1729 1817 1840 1856 eam,
1863 1818 1948 1858 quae
1961 1818 2075 1848 veras

247 1870 365 1908 animi
384 1869 549 1907 virtutes
566 1866 742 1904 comitari
762 1864 858 1903 solet
877 1877 888 1903 z
906 1874 1034 1915 neque
1050 1865 1151 1903 enirn
1178 1871 1334 1903 ornatus
1353 1865 1490 1902 <animae
1513 1861 1537 1900 a
1557 1866 1734 1915 corporis
1758 1865 2076 1917 pulchritudine3

246 1927 312 1968 sed
345 1935 481 1967 contra
504 1925 616 1976 hujus
645 1924 766 1965 decor
794 1924 842 1963 ab
873 1924 971 1964 illius
1002 1924 1236 1964 ornamentis
1277 1921 1470 1975 proficisci
1501 1919 1636 1961 debet.
1698 1921 1791 1978 (f)
1819 1922 1948 1968 Omnis
1965 1927 2076 1980 gloria

244 1989 318 2042 ejus
334 1982 379 2028 ab
395 1982 700 2039 intusinfimbreis
721 1984 854 2024 aureis-t
915 1982 1078 2023 Interior
1110 1984 1243 2023 animae
1273 1980 1488 2035 perfefflo,
1502 1989 1585 2020 non
1610 1983 1781 2023 exterior
1806 1984 2014 2036 speetanda
2036 1989 2077 2029 in

246 2042 447 2101 Principe,
469 2057 512 2087 ut
534 2044 637 2085 bene
657 2044 828 2096 Reipub.
849 2042 996 2096 praesit3
1019 2045 1109 2083 licet
1129 2050 1270 2096 magno
1288 2050 1521 2083 ornamento
1544 2038 1719 2083 futurum
1732 2041 1802 2091 sit3
1831 2043 1860 2084 si
1886 2046 1950 2084 illa
1971 2045 2074 2086 utra-

246 2119 324 2161 que
342 2110 513 2160 polleat3
537 2105 599 2145 Sic
620 2105 759 2146 Palmae
775 2104 966 2157 singularis
986 2104 1066 2143 laus
1096 2101 1169 2153 est,
1190 2113 1273 2142 turn
1294 2100 1417 2155 stirpis
1438 2102 1476 2142 &
1512 2100 1710 2142 frondium
1734 2104 1944 2157 elegantia3
1983 2114 2072 2147 tum

245 2169 412 2210 suavitas
433 2164 652 2216 fruetuum,
673 2165 710 2204 &
727 2165 807 2204 aliae
827 2164 908 2216 ejus
933 2165 1136 2214 qualitates
1157 2164 1326 2210 eximiaeg
1342 2171 1468 2202 tantas
1490 2162 1593 2202 enim
1614 2162 1730 2202 arbor
1754 2164 1817 2204 illa
1835 2164 1884 2204 -ad
1898 2176 2076 2206 commum

246 2241 317 2272 nes
335 2229 540 2270 hominum
553 2226 640 2266 usus
667 2223 779 2265 affert
791 2254 804 2274 ,
822 2225 1006 2264 utilitates
1022 2254 1034 2274 ,
1056 2232 1099 2263 ut
1118 2223 1325 2275 Plutarcho
1340 2221 1457 2273 teste,
1474 2220 1679 2271 Babylonii
1699 2231 1890 2264 trecentas
1914 2224 1953 2265 δι
1970 2224 2076 2265 sexa-

249 2294 355 2343 ginta
373 2287 541 2341 ejusdem
557 2288 721 2327 virtutes
743 2293 983 2325 enumerent.
1044 2283 1145 2333 Eas,
1171 2283 1313 2333 credo,
1331 2281 1455 2323 innuit
1479 2281 1662 2323 blandum
1686 2283 1846 2324 coelestis
1863 2284 2003 2338 Sponsr
2025 2287 2076 2326 al*

250 2351 427 2402 loquium
441 2378 454 2398 ,
479 2346 551 2402 (g)
581 2346 735 2387 Statura
754 2354 818 2386 tua
851 2343 1031 2399 affimikzm
1053 2342 1100 2398 est
1112 2343 1252 2397 palmae.
1310 2342 1359 2383 lis
1375 2343 1478 2383 enim
1501 2343 1630 2382 verbis
1650 2353 1731 2383 non
1752 2343 1872 2384 solam
1895 2348 2074 2398 corporis

248 2409 417 2450 sormam
435 2409 475 2448 in
501 2403 639 2460 sponsa
657 2403 878 2446 collaudare
908 2405 1062 2454 voluit,
1088 2403 1152 2444 sed
1177 2403 1215 2444 &
1243 2405 1377 2444 animae
1401 2403 1513 2443 dotes
1536 2414 1606 2456 per
1630 2404 1796 2455 palmam
1819 2403 2073 2458 significatas,

250 2471 399 2522 quippe
424 2481 509 2521 quae
526 2465 675 2519 justitiae
700 2465 738 2506 δι
768 2464 1004 2505 fortitudinis
1021 2458 1077 2505 est
1088 2463 1341 2515 Symbolum3
1362 2462 1513 2516 justitiae
1527 2462 1682 2516 quidem
1698 2474 1861 2517 propter
1875 2464 2074 2506 frondium

252 2529 529 2582 aequilibrium3
547 2525 783 2567 fortitudinis
805 2534 905 2566 vero
922 2533 1086 2577 propter
1116 2524 1338 2565 admirabile
1368 2534 1562 2564 ramorum
1584 2523 1724 2573 robur,
1751 2527 1815 2577 qui
1845 2537 1925 2577 quo
1951 2527 2072 2579 magis

255 2599 464 2644 gravantur
483 2586 746 2642 ponderibus,
763 2598 814 2626 eo
842 2584 1006 2625 validius
1031 2586 1070 2625 in
1088 2585 1247 2625 sublime
1266 2586 1466 2631 nituntur3
1484 2583 1585 2623 addo
1599 2583 1637 2623 &
1660 2583 1833 2624 vi&oriae
1850 2584 1926 2626 effe
1947 2585 2071 2626 hiero.

251 2650 500 2704 glyphicum,
520 2646 629 2701 quod
644 2658 694 2688 ex
713 2643 758 2687 ea
774 2646 911 2686 arbore
926 2645 1092 2686 solerent
1105 2645 1310 2694 coronari,
1325 2646 1391 2696 qui
1405 2646 1444 2685 in
1462 2646 1705 2697 antiquorum
1719 2645 1817 2685 ludis
1833 2644 1871 2685 &
1899 2648 2073 2685 certami-

255 2711 370 2754 nibus
403 2708 574 2750 viCtores
595 2706 724 2748 essent.
786 2705 925 2746 Similis
948 2706 1077 2746 honor
1105 2701 1281 2758 cupresso
1303 2714 1499 2757 nunquam
1526 2705 1677 2745 habitus
1703 2703 1797 2755 fuit,
1822 2707 2071 2757 quantumvis

253 2776 446 2811 arnoenum
474 2770 622 2821 semper
637 2769 778 2816 vireat,
810 2766 848 2807 &
871 2766 1029 2808 obelisci
1057 2764 1170 2807 instar
1197 2776 1361 2819 procera
1388 2777 1428 2806 m
1447 2767 1585 2806 coelum
1615 2763 1798 2818 assurgat3
1822 2766 1944 2805 inanis
1967 2766 2072 2805 enim

253 2832 316 2870 illa
339 2830 485 2882 species
501 2828 558 2869 est
582 2827 723 2880 absque
741 2827 914 2879 singulari
937 2828 1081 2868 virtute
1098 2857 1109 2876 ,
1127 2838 1212 2878 quae
1233 2827 1272 2866 in
1300 2837 1345 2864 ea
1362 2826 1472 2874 infit,
1500 2827 1591 2878 quin
1618 2825 1739 2866 immo
1764 2823 1974 2865 admodum
1991 2826 2071 2866 leno

254 2888 297 2930 ‘te
325 2889 544 2938 succrescit,
573 2887 722 2928 fruetus
747 2887 865 2927 habet
897 2888 1049 2928 inutiles
1067 2918 1078 2936 ‚
1104 2885 1198 2926 folia
1228 2892 1375 2935 amara,
1401 2885 1565 2926 odorem
1596 2895 1775 2938 gravem,
1804 2885 1980 2925 umbram
2000 2897 2072 2925 no-

255 2951 371 2991 xiam.
434 2948 562 3002 Quid,
584 2955 703 3001 rogo,
727 2947 901 2999 proderit
929 2948 1145 3000 Principem
1171 2945 1297 2986 forma
1325 2945 1363 2986 &
1392 2954 1560 2999 corpore
1585 2944 1660 2986 effe
1681 2946 1866 2998 eleganti3
1890 2945 1920 2985 sl
1947 2947 2071 2985 oculis

255 3009 380 3051 solum
397 3007 513 3048 faciat
532 3007 618 3048 satis
635 3038 646 3056 ‚
670 3019 751 3048 non
770 3009 942 3057 muneri,
969 3006 1076 3060 quod
1102 3007 1229 3060 gerit?
1255 3006 1401 3046 Sufficit
1418 3016 1507 3060 apta
1529 3006 1792 3053 membrorum
1806 3004 1844 3045 &
1861 3006 2069 3045 lineamen-

257 3079 389 3110 torum
406 3067 686 3116 conformatio,
714 3080 798 3119 quae
815 3069 929 3108 animi
959 3067 1133 3122 generosi
1160 3066 1198 3106 &
1224 3067 1326 3107 bene
1350 3065 1521 3119 dispositi
1558 3067 1603 3106 fit
1631 3064 1836 3116 indicium,
1860 3065 1900 3106 δε
1924 3066 1987 3106 cui
2011 3077 2071 3105 ars

258 3130 399 3171 deinde
419 3140 534 3182 atque
554 3126 734 3169 industria
751 3139 902 3168 motum
919 3130 1172 3183 vigoremque
1189 3128 1378 3177 tribuant,
1401 3127 1481 3168 fine
1498 3126 1636 3179 quibus
1653 3126 1808 3179 languet
1825 3126 1951 3167 omnis
1967 3124 2070 3165 a6tio

1965 3183 2071 3226 Prin—

355 3272 412 3314 (a)
437 3269 553 3306 Tacit.
580 3266 604 3311 l.
625 3281 655 3306 r.
681 3266 759 3305 hist.
811 3268 878 3314 (b)
906 3270 1004 3305 idern
1028 3269 1051 3304 l.
1077 3281 1113 3304 2.
1141 3265 1219 3308 hist.
1270 3272 1328 3316 (c)
1353 3267 1449 3304 Eccl.
1476 3278 1533 3302 11.
1551 3279 1587 3303 2.
1638 3266 1700 3311 (d)
1724 3266 1804 3305 Lib.
1840 3279 1873 3308 1.
1894 3266 1952 3304 tit.
1975 3271 2010 3305 6.
2029 3279 2063 3316 p,

261 3335 296 3361 20
349 3325 408 3369 (e)
435 3324 481 3360 D>
509 3323 617 3361 Amb.
646 3335 679 3360 2⁶
702 3322 747 3358 de
770 3320 838 3358 vir,
893 3320 956 3369 (f)
983 3320 1232 3370 Psal.44.14.
1289 3324 1350 3371 (g)
1377 3319 1486 3358 Cant.
1511 3329 1586 3370 cap.
1605 3330 1642 3368 7.
1662 3329 1700 3366 7.
2087 3330 2091 3337 2
