2132 3730
253 192 342 242 296
712 181 1652 225 DJDACJSAAVEDRAE

252 275 392 324 cipem.
483 271 612 322 Quare
641 276 684 306 ut
714 265 779 304 ista
810 264 1055 304 incommoda
1084 266 1301 315 evitentur,
1331 266 1484 318 grandia
1511 269 1650 306 tributa
1680 276 1767 307 ante
1796 264 1943 317 imponi
1971 277 2060 305 non,
2121 263 2125 318 ζ

255 334 426 381 debent,
457 328 568 380 quam
600 324 817 365 universum
847 324 1026 377 Regnum
1056 323 1105 364 de
1134 326 1350 366 necessitate
1388 324 1570 367 edoctum
1600 326 1743 367 fuerit:
1773 337 1861 366 nam
1891 325 1956 364 ubi
2005 325 2052 364 de

252 406 298 435 ea
318 424 331 444 ,
363 393 400 432 &
422 387 564 442 Justitia
594 384 712 425 causae
747 382 956 424 constiterit
977 414 988 434 ,
1018 382 1130 424 facile
1158 386 1196 424 in
1226 397 1322 426 onus
1345 386 1501 438 aliquod
1532 387 1869 426 extraordinarium
1897 385 2053 425 consen·

249 455 298 494 tit
333 451 528 506 populuS,
558 446 613 485 uti
642 443 788 485 fastum
818 444 983 484 vidimus
1023 446 1060 484 in
1090 445 1133 484 iis
1158 473 1171 493 ,
1200 456 1284 496 quae
1313 446 1491 498 poposcit·
1520 447 1608 486 Rex
1639 445 1897 486 Ferdinandus
1931 444 2053 497 Quar-
2102 471 2104 483 2

251 523 313 554 tus
339 542 350 559 ‚
382 509 419 549 &
471 509 510 547 in
539 505 780 546 conceffione
818 506 952 557 integri
987 506 1085 544 illius
1130 505 1338 551 mulionis,
1368 517 1484 556 quem
1528 506 1695 547 Comitia
1739 505 1928 545 Toletana
1959 513 2055 555 tem·
2102 544 2104 546 ,

247 571 407 627 poribus
443 568 559 619 Regis
589 565 747 605 Hem-ici
776 563 897 604 Tertii
922 565 1058 617 sponte
1091 564 1246 617 elargita
1287 563 1438 604 fuerant
1458 594 1471 614 ‚
1499 565 1759 616 permittendo
1793 564 1942 616 insuper
1967 593 1980 613 ‚
2011 572 2054 602 ut
2102 602 2104 607 ,

249 629 339 672 fiad
360 625 660 669 continuandum
689 626 832 664 bellum
860 634 994 664 contra
1014 624 1177 664 Mauros
1204 623 1244 664 id
1273 636 1354 664 non
1378 623 1564 664 sufficeret
1585 654 1597 673 ‚
1628 624 1803 665 Comitiis
1833 626 1947 665 etiam
1975 634 2075 668 non*
2107 625 2110 631 '

247 689 434 742 requisitis
452 690 559 740 plura
581 684 698 738 porro
725 686 978 736 exigerentur.
1037 683 1205 724 Tametsi
1232 685 1333 724 enim
1356 684 1402 723 ad
1420 685 1595 736 privatos
1608 684 1763 724 minime
1785 686 1974 737 pertineat
1995 683 2058 720 tri.
2076 673 2089 681 ”’

246 751 430 791 butorum
451 746 634 800 justitiam
669 745 886 785 examinare
900 776 913 794 ,
946 744 984 784 &
1000 744 1069 797 ipfi
1086 744 1183 796 saepe
1201 745 1454 796 impensarum
1465 744 1592 784 causas
1608 755 1746 796 capere
1760 747 1966 795 nequeant,
1990 753 2056 781 ne-
2102 747 2106 762 ¹

247 822 326 863 que
341 811 455 850 etiam
485 808 628 858 absque
645 804 816 845 evidenti
838 805 1071 844 secretorum
1102 806 1275 856 periculo
1302 806 1346 844 iis
1382 803 1457 844 istae
1486 804 1559 858 (a)
1587 805 1859 844 communicari
1884 802 2017 855 polliut
2045 830 2058 848 ,
2092 810 2106 827 -“

245 871 396 923 semper
411 879 536 908 tamen
556 868 721 905 rationes
737 864 910 916 quaedam
939 864 1023 904 sunt
1049 866 1243 917 generales
1263 894 1275 914 ‚
1305 876 1397 916 quas
1417 865 1496 904 fine
1522 863 1774 904 incommodo
1796 865 1840 902 iis
1864 871 2058 913 propone·
2104 879 2106 892 2

248 943 291 972 re
308 930 452 972 licebit.
510 925 561 967 Et
586 925 677 965 licet
701 925 843 964 tributa
857 925 1084 976 imponendi
1104 924 1264 964 facultas
1291 937 1410 977 penes
1429 925 1640 975 supremam
1661 925 1706 963 fit
1723 922 1978 976 potestatem,
1996 920 2058 958 cui
2104 942 2106 969 3

246 993 346 1032 ratio
370 988 547 1028 naturalis
564 997 608 1025 ac
629 985 758 1024 divina
775 984 1021 1037 suffragantur
1042 1015 1052 1033 ,
1082 996 1155 1024 nec
1171 984 1198 1024 si
1215 987 1302 1024 alias
1323 997 1429 1037 aequa
1446 976 1541 1033 fint,
1571 984 1608 1024 δε
1622 981 1825 1024 neceffaria
1844 1012 1858 1032 ,
1888 980 2059 1020 subdito-
2104 984 2109 1030 j

245 1063 331 1092 rum
347 1046 528 1089 consensu
556 1045 605 1085 ad
631 1042 692 1084 ea
712 1057 811 1096 opus
841 1044 886 1084 sit
910 1057 919 1084 :
949 1057 1037 1085 nam
1054 1043 1127 1099 (ut
1143 1044 1238 1084 dixit
1264 1045 1351 1084 Rex
1369 1043 1587 1096 Alphonsus
1613 1041 1813 1097 Sapiens)
1842 1043 1871 1082 el
1885 1042 1967 1099 Rex
1973 1049 2059 1092 μευ

246 1110 288 1152 de
314 1106 499 1150 demandar
523 1137 534 1154 ‚
562 1119 579 1145 e
600 1113 711 1146 tomm-
735 1105 771 1145 αἶ
791 1105 911 1157 Reyno
923 1105 952 1144 lo
970 1117 1035 1157 qne
1062 1101 1181 1154 ufhron
1201 1104 1248 1143 los
1266 1112 1359 1144 σίνος
1371 1106 1485 1158 Reyos
1504 1135 1516 1152 ‚
1544 1117 1561 1143 e
1580 1116 1651 1143 cnm
1671 1115 1746 1143 mas
1764 1116 1804 1142 en
1825 1103 1876 1141 las
1898 1099 2031 1148 (iaz-one„—
2046 1127 2058 1146 ‚

245 1182 311 1225 que
335 1169 363 1209 lo
382 1170 501 1207 uviere
516 1179 556 1206 en
576 1178 671 1218 gran
699 1164 859 1219 menester
881 1194 893 1212 ‚
914 1173 1091 1216 pampro
1119 1164 1270 1203 comnnal
1284 1163 1324 1202 cle
1346 1165 1380 1204 la
1409 1167 1522 1204 nerra
1548 1176 1560 1211 3
1591 1164 1747 1215 Exigere
1763 1163 1846 1202 Rex
1864 1161 1887 1200 ἁ
1920 1156 2058 1209 litbclitis
2105 1152 2107 1179 ἶ

245 1243 287 1270 ea
307 1228 441 1269 tributa
449 1227 601 1279 poterit,
624 1237 701 1278 quae
713 1223 893 1276 prioribus
909 1235 1039 1278 quoque
1066 1222 1221 1274 Regibus
1232 1222 1380 1274 pendere
1401 1222 1665 1274 tensamentum
1694 1223 1777 1275 quin
1797 1220 1977 1271 &augere
1989 1218 2059 1258 haec
2108 1216 2109 1220 ’

235 1287 306 1342 fas
327 1291 418 1336 erit,
431 1287 468 1340 st
482 1284 615 1341 quando
632 1283 670 1325 id
675 1283 862 1337 singularis
879 1285 1050 1339 nectffitas
1065 1314 1078 1332 ,
1108 1290 1172 1322 aut
1193 1286 1372 1323 sonzinum&
1399 1286 1504 1323 totius
1528 1284 1626 1334 regni
1656 1281 1792 1322 utilitas
1817 1279 2058 1331 flagitaverit.

244 1348 446 1390 Prudentis
468 1356 596 1385 tamen
626 1344 809 1394 Principis
836 1346 906 1383 erit
931 1373 943 1392 ‚
974 1346 1024 1383 ita
1049 1344 1184 1381 dextre
1211 1353 1291 1381 rem
1321 1341 1540 1390 instituere,
1572 1342 1609 1380 &
1634 1341 1686 1380 fic
1704 1339 1907 1391 disponere
1933 1336 2058 1375 subdi-

244 1418 374 1449 torum
396 1407 567 1454 animos,
596 1416 647 1444 ne
676 1405 736 1443 vis
759 1402 935 1442 videatur
955 1432 968 1452 ,
998 1412 1127 1452 neque
1167 1405 1269 1439 enim
1306 1412 1423 1440 omne
1444 1398 1481 1440 id
1499 1428 1512 1447 ‚
1551 1400 1658 1451 quod
1687 1397 1860 1438 absolute
1885 1397 1965 1436 fieri
1988 1408 2061 1449 po-

244 1467 318 1509 test
341 1498 352 1515 ‚
383 1466 530 1517 semper
553 1464 693 1514 exequi
722 1463 921 1501 convenit.
1009 1460 1214 1501 Tributum
1245 1459 1273 1512 C
1293 1459 1345 1499 sic
1373 1459 1568 1511 Scriptura
1583 1458 1658 1512 (h)
1677 1456 1888 1510 loquitur)
1921 1454 2060 1508 populi
2107 1470 2109 1511 j

242 1528 410 1570 froenum
432 1524 486 1565 est
503 1537 516 1571 ;
545 1522 669 1563 isthoc
689 1523 751 1562 ille
770 1523 807 1561 in
826 1521 1056 1574 obedientiae
1075 1520 1203 1558 officio
1221 1520 1441 1558 continetur
1454 1548 1465 1565 ‚
1493 1512 1676 1568 Princeps
1694 1517 1793 1556 vero
1815 1516 1862 1555 ad
1873 1527 1961 1555 eum
1976 1527 2061 1554 cor-

242 1585 443 1640 rigendum
466 1584 664 1636 potentior
680 1581 721 1620 fit
743 1581 779 1620 ὃς
795 1590 928 1620 contra
956 1581 1107 1618 nimiam
1142 1576 1222 1627 ejus
1249 1577 1466 1617 libertatem
1488 1579 1591 1616 vires
1613 1574 1682 1617 fibi
1710 1584 1908 1627 comparat
1929 1586 1943 1622 ,·
1976 1575 2059 1614 sub·
2106 1611 2108 1621 ξ

245 1646 347 1686 ditos
368 1646 468 1685 enim
497 1642 544 1681 ab
580 1642 686 1680 omni
715 1651 833 1679 onere
855 1642 1042 1679 immunes
1067 1648 1182 1677 nemo
1214 1637 1322 1676 recte
1349 1637 1634 1688 gubernaverit.
1709 1634 1861 1675 Verum
1893 1633 2058 1675 froenum

242 1705 336 1746 illud
366 1713 442 1744 tam
466 1703 580 1741 suave
601 1700 646 1740 fit
670 1709 848 1751 oportet,
879 1708 921 1739 ut
952 1710 1032 1738 nm
1052 1695 1450 1750 obstinentanimum‚
1466 1696 1503 1738 δε
1527 1695 1723 1737 mordicus
1744 1707 1795 1736 eo
1816 1696 2058 1747 conprehen-
2108 1691 2110 1744 f

242 1767 283 1807 so
303 1763 576 1818 praecipitent3
610 1758 934 1811 quemadmodum
954 1757 1238 1812 prudentissime
1261 1757 1298 1796 id
1319 1757 1506 1810 expendit
1523 1757 1610 1796 Rex
1635 1756 1773 1797 flavius
1797 1753 1864 1809 (c)
1895 1754 2057 1794 Herwi-
2108 1745 2110 1793 ἕ

241 1828 324 1880 gius
346 1827 383 1864 in
402 1823 579 1862 Concilio
601 1820 794 1859 Toletano
821 1819 920 1858 Xlll.
939 1818 1026 1858 culn
1054 1819 1224 1864 diceret,
1256 1829 1348 1857 tunc
1380 1819 1701 1869 gubernationem
1732 1817 1917 1868 optimam
1943 1814 2059 1855 fore:
2109 1802 2110 1816 ¹

232 1887 270 1939 fi
281 1897 338 1925 nec
356 1886 495 1924 incauta
511 1881 641 1921 exnfflo
659 1879 800 1931 populos
812 1886 962 1931 gra-vet,
993 1890 1050 1918 uec
1065 1873 1243 1926 indiscreta
1261 1876 1399 1932 remiffio
1414 1876 1557 1918 Statmn
1574 1879 1689 1930 gentis
1694 1871 1817 1926 faciat
1835 1875 1998 1927 deperIre.
2109 1871 2111 1924 ᾗ

396 1942 602 1993 Imperium
627 1940 666 1978 in
691 1941 810 1978 vitam
826 1939 970 1989 absque
988 1937 1161 1989 periculo
1195 1948 1399 1976 exercetur
1417 1967 1430 1985 .‚
1462 1938 1550 1988 quia
1565 1949 1615 1977 ex
1635 1938 1720 1989 lege
1739 1934 1784 1976 fit
1802 1964 1815 1984 ,
1847 1947 1932 1987 quae
1955 1932 2060 1974 casti·
2110 1944 2111 1956 ¹

242 2012 306 2059 gat
320 2013 462 2055 paucos
487 2000 535 2040 ad
549 1999 769 2050 exemplum
792 2009 1044 2041 caeterorum;
1076 2008 1112 2034 at
1132 1995 1227 2036 vero
1250 1995 1455 2047 Imperium
1474 1998 1512 2035 in
1526 1995 1702 2036 fortunas
1725 2025 1738 2043 ‚
1770 1995 1860 2034 cum
1895 1995 2055 2045 pecuni-

244 2077 306 2105 am
330 2061 499 2114 pendere
515 2059 697 2114 jubentur
718 2057 880 2105 subditi,
910 2057 1123 2096 discrimine
1155 2068 1235 2094 non
1261 2064 1400 2104 vacat,
1430 2057 1518 2108 quia
1550 2055 1597 2095 ad
1616 2066 1751 2096 omnes
1772 2054 1954 2106 pertinet,
1977 2065 2054 2093 ma-

243 2126 377 2178 gisque
411 2121 651 2160 fortunarum
689 2116 825 2156 damna
848 2117 1014 2156 afficiunt
1043 2117 1232 2167 populum
1253 2140 1265 2162 ‚
1296 2115 1410 2166 quam
1443 2117 1618 2166 corporis
1648 2143 1662 2163 ‚
1692 2114 1896 2165 praesertim
1920 2113 1948 2152 si
1968 2125 2057 2154 cum

242 2184 381 2224 sudore
404 2180 441 2220 δε
460 2179 635 2231 sanguine
653 2176 842 2228 acquisitte
860 2177 930 2215 illae
957 2175 1099 2215 fuerint
1116 2202 1130 2220 ‚
1160 2183 1224 2213 aut
1249 2172 1419 2225 impendi
1446 2173 1614 2213 debeant
1630 2175 1667 2212 in
1685 2173 1837 2213 delicias
1856 2171 2052 2225 Principis.

243 2244 335 2296 Qua
359 2243 395 2281 in
414 2252 456 2280 re
479 2237 717 2279 considerare
738 2236 937 2287 oportebit
954 2235 1204 2275 memorabile
1219 2232 1335 2286 Regis
1354 2232 1517 2273 Davidis
1538 2233 1686 2273 facinus
1710 2264 1722 2282 ,
1752 2234 1918 2274 nolentis
1943 2233 2050 2275 bibe*-

242 2316 286 2344 re
318 2313 452 2352 aquarn
477 2331 489 2349 ‚
520 2310 634 2349 quam
655 2308 731 2336 tres
755 2297 937 2336 fortillimi
963 2298 1100 2336 milites
1118 2294 1188 2345 per
1206 2295 1355 2333 medios
1372 2292 1537 2333 hostium
1558 2304 1705 2333 cuneos
1719 2292 1982 2344 penetrando,
2002 2292 2054 2332 de

243 2361 404 2403 cisterna
431 2358 749 2400 Bethlehemitica
765 2357 988 2400 hauserant,
1018 2367 1067 2396 ne
1090 2353 1307 2405 sanguinem
1333 2350 1489 2392 istorum
1516 2352 1553 2392 &
1574 2353 1787 2404 periculum
1804 2351 1936 2391 bibere
1958 2351 2053 2405 (d)
2110 2361 2112 2402 l

245 2422 469 2469 videretur,
497 2430 624 2467 neque
642 2417 746 2456 bona
770 2417 866 2455 ratio
894 2417 1021 2454 Status
1039 2412 1092 2454 est
1109 2444 1122 2462 ,
1155 2413 1304 2453 tributis
1330 2412 1530 2453 exhaurire
1549 2442 1559 2452 .
1590 2411 1628 2452 δι
1652 2410 1699 2451 ad
1722 2412 1856 2451 incitas
1875 2411 2049 2464 redigere
2111 2410 2112 2459 ξ

244 2481 417 2523 subditos
434 2511 446 2529 ‚
476 2488 518 2518 ut
536 2475 644 2517 tantb
673 2476 959 2515 obedientiores
983 2475 1073 2514 sint:
1105 2471 1172 2513 etsi
1192 2474 1292 2512 enim
1318 2471 1483 2525 egestas,
1516 2485 1600 2524 quae
1628 2469 1703 2511 una
1722 2471 1922 2512 nobiscum
1936 2471 2051 2511 nasci·
2111 2512 2112 2520 ἵ

245 2552 306 2583 tur
324 2572 336 2590 ,
367 2548 432 2579 aut
457 2538 541 2579 casu
558 2538 685 2589 aliquo
702 2538 862 2584 evenit,
895 2534 1124 2574 demiffiores
1147 2533 1281 2573 reddat
1303 2534 1472 2580 animos,
1492 2533 1553 2572 illa
1581 2542 1708 2572 tamen
1730 2532 1903 2571 violenta
1926 2531 1973 2570 ad
1997 2531 2054 2571 se·
2111 2528 2113 2534 ”

246 2602 431 2642 ditionem
453 2598 584 2652 potius
607 2604 835 2636 commovet
855 2625 868 2642 ‚
899 2607 1047 2647 eosque
1064 2595 1223 2646 impellit
1248 2604 1291 2633 ut
1308 2592 1451 2633 nefaria
1475 2603 1608 2632 contra
1636 2590 1701 2646 (e)
1716 2591 1931 2644 Principem
1945 2591 2054 2632 suum

245 2663 464 2704 moliantur.
526 2656 589 2699 Ad
606 2655 801 2697 Davidem
822 2654 999 2694 adversus
1030 2656 1182 2694 Saulem
1202 2651 1266 2707 (f
1270 2655 1297 2707 )
1321 2661 1551 2694 convenerunt
1575 2665 1683 2693 omnes
1699 2682 1713 2701 ,
1742 2653 1803 2707 qui
1822 2659 1924 2692 erant
1940 2653 1975 2692 in
1991 2664 2055 2692 cm-
2112 2668 2113 2671 ¹

244 2720 358 2775 gusticz
374 2719 544 2774 constituti
564 2731 577 2766 ,·
609 2716 659 2762 65Β
685 2716 824 2772 oppreffl
853 2728 923 2754 cere
946 2716 1051 2756 alieno
1076 2747 1087 2765 ‚
1118 2713 1169 2758 &⁶³
1191 2727 1309 2754 amaro
1338 2715 1447 2753 animo
1462 2744 1475 2763 ,
1506 2712 1558 2758 &⁹
1579 2709 1708 2765 fafflus
1730 2710 1779 2767 cst
1810 2725 1924 2752 eorum
1941 2710 2053 2751 Prin·
2112 2708 2113 2758 ᾖ

246 2790 332 2833 ceps.
391 2778 602 2829 Nunquam
620 2779 737 2830 magis
762 2776 977 2826 obsequens
1002 2778 1070 2816 erit
1096 2775 1270 2826 Regnum
1293 2805 1304 2822 ‚
1335 2773 1449 2825 quam
1468 2773 1494 2814 s1
1518 2773 1658 2825 opibus
1681 2772 1718 2812 &
1744 2773 1857 2811 rebus
1873 2771 2051 2811 omnibus

248 2840 389 2884 affluat.
445 2837 525 2877 Dei
539 2838 736 2889 populus,
765 2836 908 2877 duriter
931 2839 1046 2877 etiam
1059 2837 1098 2876 in
1111 2835 1287 2889 AEgypto
1309 2834 1459 2874 habitus
1476 2863 1490 2884 ,
1518 2833 1702 2874 libertatis
1719 2831 1793 2872 suae
1823 2831 1965 2872 oblitus
1979 2828 2052 2870 fuit
2093 2838 2112 2854 ··

1964 2901 2055 2942 pro·
2110 2923 2112 2927 ,

377 3034 393 3073 (
397 3033 435 3073 a)
467 3027 545 3066 Tibi
570 3026 747 3074 sttmmum
773 3042 893 3066 rerum
922 3028 1100 3077 judicium
1129 3025 1194 3064 Dii
1225 3025 1347 3065 dedere
1365 3054 1374 3069 ,
1398 3024 1492 3064 nobis
1523 3022 1669 3079 obfiquii
1694 3023 1813 3078 gloria
1837 3021 1965 3059 relieJa
1992 3021 2052 3074 est.
2109 3016 2112 3060 ,Ῐ

248 3080 454 3119 Tac.lib.6.
472 3079 602 3118 Annal.
657 3082 727 3130 (b)
754 3081 894 3119 Ettulit
910 3080 1041 3118 David
1054 3078 1205 3127 fi-aenum
1219 3077 1362 3117 tributi.
1393 3082 1534 3129 2.Reg.
1552 3079 1588 3119 8.
1620 3091 1651 3115 1.
1708 3078 1769 3125 (c)
1795 3075 1913 3112 Cone.
1929 3075 2050 3113 Tolet.
2088 3104 2091 3108 .

248 3135 348 3172 XlII.
404 3135 464 3182 (d)
480 3139 573 3171 Num
579 3131 791 3186 sanguinem
814 3133 955 3185 istorum
969 3160 977 3174 ,
1001 3126 1061 3186 qu}⁴
1068 3130 1319 3184 proftchfimt.
1334 3160 1343 3174 ‚
1369 3131 1415 3176 ὠ·
1429 3133 1635 3168 animarum
1642 3126 1835 3182 periculum
1850 3123 1990 3164 biham?
2013 3142 2049 3164 2.
2110 3148 2112 3172 ξ

250 3187 344 3234 Reg.
364 3200 383 3223 2
396 3197 425 3224 2.
454 3197 512 3238 17.
565 3189 623 3233 (e)
649 3184 849 3235 Feracissima
862 3198 989 3240 quoqne
1027 3183 1205 3236 adfhmpto
1225 3198 1240 3228 ‚·
1265 3195 1332 3221 aut
1357 3182 1479 3238 quibus
1492 3180 1531 3219 ob
1551 3181 1758 3235 egestatem,
1783 3193 1826 3218 ac
1853 3188 1986 3220 metum
2004 3191 2052 3219 ex
2110 3177 2112 3207 l

239 3233 402 3289 flagitiis
422 3240 585 3278 maxima
602 3237 769 3291 peccandi
784 3238 991 3291 necfftudo.
1019 3239 1106 3276 Tac.
1118 3237 1140 3276 1.
1154 3238 1327 3285 3-Annal.
1380 3236 1587 3288 (fJ1.Reg.
1603 3246 1664 3277 22.
1676 3246 1712 3273 2.
