2132 3730
278 264 332 303 6'2
704 251 1052 294 DIDACI
1104 249 1639 294 SAAVEDRAE.

279 317 789 332 Μ

277 342 422 383 invidia
438 370 451 389 ‚
481 339 639 377 ambitio
661 335 757 387 saepe
776 366 789 385 ‚
827 335 864 375 δι
881 347 984 374 mera
999 335 1180 383 tyrannis.
1251 335 1422 375 Grandia
1445 334 1585 386 agitant
1607 337 1735 377 animo
1751 329 1772 386 ⁷,
1801 329 2066 381 Ministrotum

275 400 437 454 persuasi
457 395 762 443 adulationibus,
792 397 858 448 qui
872 396 989 435 multa
1008 395 1106 445 saepe
1133 393 1201 433 sub
1229 394 1354 448 specie
1370 395 1497 447 gloriae
1524 396 1568 435 fis
1595 407 1825 448 praeponunt
1854 407 1943 439 ante
1974 411 2066 438 ocu-

274 464 347 508 1033
366 458 479 511 quam
497 454 627 507 injusta
649 466 745 495 vero
764 485 777 504 ,
806 454 845 495 &
867 454 980 506 quam
1001 452 1248 494 incommoda
1273 455 1345 495 sint
1360 453 1504 503 media,
1535 455 1756 497 diffimulant
1771 458 1921 499 interim
1938 472 1948 497 :
1963 457 2068 499 unde

272 518 422 569 abrepti
438 517 587 569 longius
604 514 796 567 Principes
812 515 937 555 illusos
949 513 987 553 se
996 511 1130 565 postea
1144 512 1182 552 δι
1199 514 1370 565 perditos
1385 514 1560 555 sentiunt.
1620 513 1746 555 Recte
1758 517 1901 558 idcirco
1917 520 2068 559 monuit

272 576 490 630 Alphonsus
505 575 616 624 Rex,
646 574 752 626 quod
769 574 841 628 (a)
857 574 1041 628 Sobey‘anas
1067 574 1221 623 honras,
1249 588 1268 613 e
1278 574 1335 626 fin
1353 582 1448 626 pro,
1474 587 1515 615 no
1537 574 1616 616 debe
1641 575 1672 615 el
1687 575 1766 629 Rey
1781 576 1947 618 cobdiciar
1962 591 2004 619 en
2023 575 2069 630 sic

270 649 413 679 corazon
434 650 448 685 ,·
475 643 556 676 ante
562 632 609 686 ſse]
625 633 704 674 debe
719 634 833 674 macho
843 631 1006 687 guardar
1025 631 1149 681 deltae,
1174 640 1309 687 parque
1328 633 1357 672 lo
1371 646 1436 686 qne
1456 647 1492 674 es
1514 634 1653 675 ademas
1669 666 1682 684 ,
1711 648 1752 675 no
1768 637 1878 688 puede
1892 636 2030 687 darm,
2048 650 2069 678 e

264 692 503 750 pet-diendost23
523 709 540 735 e
557 693 764 746 menguando
783 726 795 743 ‚
825 702 929 734 torna
949 706 990 733 en
1005 692 1065 732 des
1083 692 1204 732 honra.
1276 692 1317 732 E
1330 692 1364 731 la
1385 693 1515 743 honra,
1528 707 1594 748 que
1613 709 1648 735 es
1677 693 1835 749 destagui
1855 710 1904 746 a,
1923 698 2067 749 fiempre

262 758 429 810 proviene
440 755 550 795 dunno
567 752 653 794 della
678 754 715 793 al
734 767 799 808 que
819 753 853 792 la
859 753 958 806 figue
970 784 983 801 ‚
1012 749 1209 802 ozasc'iendole
1230 750 1312 791 ende
1330 751 1504 806 trabnjos,
1533 767 1551 794 e
1568 752 1675 808 ccstas
1699 754 1852 808 grandes
1866 787 1878 805 ‚
1906 770 1925 796 e
1932 755 1990 808 fin
2004 768 2067 796 ra-

271 831 336 858 zon
351 848 365 866 ,
393 827 503 856 menos
525 811 674 855 cubando
695 813 723 853 lo
749 825 813 867 que
827 815 914 853 tiene
929 821 999 864 por
1026 813 1055 851 lo
1071 843 1084 861 ,
1112 812 1225 866 alque
1237 810 1382 852 cobdicia
1398 823 1501 856 aver.
1560 808 1702 854 Nimios'
1714 846 1727 864 ,
1757 815 1956 870 inutilesque
1967 816 2064 866 hono,

270 890 328 917 res
351 875 481 915 ambire
506 875 622 925 regius
642 875 776 912 animus
791 885 855 912 non
870 870 964 911 debet
987 902 1000 920 ,
1028 873 1091 911 imo
1112 878 1233 911 conatu
1254 884 1308 911 eos
1328 872 1415 910 omni
1432 868 1589 912 devitare
1610 888 1624 921 ,·
1653 872 1746 928 quod
1760 876 1846 914 enim
1866 874 1994 915 nwdum
2007 889 2067 916 12:1⁶q

269 936 355 977 cedit
372 965 384 984 ‚
413 934 530 986 nequit
556 930 613 985 effe
629 930 784 976 durabile
811 945 823 978 ‚-
852 943 926 971 cum
948 943 1033 974 vero
1059 933 1164 971 minui
1178 943 1220 970 ac
1234 929 1373 984 deficere
1397 930 1502 977 honor
1529 936 1664 982 coeperit
1683 965 1696 984 ,
1739 935 1776 974 in
1804 932 1944 975 dedecus
1963 941 2067 989 atque

270 996 480 1048 ignominiam
505 993 672 1031 vertitur.
750 989 895 1031 Accedit
918 1021 930 1040 ,
959 989 1050 1044 qnod
1073 1002 1115 1030 ex
1128 989 1288 1045 ejusmodi
1306 991 1427 1031 honore
1454 988 1689 1037 detrimentum
1709 993 1869 1034 ambienti
1892 1008 2068 1048 nunquam

271 1068 334 1095 non
356 1049 532 1104 enascatur
552 1064 567 1100 ,·
595 1063 638 1090 ex
659 1062 725 1104 qno
745 1050 898 1090 videlicet
912 1058 1049 1102 praeter
1063 1047 1221 1101 sumptus
1237 1048 1466 1103 molestiasque
1483 1050 1636 1102 ingentes
1653 1082 1666 1099 ,
1696 1051 1782 1091 illud
1808 1066 1937 1106 quoque
1963 1067 2022 1094 con
2033 1066 2066 1093 e-

267 1116 328 1168 qui
341 1109 422 1163 stilet
439 1143 452 1161 ,
480 1118 521 1151 ut
542 1123 615 1150 eam
635 1141 647 1159 ‚
676 1122 778 1163 quam
786 1110 864 1163 jam
874 1108 1018 1164 pffdet
1035 1140 1047 1159 ‚
1074 1109 1218 1161 gloriam
1235 1141 1247 1159 ,
1269 1118 1352 1162 prae
1374 1109 1433 1150 illa
1447 1140 1460 1159 ,
1490 1111 1545 1150 cui
1560 1110 1671 1150 inhiat
1694 1141 1706 1158 ,
1734 1107 1943 1162 aspernetur.
2002 1112 2067 1152 llla

268 1175 387 1226 gloria
402 1172 530 1211 secura
556 1167 611 1210 est
627 1200 639 1218 ‚
670 1182 753 1220 quae
770 1169 791 1208 a
814 1170 994 1222 generosa
1020 1169 1182 1209 nascitur
1196 1168 1351 1220 indole,
1382 1177 1498 1221 atque
1511 1170 1609 1210 intra
1637 1171 1796 1210 rationis
1817 1169 1855 1210 δε
1882 1172 2068 1223 potentia}

267 1234 406 1274 limites
426 1229 501 1270 sese
521 1231 709 1275 continet,

378 1291 510 1344 Quare
528 1289 616 1330 curn
632 1287 748 1329 Fama
773 1287 932 1329 honesta
947 1289 1088 1340 pariter
1114 1297 1230 1341 atque
1251 1286 1405 1329 infamia
1436 1287 1618 1329 fortiffimi
1652 1289 1725 1329 fint
1756 1290 1804 1330 ad
1826 1291 1927 1331 bene
1952 1300 2064 1343 agen·

268 1352 359 1393 dum
377 1351 534 1399 stimuli,
564 1358 724 1401 utraque
749 1359 876 1388 autern
894 1347 1061 1390 historiae
1086 1347 1279 1388 beneficio
1305 1357 1443 1388 aeterna
1465 1349 1510 1388 sit
1526 1378 1538 1398 ‚
1568 1349 1661 1388 utile
1689 1348 1821 1399 foret,
1848 1349 2065 1390 Historicos

264 1411 471 1464 propositis
489 1411 603 1449 etiarn
628 1410 794 1460 proemiis
814 1408 860 1447 ad
886 1407 1124 1447 scribendum
1151 1409 1329 1454 allicere3
1359 1407 1397 1447 &
1416 1407 1615 1447 favoribus
1648 1408 1828 1462 prosequi
1864 1409 2065 1462 Typogra-

267 1473 395 1524 phiam
416 1500 428 1519 ‚
459 1481 550 1509 vera
568 1468 696 1521 gloriae
711 1470 834 1510 aeraria
847 1497 861 1518 ,
890 1467 957 1511 ubi
970 1466 1076 1512 reete
1095 1467 1287 1512 fastorum
1301 1469 1459 1526 proemia
1481 1469 1521 1511 in
1536 1466 1665 1512 futura
1680 1470 1795 1512 etiarn
1813 1468 1944 1511 saecula
1961 1468 2065 1527 quasi

266 1541 421 1574 manent
436 1528 624 1587 deposita,

645 1700 1437 1771 SYMBOLUM
1516 1706 1685 1772 XVI.

264 1849 480 1989 VEtus
499 1851 663 1892 verbum
689 1849 751 1890 est.
814 1850 989 1900 Purpura
1006 1850 1117 1901 juxta
1142 1857 1343 1901 purpuram
1360 1849 1588 1903 dijudicanda.
1645 1848 1774 1891 Isthoc
1804 1847 2064 1902 significabant

415 1911 584 1963 antiqui,
613 1919 706 1950 tunc
731 1909 866 1948 melius
894 1908 1072 1957 cognosci
1089 1917 1149 1945 res
1169 1906 1300 1960 posse,
1330 1909 1485 1959 quando
1513 1920 1588 1947 una
1608 1909 1808 1949 confertur
1842 1921 1931 1948 cum
1967 1910 2062 1955 alia;

413 1971 617 2025 praesertim
632 1969 661 2009 si
682 1967 869 2020 ejusmodi
889 1979 943 2006 eae
962 1966 1056 2015 fim,
1086 1977 1171 2017 quae
1194 1967 1319 2018 seipsis
1333 1969 1385 2007 ita
1399 1965 1511 2007 facile
1536 1967 1693 2007 discerni
1714 1977 1922 2018 nequeunt.
1954 1966 2065 2008 Mer-

265 2044 436 2074 catorum
460 2032 524 2070 hic
554 2042 639 2069 mos
668 2028 746 2077 est,
776 2029 842 2079 qui
871 2038 1077 2078 purpuram
1106 2036 1348 2077 componunt
1376 2039 1465 2067 cum
1491 2037 1679 2079 purpura,
1703 2035 1746 2064 ut
1774 2026 1884 2078 hujus
1907 2022 2064 2079 praeilla

262 2095 490 2134 excellentia
518 2090 634 2141 magiS
653 2091 842 2133 emineat;
873 2091 911 2127 δε
936 2087 1076 2124 certior
1091 2085 1139 2123 de
1158 2094 1319 2135 utraque
1353 2085 1419 2125 fiat
1454 2083 1661 2127 aestimatio.
1722 2083 1814 2123 Erat
1842 2086 1882 2124 in
1912 2086 2062 2139 templo

264 2153 372 2207 Jovis
391 2150 597 2202 Capitolini
620 2146 775 2200 pallium
798 2145 948 2199 (Regis
973 2144 1128 2194 alicujus
1148 2143 1302 2184 ePersia
1316 2145 1489 2197 munus)
1519 2142 1540 2183 ὲ
1562 2145 1647 2183 lana
1667 2145 1850 2184 coccinea
1871 2153 1948 2186 tam
1967 2157 2063 2199 praa·

263 2213 393 2261 stanti,
422 2220 465 2250 ut
489 2209 638 2249 collatae
663 2218 752 2247 cum
773 2206 833 2245 illa
854 2204 1122 2245 Matronarum
1138 2203 1418 2252 Romanarum,
1448 2204 1567 2244 immo
1600 2203 1638 2242 &
1662 2203 1777 2256 ipsius
1811 2203 2058 2257 Imperatorss

264 2272 460 2314 Aureliani
480 2279 677 2321 purpurae,
709 2269 905 2306 cinereum
925 2265 994 2303 vix
1022 2264 1195 2304 colorem
1219 2264 1444 2305 viderentur
1476 2265 1673 2315 attIngere.
1730 2261 1771 2303 Si
1790 2265 1991 2316 explorare
2021 2263 2062 2305 δι

264 2330 371 2376 nosse
392 2330 558 2371 voluerit
574 2326 765 2367 Serenitas
789 2323 948 2373 Vestra,
978 2322 1028 2364 ad
1050 2334 1209 2376 regnum
1239 2323 1442 2376 aliquando
1469 2321 1631 2368 evecta,
1659 2323 1833 2364 valorem
1859 2323 2063 2376 virtuter-n.

262 2404 340 2447 que
366 2391 477 2443 regiae
505 2387 577 2426 suae
597 2397 795 2439 purpurae,
824 2396 875 2424 ne
911 2395 997 2424 eam
1021 2392 1192 2435 exponat
1214 2383 1262 2424 ad
1280 2386 1406 2425 lucem
1430 2382 1678 2431 adulantium,
1710 2381 1749 2423 ὅτ,
1767 2380 2060 2424 affentatorum:

261 2454 345 2494 haec
368 2452 469 2492 enim
497 2447 701 2487 luminibus
727 2445 868 2484 officiet
886 2445 1037 2496 potine,
1064 2454 1115 2482 ne
1137 2455 1274 2484 verum
1295 2446 1332 2484 in
1357 2455 1403 2484 ea
1419 2445 1591 2485 colorem
1616 2453 1773 2482 cernere
1803 2443 1928 2483 h'ceat.
1986 2441 2058 2482 Ne

262 2516 355 2554 item
369 2510 487 2551 amori
520 2507 649 2547 credat
668 2505 828 2557 proprio
846 2503 1034 2543 Serenitas
1053 2502 1212 2547 Vestra:
1241 2505 1271 2543 is
1291 2505 1391 2544 enim
1408 2505 1528 2544 oculis
1551 2502 1675 2543 similis
1690 2500 1745 2541 est
1757 2532 1770 2551 ,
1800 2504 1866 2554 qui
1881 2512 1970 2542 cum
1989 2503 2060 2541 alia

259 2573 420 2613 videant
438 2569 586 2616 omnia,
617 2566 755 2618 seipsos
769 2574 897 2605 tamen
912 2563 1046 2604 videre
1060 2575 1140 2604 non
1157 2561 1322 2617 poffunt.
1383 2562 1594 2604 Necessum
1612 2563 1723 2615 igitur
1738 2560 1915 2613 foret,ut
1925 2572 2058 2614 quem·

264 2631 472 2673 admodum
493 2629 518 2668 ii
537 2638 607 2682 per
630 2626 773 2677 species
794 2625 895 2673 suae,
924 2623 962 2663 &
983 2622 1085 2676 quasi
1100 2625 1279 2676 imagines
1299 2625 1336 2663 in
1360 2623 1515 2675 speculo
1538 2621 1751 2673 crystallino
1777 2622 2060 2675 repraesentatas

261 2690 564 2745 cognoscuntur;
592 2687 643 2725 ita
664 2685 852 2725 Serenitas
876 2682 1024 2724 Vestrae
1045 2682 1387 2737 glor-iofiffimorum
1418 2685 1621 2725 Parentum
1645 2682 1683 2724 &
1699 2682 1878 2723 Avorum
1903 2682 2058 2723 suorum

262 2751 440 2805 purpuris
471 2756 645 2800 opponat
666 2746 766 2785 suam
782 2774 793 2791 ‚
815 2743 1064 2795 attendatque
1080 2743 1218 2783 deinde
1240 2742 1392 2792 sedulo,
1419 2753 1513 2785 num
1534 2754 1608 2797 qua
1630 2744 1670 2784 in
1695 2753 1736 2782 re
1755 2741 1777 2782 a
1790 2752 1957 2795 purpura
1979 2742 2057 2779 vir.

264 2821 415 2860 tutum,
447 2820 531 2860 quae
553 2806 810 2856 inmajoribus
826 2800 1007 2852 extitere,
1037 2814 1082 2843 ea
1108 2802 1282 2852 deficiat,
1313 2803 1612 2857 contemplando
1636 2803 1730 2843 sein
1752 2803 1843 2849 illis,
1873 2809 2055 2851 tanquam

261 2873 300 2915 in
323 2870 395 2923 (b)
414 2869 586 2921 speculo,
644 2865 874 2918 Compar-et,
903 2865 1078 2915 inquam,
1107 2861 1296 2903 Serenitas
1309 2862 1447 2905 Vestra
1466 2862 1635 2903 actiones
1655 2862 1735 2902 suas
1752 2872 1839 2901 cum
1869 2859 2052 2912 Progeni-

263 2940 392 2972 torum
406 2929 557 2970 suorum
581 2924 691 2979 gestis
707 2925 745 2965 &
769 2923 900 2974 factis,
915 2924 952 2963 &
970 2922 1119 2963 videbit
1143 2921 1273 2971 facile,
1304 2933 1489 2975 quantum
1511 2925 1609 2966 inter
1627 2923 1710 2964 haec
1734 2921 1771 2960 &
1787 2918 1866 2959 illas
1887 2919 2054 2968 interfit,

265 3000 308 3035 ut
332 2999 396 3029 aut
418 2988 563 3029 suarum
578 2997 735 3037 quoque
753 2985 947 3024 actionum
964 2984 1136 3023 colorem
1155 2984 1272 3035 magis
1291 2983 1485 3035 perficiat,
1515 2992 1580 3025 aut
1595 2979 1699 3024 certe
1717 2980 1861 3023 virtute
1882 2978 1944 3019 sua
1963 2991 2054 3035 pro·

265 3052 346 3104 pria
370 3057 547 3098 tanquam
565 3047 722 3097 praemio
738 3044 921 3097 gaudeat,
950 3042 978 3083 si
1001 3054 1076 3094 qua
1095 3044 1133 3083 in
1150 3053 1192 3082 re
1217 3041 1432 3094 Majoribus
1456 3040 1719 3095 suispraestare
1739 3040 1953 3091 contigerit.
2006 3038 2052 3078 ss-

263 3110 330 3153 lud
350 3111 477 3161 itaque
496 3103 708 3158 perpendat
727 3104 916 3147 Serenitas
931 3102 1089 3151 Vestra,
1117 3113 1209 3144 num
1223 3104 1410 3155 generoso
1430 3104 1497 3143 suo
1517 3102 1616 3146 Patri
1630 3112 1697 3153 par
1713 3098 1758 3139 fit
1774 3101 1886 3141 animi
1902 3098 2056 3139 fortitu-

1940 3157 2055 3205 dine3

358 3272 414 3316 (a)
440 3270 518 3307 Lib.
549 3284 579 3317 3.
596 3268 653 3306 tit.
678 3282 708 3315 3.
725 3281 758 3317 p.
778 3281 813 3304 2.
867 3268 932 3315 (b)
959 3270 1133 3320 ‘Umquam
1147 3247 1318 3315 inspeeulo
1334 3247 1474 3303 ornate,
1490 3260 1535 3304 ὦ*
1547 3243 1736 3313 tomponere
1749 3260 1873 3299 vitam
1890 3267 1994 3297 tuam
2001 3257 2054 3298 ad

263 3323 395 3361 aliems
417 3325 584 3359 virtutes.
610 3322 729 3358 Pluth.
751 3319 869 3356 Thim.
