2132 3730
220 273 304 321 336
646 262 994 306 DIDACI
1053 262 1582 308 SAAVEDRAE

217 352 425 406 prudentes
450 347 524 389 effe
548 355 770 397 nequeant,
800 346 966 398 quodvis
992 345 1192 386 dicterium
1210 377 1222 396 ,
1253 356 1318 386 aut
1349 346 1552 387 leviffimus
1583 346 1715 398 aliquis
1745 353 2020 397 contemptus,

220 411 331 453 facile
349 410 582 459 divulgatus,
611 406 776 457 graviter
794 406 887 445 alios
904 405 1079 445 offendit.
1141 403 1216 460 (a)
1245 400 1303 445 Ita'
1315 403 1461 446 factum
1491 406 1530 446 in
1556 402 1753 457 congress'u
1778 405 1895 457 Regis
1912 403 2021 444 Heu-
2070 418 2071 421 ¹
2102 447 2119 463 ‚

219 473 308 520 rici,
338 469 374 509 δε
395 465 589 508 Ludovici
612 463 818 505 Undecimi
835 466 953 519 Regis
980 464 1011 506 F
1012 464 1168 514 ranciae,
1196 465 1234 505 in
1250 476 1329 516 quo
1349 476 1437 505 cum
1451 464 1611 518 Hispani
1630 463 1832 517 splendore
1853 464 1891 505 &
1912 475 2024 516 porn-

216 545 266 584 pa
287 525 519 570 excederent
535 554 549 574 ,
576 523 712 565 contre
737 524 834 565 vero
858 526 974 565 vilem
1001 525 1201 564 Gallorum
1223 525 1370 563 cultum
1388 535 1432 563 ac
1461 523 1592 564 sordes
1613 523 1831 564 deriderent
1846 553 1859 572 ‚
1890 524 2023 563 animis·

221 588 322 631 haud
344 587 481 628 leviter
501 583 656 625 offenfis
680 583 763 624 duae
781 585 851 624 illae
869 584 1062 625 Nationes
1082 581 1324 624 discesserunt
1335 581 1382 622 ab
1398 583 1567 622 invicem
1585 612 1599 633 ‚
1628 595 1713 635 quae
1731 592 1853 634 usque
1870 583 1909 622 id
1924 592 2024 622 tem·

217 649 322 701 poris
343 655 423 688 -tam
443 643 584 686 aristam
604 646 702 684 inter
723 644 759 683 se
780 646 982 685 amicitiam
1004 642 1216 688 coluerant.
1277 639 1444 682 Occulta
1477 637 1587 682 fuere
1608 641 1829 683 Germanici
1851 641 1889 682 &
1922 642 2026 682 Piso-

217 711 274 748 nis
298 706 409 755 odia,
440 705 569 758 quoad
587 703 715 743 corinn
732 705 829 744 inter
846 703 882 744 se
912 702 983 760 (b)
1012 702 1205 744 viderunt.
1266 698 1508 754 Conspectus
1528 708 1682 740 mutuus
1711 701 1827 754 Regis
1853 700 2025 741 Casteilae

216 765 445 809 Ferdinandi
461 765 618 818 Quarti,
649 764 687 804 &
711 764 827 816 Regis
844 763 1045 804 Lufitaniae
1065 761 1245 813 Dionysii
1263 760 1342 814 ejus
1360 760 1480 801 soceri
1497 771 1635 813 graves
1658 763 1810 813 peperit
1832 760 2025 801 diffensso-

214 840 305 875 nes,
334 828 390 866 uti
416 825 454 865 δε
476 826 539 864 ille
556 824 671 877 Regis
693 824 858 875 Philippi
885 823 998 864 Primi
1021 823 1192 875 &Regis
1216 820 1458 862 Ferdinandi.
1519 818 1573 860 Et
1588 819 1737 860 tametsi
1757 831 1807 860 ex
1824 820 2024 873 congressu

215 889 330 940 Regis
353 885 486 938 jacobi
502 884 614 924 Primi
633 895 719 923 cum
748 884 856 935 Rege
876 884 1101 936 Alphoni'o,
1132 893 1247 934 atque
1263 893 1314 922 ex
1336 880 1463 922 multis
1487 880 1567 920 aliis
1588 879 1769 920 similibus
1785 877 1938 932 insignia
1958 893 2024 920 na-

215 963 253 993 ta
272 951 354 988 sunt
374 945 658 993 emolumenta,
688 943 861 984 tutiffima
886 953 1014 985 tamen
1032 944 1108 991 =via
1128 944 1225 992 erit,
1253 940 1283 984 fi
1314 939 1510 993 Principen
1535 940 1690 993 negotia
1721 938 1785 979 sua
1811 951 1882 992 per
1904 939 2028 993 Lega'-

216 1023 278 1056 tOS
306 1004 522 1047 conficiant.
2025 1013 2028 1015 ·

388 2444 422 2496 §.
454 2445 533 2498 Qui
566 2445 802 2498 Principibus
824 2448 939 2499 magis
963 2445 1178 2486 Familiares
1207 2446 1313 2497 sunt,
1343 2446 1368 2486 ii
1396 2446 1475 2487 hoc
1500 2453 1616 2498 agunt
1642 2444 1835 2488 interdum
1858 2444 1885 2502 <
1911 2455 1954 2488 ut
1973 2445 2032 2488 di·

223 2502 326 2543 &tum
346 2504 432 2545 aiibi
450 2505 475 2557 )
497 2515 537 2544 ut
554 2506 652 2545 inter
673 2517 760 2553 eos,
790 2505 1003 2557 eorumque
1030 2506 1332 2558 consanguineos
1349 2505 1387 2546 &
1410 2505 1539 2546 affines
1561 2504 1699 2547 diffidia
1724 2505 1934 2557 seminent,
1961 2517 2029 2547 cu-

216 2564 276 2615 jus
297 2564 349 2602 rei
377 2565 413 2604 in
440 2563 602 2605 historiis
631 2563 766 2605 nostris
796 2567 914 2605 muita
943 2567 1121 2616 exempla
1155 2567 1373 2619 suppetunt.
1430 2565 1566 2619 Lupus
1607 2564 1735 2607 Harus
1756 2567 1855 2608 inter
1876 2565 2029 2618 Regem

220 2621 414 2664 Sanftium
433 2653 446 2673 ,
478 2635 741 2676 cognomento
765 2623 941 2672 Fortem,
972 2625 1131 2677 eiusque
1157 2627 1359 2680 conjugem
1376 2625 1563 2679 Reginam
1583 2624 1806 2667 discordiam
1832 2627 2027 2667 concitare

223 2692 382 2722 conatus
403 2682 467 2724 est.
529 2684 596 2739 (c)
627 2684 769 2724 Famuli
795 2686 949 2737 Reginae
981 2684 1194 2730 Catharinae
1223 2685 1360 2726 Matris
1392 2685 1509 2739 Regis
1535 2684 1716 2737 johannis
1742 2685 1908 2727 Secundi
1939 2697 2029 2726 ean-

223 2742 310 2781 dem
328 2743 522 2784 irritabant
538 2745 717 2785 adversus
739 2743 926 2786 Infantem
942 2744 1234 2786 Ferdinandum.
1295 2746 1458 2785 Alvarus
1490 2744 1607 2794 Lara,
1637 2743 1714 2799 (ut
1743 2746 1868 2797 Regni
1890 2746 2027 2799 guber-

221 2802 417 2841 nationem
445 2802 584 2844 diutius
620 2805 814 2845 obtineret
833 2805 860 2859 >
888 2806 1005 2845 literis
1024 2804 1197 2845 confictis
1226 2806 1324 2858 Regi
1350 2803 1524 2845 Henrico
1553 2803 1681 2846 Primo
1707 2805 1930 2858 persuadere
1954 2815 2027 2844 vo-

221 2862 311 2907 luit,
341 2860 364 2899 ἐι
384 2861 511 2902 sorore
534 2865 593 2904 sua
609 2864 833 2917 Berengaria
850 2865 885 2905 ei
904 2876 1100 2906 venenum
1119 2865 1250 2917 parari.
1313 2865 1490 2918 Quorum
1507 2864 1723 2905 commodis
1743 2865 1930 2906 serviebat
1950 2863 2027 2904 dis·
2082 2913 2083 2916 Ἰ

222 2921 340 2960 sensio
367 2923 465 2961 inter
490 2922 675 2964 Infantem
694 2923 909 2974 Saunium,
938 2925 976 2965 δι
1000 2925 1147 2973 Regem
1179 2923 1417 2976 Alphonsum
1447 2924 1667 2976 Sapientem
1690 2925 1769 2976 ejus
1799 2923 1967 2971 Patrem,
1997 2925 2026 2969 ii

220 2981 473 3020 vehementer
496 2985 707 3032 cavebant,
736 2996 787 3024 ne
813 2995 906 3035 quas
919 2984 1112 3024 habebant
1143 2984 1443 3032 controversias,
1474 2985 1603 3023 core'rm
1635 2984 1835 3036 praesentes
1861 2995 2027 3035 compo·

220 3051 369 3084 nerent.
429 3041 598 3081 Casteliae
633 3043 815 3082 proceres
844 3042 1105 3092 impediebant
1133 3041 1226 3097 (d)
1258 3044 1503 3083 concordiam
1537 3044 1635 3083 inter
1662 3043 1809 3095 Regem
1834 3041 2026 3095 Joannem
2087 3091 2111 3096 ,Ἰ

222 3100 464 3150 Secundum,
495 3101 531 3140 &
554 3101 765 3141 Hernicum
787 3103 866 3153 ejus
887 3102 1018 3143 filium.
1077 3102 1242 3143 Alvarus
1262 3101 1373 3144 Luna
1403 3104 1503 3142 illam
1534 3104 1626 3142 item
1644 3132 1657 3152 ,
1686 3114 1770 3155 qua·-
1793 3103 1892 3142 inter
1913 3101 2027 3154 Joan·

219 3171 307 3199 nem
334 3159 520 3200 Navafrae
553 3172 708 3214 regem,
741 3162 898 3214 ejusque
923 3161 1043 3202 filium
1074 3160 1266 3204 Carolum.
1326 3162 1462 3202 Vianae
1499 3160 1714 3214 Principem
1745 3162 2025 3205 intercedebat.

1945 3220 2022 3260 Pri-

314 3302 369 3345 (α)
397 3302 482 3335 Mar.
505 3301 591 3337 Hist.
611 3301 708 3350 Hisp.
729 3302 788 3338 lib.
808 3315 867 3348 23.
886 3314 916 3337 c.
937 3311 971 3350 ς.
981 3283 1546 3358 mm
1567 3298 1665 3336 odiis.
1692 3284 1860 3338 Tacinlib.
1885 3315 1922 3339 2·
1947 3293 2024 3339 Anss

221 3350 290 3386 nai.
343 3351 400 3394 (c)
428 3354 518 3387 Mar.
536 3352 622 3391 Hist.
642 3354 740 3403 Hiip.
757 3353 820 3393 lib.
846 3365 904 3391 12.
923 3365 998 3401 cap.
1015 3358 1050 3390 6.
1103 3354 1170 3402 (d)
1198 3353 1289 3389 Mar.
1305 3351 1393 3388 Hrst.
1410 3351 1583 3397 Hisp.11b.
1601 3364 1662 3389 22.
1681 3364 1758 3402 cap.
1774 3366 1810 3400 4.

2092 2451 2102 2490 Χ

2083 2808 2091 2840 «θ’
2084 2612 2102 2781 ‘amq-sl*
2086 2533 2097 2590 -172
