2132 3730
235 269 319 314 344
676 243 1025 293 DJDACJ
1077 248 1614 295 SAAVEDRAE.

623 440 1270 510 SYMBOLUM
1332 442 1587 509 LXXX.

232 1921 511 2061 SCalptores
539 1924 706 1978 primum
726 1924 838 1966 dorni
865 1923 938 1965 suae
963 1935 1199 1966 marmoreos
1230 1931 1363 1975 aptant
1397 1923 1542 1976 lapides
1568 1921 1608 1963 δε
1640 1924 1866 1976 expoliunt,
1896 1924 2035 1976 quibus

340 1985 542 2025 aedificium
564 1995 751 2026 exornare
769 1985 961 2038 cogitant,
987 1997 1076 2024 nam
1094 1982 1227 2035 postea
1244 1982 1395 2033 majoris
1418 1983 1457 2022 id
1486 1982 1578 2023 ess'et
1595 1983 1757 2033 laboris,
1788 1983 1826 2023 ὅτ.
1850 1995 1949 2036 opus
1968 1986 2038 2025 im-

337 2045 553 2098 perfectum
575 2045 697 2085 fieret.
755 2043 842 2085 Hac
858 2046 1025 2094 ratione,
1055 2046 1216 2096 opinor,
1246 2042 1399 2081 formati
1423 2040 1532 2082 fuere
1550 2041 1694 2094 lapides
1719 2054 1792 2095 pro
1817 2042 1950 2094 templi
1970 2043 2036 2084 Sa-

232 2107 415 2149 lomonici
432 2104 593 2154 fabrica,
624 2115 666 2144 ut
681 2105 826 2157 absque
843 2104 999 2156 strepitu
1017 2134 1030 2152 ,
1061 2104 1097 2142 &
1126 2103 1460 2142 instrumentorum
1483 2102 1609 2142 sonitu
1641 2104 1703 2141 1lla
1726 2103 1899 2154 potuerit
1926 2105 2031 2153 erigi.

231 2168 293 2207 Sic
320 2165 577 2217 Sapientiores
606 2164 799 2216 Principes
830 2164 984 2204 consilia
1014 2164 1075 2202 sua
1097 2162 1134 2202 &
1156 2162 1309 2201 decreta
1336 2164 1552 2200 maturitate
1582 2160 1744 2212 quadam
1771 2163 1945 2213 expolire
1972 2162 2038 2203 de·
2076 2170 2079 2177 '¹

229 2228 344 2274 berit,
376 2225 413 2265 &
430 2224 477 2263 ad
508 2223 786 2276 perfectionem
802 2223 1012 2263 adducere:
1044 2234 1089 2262 ea
1107 2223 1208 2262 enim
1225 2223 1262 2261 in
1294 2233 1404 2260 arena
1425 2221 1543 2260 solum
1560 2231 1698 2271 capere
1726 2219 1957 2261 Gladiatoris
1981 2222 2036 2263 est

230 2286 381 2340 potiu3,
413 2284 526 2336 quam
550 2285 746 2336 Principis.
808 2283 956 2323 Taurus
984 2282 1012 2334 ζ
1021 2281 1139 2335 figura
1171 2281 1361 2334 praesentis
1397 2279 1683 2334 Emblematis)
1716 2291 1918 2333 antequam
1947 2294 2036 2325 cum
2090 2298 2091 2302 =

230 2345 341 2387 hoste
357 2347 395 2385 in
416 2354 611 2384 certamen
631 2343 856 2393 demendae,
886 2343 1014 2383 secum
1034 2342 1113 2394 ipse
1146 2342 1352 2389 deliberat,
1381 2339 1480 2380 solus
1509 2339 1546 2379 se
1574 2349 1750 2389 exercet,
1782 2340 1820 2380 &
1854 2341 2038 2382 cornibus

233 2408 303 2446 suis
328 2406 504 2445 arborem
537 2403 782 2455 impetendo,
811 2414 982 2455 pugnare
1010 2401 1201 2452 ferireque
1239 2400 1345 2439 discit
1369 2398 1462 2452 (a)
1497 2399 1631 2448 D'met,
1658 2407 1763 2453 atque
1795 2412 1868 2440 eum
1898 2398 2038 2455 deficere
2101 2401 2102 2405 ’

234 2467 343 2506 omnia
362 2463 547 2513 videntur,
577 2465 688 2517 quiin
714 2461 777 2514 φῇ]
800 2463 927 2515 negotio
942 2462 1103 2514 coxfilium
1121 2469 1239 2512 capere
1256 2461 1397 2513 cogitur.
1460 2457 1610 2499 Verum
1632 2461 1720 2511 quia
1738 2458 1842 2499 casus
1864 2471 1945 2500 non
1964 2473 2037 2501 no-
2088 2474 2089 2477 ’
2110 2482 2112 2514 3

232 2524 308 2565 stro
327 2524 473 2575 semper
495 2522 616 2563 modo
628 2524 822 2569 {eveniunt
835 2553 848 2571 ,
874 2533 947 2562 nec
968 2524 1005 2561 in
1021 2519 1146 2561 nostra
1161 2519 1351 2559 interdum
1372 2519 1485 2560 situm
1500 2518 1556 2560 est
1569 2518 1781 2572 potestate,
1796 2531 1866 2560 eos
1885 2520 2038 2574 suspen-
2090 2516 2091 2521 ’
2110 2541 2111 2569 3

233 2585 325 2625 dere
348 2594 412 2624 aut
439 2594 628 2624 maturare
643 2613 655 2631 ,
685 2582 898 2634 prudentiae
914 2584 984 2621 erit
1011 2580 1270 2628 considerare,
1301 2591 1394 2619 num
1414 2578 1463 2619 de
1483 2579 1663 2620 dilatione
1688 2578 1974 2621 deliberandum
1989 2580 2034 2621 fit
2131 2630 2132 2634 Ἰ

233 2646 388 2697 potius,
417 2655 463 2683 an
484 2643 532 2682 de
547 2641 801 2683 festinatione.
864 2643 1015 2681 Etenim
1032 2642 1186 2694 negotia
1202 2640 1375 2691 quaedam
1393 2639 1498 2690 sunt,
1529 2652 1613 2691 quae
1635 2641 1869 2680 celeritatem
1888 2642 1928 2680 in
1960 2640 2030 2680 sta-

233 2704 380 2744 tuendo
399 2702 618 2756 postulant,
648 2704 718 2742 alia
733 2712 884 2754 tempus
912 2703 948 2741 δε
966 2711 1151 2741 maturam
1169 2699 1503 2749 deliberationem,
1533 2700 1570 2739 &
1589 2699 1617 2739 fi
1632 2700 1670 2739 in
1693 2701 1874 2739 alterutro
1892 2712 2033 2752 pecce-
2084 2688 2100 2709 ⁴¹
2130 2735 2132 2751 ,

234 2773 316 2813 tur,
346 2764 486 2803 damno
506 2775 550 2803 ac
569 2762 692 2803 fraudi
709 2762 747 2801 id
768 2765 838 2802 erit
852 2760 1101 2813 Reipublicae.
1133 2759 1417 2808 Confideratio,
1448 2773 1532 2811 quae
1554 2760 1639 2811 plus
1658 2761 1881 2799 nocumenti
1897 2759 2035 2809 adfert,
2086 2764 2100 2801 ,ζ

234 2822 349 2875 quam
372 2826 563 2862 temeritas
578 2853 590 2872 ,
619 2834 859 2874 nequaquam
880 2820 1052 2873 proficua
1088 2819 1155 2863 est.
1216 2818 1258 2858 In
1282 2818 1427 2858 casibus
1452 2820 1581 2859 subitis
1606 2821 1716 2871 arripi
1744 2819 1885 2859 debent
1911 2819 2033 2859 confi-

233 2884 300 2931 lia,
331 2895 409 2922 non
428 2884 523 2933 capi.
585 2882 780 2935 Quicquid
798 2883 982 2933 temporis
1001 2879 1247 2920 deliberando
1266 2878 1519 2929 consumitur,
1549 2887 1614 2918 aut
1640 2881 1851 2930 periculum
1870 2880 2030 2918 lucrabi-
2067 2882 2069 2887 ‘

234 2953 294 2983 tur
309 2972 322 2992 ‚
353 2951 417 2981 aut
439 2941 576 2992 perdet
597 2942 763 2982 occafio.
823 2941 853 2980 F
855 2950 991 2980 ortuna
1017 2938 1427 2988 celerrimemovetur,
1457 2939 1682 2978 &homines
1705 2939 1875 2990 plerique
1895 2951 2029 2979 omnes

233 3015 312 3043 non
342 3001 409 3041 nisi
441 2999 543 3040 lente
571 3000 608 3039 &
637 3001 767 3040 tarde:
798 3000 886 3041 ideo
907 3002 1019 3052 pauci
1047 3011 1130 3039 eam
1154 2998 1406 3049 affequuntur.
1466 2998 1679 3038 Maximam
1702 3006 1849 3049 partem
1878 2997 1927 3037 de
1957 3010 2030 3048 eo,
2088 3005 2090 3007 ’

232 3062 339 3114 quod
357 3062 432 3112 jam
451 3061 629 3113 praeteriit
653 3062 689 3098 in
714 3061 1028 3099 deliberationem
1051 3059 1266 3110 suscipimus
1285 3087 1297 3106 ‚
1327 3057 1364 3097 &
1388 3068 1550 3097 eventus
1574 3058 1673 3109 ipsos
1696 3056 1889 3097 confilium
1910 3057 2029 3110 sequi-

234 3131 308 3162 tur.
368 3120 445 3173 (h)
477 3120 551 3159 Res
571 3118 694 3172 ncstrae
704 3118 902 3170 feruntur,
931 3122 1027 3160 immo
1043 3119 1258 3166 volvuntzcr5
1287 3131 1365 3169 ergo
1380 3117 1539 3170 confilium
1556 3114 1623 3167 fitb
1644 3116 1696 3157 die
1716 3112 1803 3166 nasci
1823 3115 1946 3164 debet‚·
1981 3117 2032 3162 &⁶³

232 3181 290 3222 hoc
305 3194 434 3235 quoque
454 3178 594 3219 tardum
617 3178 664 3232 est
679 3181 777 3218 nimis
791 3209 802 3228 ‚
820 3177 887 3230 sith
907 3191 1036 3228 manu,
1066 3175 1156 3232 quod
1166 3179 1291 3232 ajunt,
1319 3174 1490 3227 uastatur.
1552 3175 1720 3229 Quando
1743 3184 1893 3229 tempus
1911 3190 2029 3228 nego-
2083 3185 2085 3190 ⁴

1970 3248 2031 3277 tiis
2087 3273 2103 3288 A

339 3335 400 3382 (a)
426 3335 492 3381 Jul⁴
509 3334 596 3369 Caes.
648 3332 722 3382 (b)
747 3334 891 3368 Seneca.
