<?xml version="1.0" encoding="UTF-8"?>
<!DOCTYPE html PUBLIC "-//W3C//DTD XHTML 1.0 Transitional//EN"
    "http://www.w3.org/TR/xhtml1/DTD/xhtml1-transitional.dtd">
<html xmlns="http://www.w3.org/1999/xhtml" xml:lang="en" lang="en">
 <head>
  <title>
</title>
<meta http-equiv="Content-Type" content="text/html;charset=utf-8" />
  <meta name='ocr-system' content='tesseract 3.04.00' />
  <meta name='ocr-capabilities' content='ocr_page ocr_carea ocr_par ocr_line ocrx_word'/>
</head>
<body>
  <div class='ocr_page' id='page_1' title='image "./didacisaavedraef00saav_0374.png"; bbox 0 0 2132 3730; ppageno 0'>
   <div class='ocr_carea' id='block_1_1' title="bbox 198 242 1587 316">
    <p class='ocr_par' dir='ltr' id='par_1_1' title="bbox 198 242 1587 316">
     <span class='ocr_line' id='line_1_1' title="bbox 198 242 1587 316; baseline -0.002 -26"><span class='ocrx_word' id='word_1_1' title='bbox 198 263 285 308; x_wconf 76' lang='lat'><strong>354</strong></span> <span class='ocrx_word' id='word_1_2' title='bbox 647 244 986 316; x_wconf 52' lang='lat' dir='ltr'><strong>DIDAgl</strong></span> <span class='ocrx_word' id='word_1_3' title='bbox 1051 242 1587 287; x_wconf 86' lang='lat' dir='ltr'><em>SAAVEDRAE</em></span> 
     </span>
    </p>
   </div>
   <div class='ocr_carea' id='block_1_2' title="bbox 188 326 2003 2535">
    <p class='ocr_par' dir='ltr' id='par_1_2' title="bbox 188 326 2003 2535">
     <span class='ocr_line' id='line_1_2' title="bbox 194 326 1994 380; baseline -0.004 -3"><span class='ocrx_word' id='word_1_4' title='bbox 194 336 362 377; x_wconf 88' lang='lat' dir='ltr'><strong>Coronae</strong></span> <span class='ocrx_word' id='word_1_5' title='bbox 403 330 618 371; x_wconf 85' lang='lat' dir='ltr'><strong>Castellanae</strong></span> <span class='ocrx_word' id='word_1_6' title='bbox 646 330 743 368; x_wconf 89' lang='lat' dir='ltr'><strong>uniri</strong></span> <span class='ocrx_word' id='word_1_7' title='bbox 770 328 868 368; x_wconf 87' lang='lat' dir='ltr'><strong>vidit</strong></span> <span class='ocrx_word' id='word_1_8' title='bbox 897 326 1031 368; x_wconf 72' lang='lat' dir='ltr'><strong>Siciliae</strong></span> <span class='ocrx_word' id='word_1_9' title='bbox 1069 328 1265 380; x_wconf 84' lang='lat' dir='ltr'>Regnum:</span> <span class='ocrx_word' id='word_1_10' title='bbox 1297 332 1361 380; x_wconf 92' lang='lat' dir='ltr'><strong>qui</strong></span> <span class='ocrx_word' id='word_1_11' title='bbox 1386 331 1500 370; x_wconf 88' lang='lat' dir='ltr'><strong>timor</strong></span> <span class='ocrx_word' id='word_1_12' title='bbox 1522 329 1653 369; x_wconf 62' lang='lat' dir='ltr'><strong>auctus</strong></span> <span class='ocrx_word' id='word_1_13' title='bbox 1672 330 1726 370; x_wconf 88' lang='lat' dir='ltr'><strong>est</strong></span> <span class='ocrx_word' id='word_1_14' title='bbox 1752 329 1891 369; x_wconf 90' lang='lat' dir='ltr'><strong>deinde</strong></span> <span class='ocrx_word' id='word_1_15' title='bbox 1914 341 1994 370; x_wconf 88' lang='lat' dir='ltr'><strong>non</strong></span> 
     </span>
     <span class='ocr_line' id='line_1_3' title="bbox 192 387 1996 449; baseline -0.002 -18"><span class='ocrx_word' id='word_1_16' title='bbox 192 407 349 449; x_wconf 82' lang='lat' dir='ltr'><strong>parum,</strong></span> <span class='ocrx_word' id='word_1_17' title='bbox 379 403 464 430; x_wconf 91' lang='lat' dir='ltr'><strong>cum</strong></span> <span class='ocrx_word' id='word_1_18' title='bbox 492 390 670 441; x_wconf 83' lang='lat' dir='ltr'>Regnum</span> <span class='ocrx_word' id='word_1_19' title='bbox 693 389 807 428; x_wconf 88' lang='lat' dir='ltr'><strong>etiam</strong></span> <span class='ocrx_word' id='word_1_20' title='bbox 827 387 1132 439; x_wconf 87' lang='lat' dir='ltr'><strong>Neapolitanum</strong></span> <span class='ocrx_word' id='word_1_21' title='bbox 1154 389 1316 437; x_wconf 84' lang='lat' dir='ltr'><strong>accessit,</strong></span> <span class='ocrx_word' id='word_1_22' title='bbox 1342 390 1379 429; x_wconf 73' lang='grc' dir='ltr'><strong>δε</strong></span> <span class='ocrx_word' id='word_1_23' title='bbox 1401 390 1518 430; x_wconf 81' lang='lat' dir='ltr'><strong>ambo</strong></span> <span class='ocrx_word' id='word_1_24' title='bbox 1535 389 1643 430; x_wconf 87' lang='lat' dir='ltr'><strong>fimul</strong></span> <span class='ocrx_word' id='word_1_25' title='bbox 1666 389 1834 429; x_wconf 82' lang='lat' dir='ltr'><strong>Castellae</strong></span> <span class='ocrx_word' id='word_1_26' title='bbox 1863 389 1996 428; x_wconf 87' lang='lat' dir='ltr'><strong>obedi-</strong></span> 
     </span>
     <span class='ocr_line' id='line_1_4' title="bbox 192 445 1998 503; baseline -0.001 -14"><span class='ocrx_word' id='word_1_27' title='bbox 192 457 332 495; x_wconf 73' lang='lat' dir='ltr'><strong>entiam</strong></span> <span class='ocrx_word' id='word_1_28' title='bbox 354 445 581 503; x_wconf 60' lang='lat' dir='ltr'><strong>praestitere,</strong></span> <span class='ocrx_word' id='word_1_29' title='bbox 612 448 777 499; x_wconf 87' lang='lat' dir='ltr'><strong>denique</strong></span> <span class='ocrx_word' id='word_1_30' title='bbox 798 447 996 499; x_wconf 84' lang='lat' dir='ltr'><strong>desperare</strong></span> <span class='ocrx_word' id='word_1_31' title='bbox 1017 448 1175 486; x_wconf 90' lang='lat' dir='ltr'><strong>omnino</strong></span> <span class='ocrx_word' id='word_1_32' title='bbox 1192 449 1268 487; x_wconf 87' lang='lat' dir='ltr'><strong>visa</strong></span> <span class='ocrx_word' id='word_1_33' title='bbox 1290 448 1365 498; x_wconf 89' lang='lat' dir='ltr'><strong>est,</strong></span> <span class='ocrx_word' id='word_1_34' title='bbox 1395 450 1550 501; x_wconf 88' lang='lat' dir='ltr'><strong>quando</strong></span> <span class='ocrx_word' id='word_1_35' title='bbox 1571 449 1732 488; x_wconf 84' lang='lat' dir='ltr'>Carolus</span> <span class='ocrx_word' id='word_1_36' title='bbox 1745 450 1911 502; x_wconf 83' lang='lat' dir='ltr'><strong>Quintus</strong></span> <span class='ocrx_word' id='word_1_37' title='bbox 1925 448 1998 488; x_wconf 84' lang='lat' dir='ltr'><strong>Im·</strong></span> 
     </span>
     <span class='ocr_line' id='line_1_5' title="bbox 193 505 1997 568; baseline -0.003 -14"><span class='ocrx_word' id='word_1_38' title='bbox 193 525 347 568; x_wconf 89' lang='lat' dir='ltr'><strong>perator</strong></span> <span class='ocrx_word' id='word_1_39' title='bbox 382 507 713 547; x_wconf 83' lang='lat' dir='ltr'><strong>Mediolanensem</strong></span> <span class='ocrx_word' id='word_1_40' title='bbox 738 507 874 547; x_wconf 86' lang='lat' dir='ltr'><strong>statum</strong></span> <span class='ocrx_word' id='word_1_41' title='bbox 900 506 1090 560; x_wconf 82' lang='lat' dir='ltr'><strong>Hispaniae</strong></span> <span class='ocrx_word' id='word_1_42' title='bbox 1117 505 1210 546; x_wconf 84' lang='lat' dir='ltr'><strong>fecit</strong></span> <span class='ocrx_word' id='word_1_43' title='bbox 1231 506 1503 556; x_wconf 84' lang='lat' dir='ltr'><strong>feudatarium;</strong></span> <span class='ocrx_word' id='word_1_44' title='bbox 1536 510 1588 549; x_wconf 88' lang='lat' dir='ltr'><strong>ob</strong></span> <span class='ocrx_word' id='word_1_45' title='bbox 1623 508 1688 548; x_wconf 81' lang='lat' dir='ltr'><strong>ista</strong></span> <span class='ocrx_word' id='word_1_46' title='bbox 1717 512 1845 548; x_wconf 87' lang='lat' dir='ltr'><strong>omnia</strong></span> <span class='ocrx_word' id='word_1_47' title='bbox 1867 513 1997 548; x_wconf 82' lang='lat' dir='ltr'><strong>tamen</strong></span> 
     </span>
     <span class='ocr_line' id='line_1_6' title="bbox 190 567 1998 620; baseline -0.003 -9"><span class='ocrx_word' id='word_1_48' title='bbox 190 587 272 615; x_wconf 82' lang='lat' dir='ltr'><strong>non</strong></span> <span class='ocrx_word' id='word_1_49' title='bbox 293 570 491 610; x_wconf 86' lang='lat' dir='ltr'><strong>amiserunt</strong></span> <span class='ocrx_word' id='word_1_50' title='bbox 511 569 746 620; x_wconf 86' lang='lat' dir='ltr'><strong>Principatus</strong></span> <span class='ocrx_word' id='word_1_51' title='bbox 768 568 869 607; x_wconf 88' lang='lat' dir='ltr'><strong>suam</strong></span> <span class='ocrx_word' id='word_1_52' title='bbox 892 568 1129 615; x_wconf 87' lang='lat' dir='ltr'><strong>libertatem,</strong></span> <span class='ocrx_word' id='word_1_53' title='bbox 1158 568 1277 606; x_wconf 89' lang='lat' dir='ltr'><strong>immo</strong></span> <span class='ocrx_word' id='word_1_54' title='bbox 1295 569 1368 606; x_wconf 85' lang='lat' dir='ltr'><strong>tuti</strong></span> <span class='ocrx_word' id='word_1_55' title='bbox 1398 568 1574 607; x_wconf 86' lang='lat' dir='ltr'><strong>adversus</strong></span> <span class='ocrx_word' id='word_1_56' title='bbox 1598 567 1807 608; x_wconf 86' lang='lat' dir='ltr'><strong>Turcarum</strong></span> <span class='ocrx_word' id='word_1_57' title='bbox 1829 579 1929 607; x_wconf 89' lang='lat' dir='ltr'><strong>arma</strong></span> <span class='ocrx_word' id='word_1_58' title='bbox 1959 567 1998 606; x_wconf 85' lang='lat'>&amp;</span> 
     </span>
     <span class='ocr_line' id='line_1_7' title="bbox 192 625 1998 681; baseline -0.003 -10"><span class='ocrx_word' id='word_1_59' title='bbox 192 631 454 681; x_wconf 80' lang='lat' dir='ltr'><strong>Transalpina,</strong></span> <span class='ocrx_word' id='word_1_60' title='bbox 485 629 672 679; x_wconf 87' lang='lat' dir='ltr'><strong>integrum</strong></span> <span class='ocrx_word' id='word_1_61' title='bbox 694 627 869 666; x_wconf 89' lang='lat' dir='ltr'><strong>saeculum</strong></span> <span class='ocrx_word' id='word_1_62' title='bbox 891 640 988 679; x_wconf 89' lang='lat' dir='ltr'><strong>pace</strong></span> <span class='ocrx_word' id='word_1_63' title='bbox 1004 625 1120 678; x_wconf 79' lang='lat' dir='ltr'>gavisi</span> <span class='ocrx_word' id='word_1_64' title='bbox 1142 628 1241 670; x_wconf 75' lang='lat' dir='ltr'><strong>sunt.</strong></span> <span class='ocrx_word' id='word_1_65' title='bbox 1297 625 1451 665; x_wconf 87' lang='lat' dir='ltr'><strong>Multos</strong></span> <span class='ocrx_word' id='word_1_66' title='bbox 1472 628 1663 678; x_wconf 84' lang='lat' dir='ltr'><strong>inquietos</strong></span> <span class='ocrx_word' id='word_1_67' title='bbox 1685 627 1848 667; x_wconf 81' lang='lat' dir='ltr'>reddidit</span> <span class='ocrx_word' id='word_1_68' title='bbox 1865 639 1909 666; x_wconf 85' lang='lat' dir='ltr'><strong>ac</strong></span> <span class='ocrx_word' id='word_1_69' title='bbox 1926 627 1998 666; x_wconf 84' lang='lat' dir='ltr'><strong>sol-</strong></span> 
     </span>
     <span class='ocr_line' id='line_1_8' title="bbox 191 685 1998 742; baseline -0.004 -11"><span class='ocrx_word' id='word_1_70' title='bbox 191 693 316 731; x_wconf 88' lang='lat' dir='ltr'><strong>licitos</strong></span> <span class='ocrx_word' id='word_1_71' title='bbox 347 689 679 742; x_wconf 83' lang='lat' dir='ltr'>propugnaculum</span> <span class='ocrx_word' id='word_1_72' title='bbox 703 688 749 726; x_wconf 89' lang='lat' dir='ltr'><strong>ab</strong></span> <span class='ocrx_word' id='word_1_73' title='bbox 771 686 948 739; x_wconf 88' lang='lat' dir='ltr'><strong>Hispanis</strong></span> <span class='ocrx_word' id='word_1_74' title='bbox 975 685 1144 726; x_wconf 66' lang='lat' dir='ltr'><strong>erectum</strong></span> <span class='ocrx_word' id='word_1_75' title='bbox 1162 685 1190 738; x_wconf 68' lang='grc' dir='ltr'><em>ζ</em></span> <span class='ocrx_word' id='word_1_76' title='bbox 1202 685 1308 737; x_wconf 93' lang='lat' dir='ltr'><strong>quod</strong></span> <span class='ocrx_word' id='word_1_77' title='bbox 1325 686 1453 726; x_wconf 59' lang='lat' dir='ltr'><strong>Ivlterte</strong></span> <span class='ocrx_word' id='word_1_78' title='bbox 1478 685 1520 725; x_wconf 70' lang='lat' dir='ltr'><strong>de</strong></span> <span class='ocrx_word' id='word_1_79' title='bbox 1537 686 1685 726; x_wconf 69' lang='lat' dir='ltr'><strong>therztes</strong></span> <span class='ocrx_word' id='word_1_80' title='bbox 1713 689 1847 725; x_wconf 85' lang='lat' dir='ltr'><strong>dicitur</strong></span> <span class='ocrx_word' id='word_1_81' title='bbox 1862 688 1889 738; x_wconf 75' lang='lat'>)</span> <span class='ocrx_word' id='word_1_82' title='bbox 1915 695 1998 725; x_wconf 86' lang='lat' dir='ltr'><strong>tan-</strong></span> 
     </span>
     <span class='ocr_line' id='line_1_9' title="bbox 191 744 2000 803; baseline -0.004 -12"><span class='ocrx_word' id='word_1_83' title='bbox 191 763 305 803; x_wconf 86' lang='lat' dir='ltr'>quam</span> <span class='ocrx_word' id='word_1_84' title='bbox 334 750 361 790; x_wconf 80' lang='lat' dir='ltr'><strong>si</strong></span> <span class='ocrx_word' id='word_1_85' title='bbox 383 749 496 787; x_wconf 86' lang='lat' dir='ltr'><strong>Italiae</strong></span> <span class='ocrx_word' id='word_1_86' title='bbox 511 747 673 787; x_wconf 82' lang='lat' dir='ltr'><strong>froenum</strong></span> <span class='ocrx_word' id='word_1_87' title='bbox 698 746 814 796; x_wconf 87' lang='lat' dir='ltr'><strong>esset,</strong></span> <span class='ocrx_word' id='word_1_88' title='bbox 845 748 882 787; x_wconf 85' lang='lat'>&amp;</span> <span class='ocrx_word' id='word_1_89' title='bbox 907 747 992 787; x_wconf 84' lang='lat' dir='ltr'><strong>usus</strong></span> <span class='ocrx_word' id='word_1_90' title='bbox 1020 745 1172 794; x_wconf 84' lang='lat' dir='ltr'><strong>docuit,</strong></span> <span class='ocrx_word' id='word_1_91' title='bbox 1202 757 1281 785; x_wconf 88' lang='lat' dir='ltr'><strong>non</strong></span> <span class='ocrx_word' id='word_1_92' title='bbox 1304 745 1372 786; x_wconf 79' lang='lat' dir='ltr'><strong>nili</strong></span> <span class='ocrx_word' id='word_1_93' title='bbox 1399 747 1510 785; x_wconf 86' lang='lat' dir='ltr'><strong>unius</strong></span> <span class='ocrx_word' id='word_1_94' title='bbox 1536 744 1765 784; x_wconf 82' lang='lat' dir='ltr'><strong>defensionis</strong></span> <span class='ocrx_word' id='word_1_95' title='bbox 1798 746 1905 784; x_wconf 83' lang='lat' dir='ltr'><strong>causa</strong></span> <span class='ocrx_word' id='word_1_96' title='bbox 1932 757 2000 784; x_wconf 77' lang='lat' dir='ltr'><strong>ex·</strong></span> 
     </span>
     <span class='ocr_line' id='line_1_10' title="bbox 190 804 2000 859; baseline -0.005 -7"><span class='ocrx_word' id='word_1_97' title='bbox 190 810 373 852; x_wconf 64' lang='lat' dir='ltr'><strong>structum</strong></span> <span class='ocrx_word' id='word_1_98' title='bbox 391 807 512 848; x_wconf 82' lang='lat' dir='ltr'><strong>fuill&#39;e.</strong></span> <span class='ocrx_word' id='word_1_99' title='bbox 573 807 722 847; x_wconf 85' lang='lat' dir='ltr'><strong>Omnes</strong></span> <span class='ocrx_word' id='word_1_100' title='bbox 754 806 830 846; x_wconf 87' lang='lat' dir='ltr'><strong>istae</strong></span> <span class='ocrx_word' id='word_1_101' title='bbox 866 807 1112 859; x_wconf 83' lang='lat' dir='ltr'><strong>experientiae</strong></span> <span class='ocrx_word' id='word_1_102' title='bbox 1132 807 1355 857; x_wconf 81' lang='lat' dir='ltr'>neutiquam</span> <span class='ocrx_word' id='word_1_103' title='bbox 1380 805 1565 845; x_wconf 87' lang='lat' dir='ltr'><strong>sufficiunt</strong></span> <span class='ocrx_word' id='word_1_104' title='bbox 1590 804 1638 844; x_wconf 89' lang='lat' dir='ltr'><strong>ad</strong></span> <span class='ocrx_word' id='word_1_105' title='bbox 1667 805 1848 844; x_wconf 87' lang='lat' dir='ltr'><strong>curandas</strong></span> <span class='ocrx_word' id='word_1_106' title='bbox 1869 806 2000 844; x_wconf 83' lang='lat' dir='ltr'><strong>inanes</strong></span> 
     </span>
     <span class='ocr_line' id='line_1_11' title="bbox 190 862 1998 924; baseline -0.006 -12"><span class='ocrx_word' id='word_1_107' title='bbox 190 869 513 924; x_wconf 77' lang='lat' dir='ltr'><strong>apprehenliones</strong></span> <span class='ocrx_word' id='word_1_108' title='bbox 532 866 838 918; x_wconf 87' lang='lat' dir='ltr'><strong>hypochondriae</strong></span> <span class='ocrx_word' id='word_1_109' title='bbox 869 867 996 915; x_wconf 87' lang='lat' dir='ltr'><strong>istius,</strong></span> <span class='ocrx_word' id='word_1_110' title='bbox 1027 878 1140 918; x_wconf 88' lang='lat' dir='ltr'><strong>quam</strong></span> <span class='ocrx_word' id='word_1_111' title='bbox 1171 868 1360 905; x_wconf 86' lang='lat' dir='ltr'><strong>rationem</strong></span> <span class='ocrx_word' id='word_1_112' title='bbox 1382 862 1510 904; x_wconf 70' lang='lat' dir='ltr'><strong>Status</strong></span> <span class='ocrx_word' id='word_1_113' title='bbox 1537 876 1681 905; x_wconf 84' lang='lat' dir='ltr'><strong>vocare</strong></span> <span class='ocrx_word' id='word_1_114' title='bbox 1715 863 1859 911; x_wconf 87' lang='lat' dir='ltr'><strong>solent,</strong></span> <span class='ocrx_word' id='word_1_115' title='bbox 1890 875 1998 903; x_wconf 84' lang='lat' dir='ltr'><strong>acce-</strong></span> 
     </span>
     <span class='ocr_line' id='line_1_12' title="bbox 191 922 1999 980; baseline -0.006 -9"><span class='ocrx_word' id='word_1_116' title='bbox 191 931 370 971; x_wconf 81' lang='lat' dir='ltr'><strong>dentibus</strong></span> <span class='ocrx_word' id='word_1_117' title='bbox 389 929 594 980; x_wconf 68' lang='lat' dir='ltr'><strong>przesertim</strong></span> <span class='ocrx_word' id='word_1_118' title='bbox 618 927 842 966; x_wconf 84' lang='lat' dir='ltr'>humoribus</span> <span class='ocrx_word' id='word_1_119' title='bbox 868 927 1019 967; x_wconf 89' lang='lat' dir='ltr'><strong>invidiae</strong></span> <span class='ocrx_word' id='word_1_120' title='bbox 1039 926 1076 965; x_wconf 87' lang='lat'>&amp;</span> <span class='ocrx_word' id='word_1_121' title='bbox 1097 927 1345 965; x_wconf 70' lang='lat' dir='ltr'><strong>tumulationis</strong></span> <span class='ocrx_word' id='word_1_122' title='bbox 1367 935 1409 964; x_wconf 93' lang='lat' dir='ltr'><strong>ut</strong></span> <span class='ocrx_word' id='word_1_123' title='bbox 1432 924 1644 977; x_wconf 78' lang='lat' dir='ltr'><strong>phantasias</strong></span> <span class='ocrx_word' id='word_1_124' title='bbox 1667 923 1747 963; x_wconf 84' lang='lat' dir='ltr'><strong>suas</strong></span> <span class='ocrx_word' id='word_1_125' title='bbox 1773 922 1999 963; x_wconf 81' lang='lat' dir='ltr'><strong>melancho-</strong></span> 
     </span>
     <span class='ocr_line' id='line_1_13' title="bbox 188 981 2000 1041; baseline -0.006 -9"><span class='ocrx_word' id='word_1_126' title='bbox 188 993 280 1033; x_wconf 86' lang='lat' dir='ltr'><strong>licas</strong></span> <span class='ocrx_word' id='word_1_127' title='bbox 306 991 464 1041; x_wconf 85' lang='lat' dir='ltr'><strong>abjiciat.</strong></span> <span class='ocrx_word' id='word_1_128' title='bbox 529 987 699 1026; x_wconf 82' lang='lat' dir='ltr'><strong>Casalum</strong></span> <span class='ocrx_word' id='word_1_129' title='bbox 725 987 813 1026; x_wconf 86' lang='lat' dir='ltr'><strong>Rex</strong></span> <span class='ocrx_word' id='word_1_130' title='bbox 832 985 1056 1026; x_wconf 88' lang='lat' dir='ltr'><strong>Catholicus</strong></span> <span class='ocrx_word' id='word_1_131' title='bbox 1085 987 1194 1024; x_wconf 88' lang='lat' dir='ltr'><strong>armis</strong></span> <span class='ocrx_word' id='word_1_132' title='bbox 1216 985 1288 1027; x_wconf 90' lang='lat' dir='ltr'><strong>suis</strong></span> <span class='ocrx_word' id='word_1_133' title='bbox 1310 984 1481 1034; x_wconf 81' lang='lat' dir='ltr'><strong>obsidet,</strong></span> <span class='ocrx_word' id='word_1_134' title='bbox 1510 993 1554 1024; x_wconf 89' lang='lat' dir='ltr'><strong>ut</strong></span> <span class='ocrx_word' id='word_1_135' title='bbox 1579 984 1761 1023; x_wconf 80' lang='lat' dir='ltr'><strong>exturbet</strong></span> <span class='ocrx_word' id='word_1_136' title='bbox 1779 983 1869 1022; x_wconf 90' lang='lat' dir='ltr'><strong>inde</strong></span> <span class='ocrx_word' id='word_1_137' title='bbox 1885 981 2000 1021; x_wconf 81' lang='lat' dir='ltr'><strong>Fran-</strong></span> 
     </span>
     <span class='ocr_line' id='line_1_14' title="bbox 190 1042 2001 1099; baseline -0.006 -8"><span class='ocrx_word' id='word_1_138' title='bbox 190 1064 281 1098; x_wconf 85' lang='lat' dir='ltr'><strong>cos,</strong></span> <span class='ocrx_word' id='word_1_139' title='bbox 312 1051 523 1098; x_wconf 80' lang='lat' dir='ltr'><strong>urbemque</strong></span> <span class='ocrx_word' id='word_1_140' title='bbox 543 1049 713 1099; x_wconf 81' lang='lat' dir='ltr'><strong>legitimo</strong></span> <span class='ocrx_word' id='word_1_141' title='bbox 744 1046 811 1086; x_wconf 86' lang='lat' dir='ltr'><strong>suo</strong></span> <span class='ocrx_word' id='word_1_142' title='bbox 836 1045 1012 1086; x_wconf 87' lang='lat' dir='ltr'><strong>Domino</strong></span> <span class='ocrx_word' id='word_1_143' title='bbox 1039 1043 1231 1095; x_wconf 84' lang='lat' dir='ltr'><strong>restituat,</strong></span> <span class='ocrx_word' id='word_1_144' title='bbox 1262 1044 1309 1084; x_wconf 86' lang='lat' dir='ltr'><strong>ad</strong></span> <span class='ocrx_word' id='word_1_145' title='bbox 1331 1044 1592 1085; x_wconf 85' lang='lat' dir='ltr'><strong>maturandam</strong></span> <span class='ocrx_word' id='word_1_146' title='bbox 1612 1054 1748 1096; x_wconf 82' lang='lat' dir='ltr'><strong>pacem</strong></span> <span class='ocrx_word' id='word_1_147' title='bbox 1771 1042 2001 1093; x_wconf 83' lang='lat' dir='ltr'><strong>&amp;tranquil-</strong></span> 
     </span>
     <span class='ocr_line' id='line_1_15' title="bbox 189 1102 2002 1155; baseline -0.007 -3"><span class='ocrx_word' id='word_1_148' title='bbox 189 1113 335 1152; x_wconf 81' lang='lat' dir='ltr'><strong>litatem</strong></span> <span class='ocrx_word' id='word_1_149' title='bbox 353 1110 487 1155; x_wconf 82' lang='lat' dir='ltr'><strong>ltaliae‚</strong></span> <span class='ocrx_word' id='word_1_150' title='bbox 521 1107 558 1147; x_wconf 86' lang='lat'>&amp;</span> <span class='ocrx_word' id='word_1_151' title='bbox 580 1119 673 1146; x_wconf 86' lang='lat' dir='ltr'><strong>mox</strong></span> <span class='ocrx_word' id='word_1_152' title='bbox 692 1108 815 1146; x_wconf 85' lang='lat' dir='ltr'><strong>aemuli</strong></span> <span class='ocrx_word' id='word_1_153' title='bbox 832 1106 880 1145; x_wconf 89' lang='lat' dir='ltr'><strong>de</strong></span> <span class='ocrx_word' id='word_1_154' title='bbox 901 1118 1010 1145; x_wconf 88' lang='lat' dir='ltr'><strong>novo</strong></span> <span class='ocrx_word' id='word_1_155' title='bbox 1036 1102 1181 1145; x_wconf 80' lang='lat' dir='ltr'><strong>foedere</strong></span> <span class='ocrx_word' id='word_1_156' title='bbox 1205 1105 1383 1145; x_wconf 85' lang='lat' dir='ltr'><strong>adversus</strong></span> <span class='ocrx_word' id='word_1_157' title='bbox 1411 1117 1498 1144; x_wconf 87' lang='lat' dir='ltr'><strong>eum</strong></span> <span class='ocrx_word' id='word_1_158' title='bbox 1521 1103 1691 1143; x_wconf 86' lang='lat' dir='ltr'><strong>ineundo</strong></span> <span class='ocrx_word' id='word_1_159' title='bbox 1722 1105 1891 1155; x_wconf 86' lang='lat' dir='ltr'><strong>cogitant</strong></span> <span class='ocrx_word' id='word_1_160' title='bbox 1913 1114 2002 1153; x_wconf 84' lang='lat' dir='ltr'><strong>per-</strong></span> 
     </span>
     <span class='ocr_line' id='line_1_16' title="bbox 189 1164 2001 1218; baseline -0.006 -7"><span class='ocrx_word' id='word_1_161' title='bbox 189 1171 279 1212; x_wconf 84' lang='lat' dir='ltr'><strong>inde</strong></span> <span class='ocrx_word' id='word_1_162' title='bbox 300 1183 343 1210; x_wconf 88' lang='lat' dir='ltr'><strong>ac</strong></span> <span class='ocrx_word' id='word_1_163' title='bbox 368 1169 397 1208; x_wconf 78' lang='lat' dir='ltr'><strong>si</strong></span> <span class='ocrx_word' id='word_1_164' title='bbox 426 1178 498 1206; x_wconf 86' lang='lat' dir='ltr'><strong>una</strong></span> <span class='ocrx_word' id='word_1_165' title='bbox 519 1168 642 1218; x_wconf 81' lang='lat' dir='ltr'><strong>aliqua</strong></span> <span class='ocrx_word' id='word_1_166' title='bbox 666 1168 780 1215; x_wconf 83' lang='lat' dir='ltr'><strong>urbs,</strong></span> <span class='ocrx_word' id='word_1_167' title='bbox 814 1176 1024 1218; x_wconf 79' lang='lat' dir='ltr'><strong>occupata,</strong></span> <span class='ocrx_word' id='word_1_168' title='bbox 1057 1174 1121 1203; x_wconf 88' lang='lat' dir='ltr'><strong>aut</strong></span> <span class='ocrx_word' id='word_1_169' title='bbox 1152 1165 1300 1217; x_wconf 82' lang='lat' dir='ltr'><strong>perdita</strong></span> <span class='ocrx_word' id='word_1_170' title='bbox 1321 1166 1358 1204; x_wconf 89' lang='lat' dir='ltr'><strong>in</strong></span> <span class='ocrx_word' id='word_1_171' title='bbox 1379 1166 1553 1216; x_wconf 78' lang='lat' dir='ltr'><strong>potentia</strong></span> <span class='ocrx_word' id='word_1_172' title='bbox 1577 1175 1653 1202; x_wconf 88' lang='lat' dir='ltr'><strong>tam</strong></span> <span class='ocrx_word' id='word_1_173' title='bbox 1675 1164 1800 1215; x_wconf 84' lang='lat' dir='ltr'><strong>ampla</strong></span> <span class='ocrx_word' id='word_1_174' title='bbox 1827 1173 2001 1200; x_wconf 84' lang='lat' dir='ltr'><strong>momen·</strong></span> 
     </span>
     <span class='ocr_line' id='line_1_17' title="bbox 188 1220 1998 1282; baseline -0.007 -11"><span class='ocrx_word' id='word_1_175' title='bbox 188 1234 220 1271; x_wconf 86' lang='lat' dir='ltr'><strong>ti</strong></span> <span class='ocrx_word' id='word_1_176' title='bbox 243 1233 448 1282; x_wconf 85' lang='lat' dir='ltr'><strong>quicquam</strong></span> <span class='ocrx_word' id='word_1_177' title='bbox 468 1228 640 1267; x_wconf 84' lang='lat' dir='ltr'><strong>haberet.</strong></span> <span class='ocrx_word' id='word_1_178' title='bbox 699 1226 733 1265; x_wconf 95' lang='lat' dir='ltr'>E</span> <span class='ocrx_word' id='word_1_179' title='bbox 754 1224 842 1265; x_wconf 86' lang='lat' dir='ltr'><strong>falsa</strong></span> <span class='ocrx_word' id='word_1_180' title='bbox 857 1224 922 1265; x_wconf 87' lang='lat' dir='ltr'><strong>ista</strong></span> <span class='ocrx_word' id='word_1_181' title='bbox 949 1226 1175 1264; x_wconf 86' lang='lat' dir='ltr'><strong>damnorum</strong></span> <span class='ocrx_word' id='word_1_182' title='bbox 1197 1224 1232 1264; x_wconf 88' lang='lat'>&amp;</span> <span class='ocrx_word' id='word_1_183' title='bbox 1255 1225 1512 1276; x_wconf 76' lang='lat' dir='ltr'><strong>periculorum</strong></span> <span class='ocrx_word' id='word_1_184' title='bbox 1530 1224 1809 1263; x_wconf 87' lang='lat' dir='ltr'><strong>imminentium</strong></span> <span class='ocrx_word' id='word_1_185' title='bbox 1830 1224 1867 1260; x_wconf 89' lang='lat' dir='ltr'><strong>in</strong></span> <span class='ocrx_word' id='word_1_186' title='bbox 1893 1220 1998 1259; x_wconf 85' lang='lat' dir='ltr'><strong>futu-</strong></span> 
     </span>
     <span class='ocr_line' id='line_1_18' title="bbox 189 1281 1999 1343; baseline -0.007 -12"><span class='ocrx_word' id='word_1_187' title='bbox 189 1303 275 1331; x_wconf 85' lang='lat' dir='ltr'><strong>rum</strong></span> <span class='ocrx_word' id='word_1_188' title='bbox 302 1288 605 1343; x_wconf 80' lang='lat' dir='ltr'><strong>apprehensione</strong></span> <span class='ocrx_word' id='word_1_189' title='bbox 622 1317 634 1335; x_wconf 84' lang='lat'><strong>‚</strong></span> <span class='ocrx_word' id='word_1_190' title='bbox 658 1299 741 1338; x_wconf 89' lang='lat' dir='ltr'><strong>quae</strong></span> <span class='ocrx_word' id='word_1_191' title='bbox 769 1296 896 1326; x_wconf 90' lang='lat' dir='ltr'><strong>tamen</strong></span> <span class='ocrx_word' id='word_1_192' title='bbox 921 1297 1116 1336; x_wconf 89' lang='lat' dir='ltr'><strong>nunquam</strong></span> <span class='ocrx_word' id='word_1_193' title='bbox 1133 1284 1236 1324; x_wconf 77' lang='lat' dir='ltr'><strong>forte</strong></span> <span class='ocrx_word' id='word_1_194' title='bbox 1259 1282 1468 1324; x_wconf 62' lang='lat' dir='ltr'><strong>evenissent</strong></span> <span class='ocrx_word' id='word_1_195' title='bbox 1484 1312 1496 1332; x_wconf 82' lang='grc'><em>,</em></span> <span class='ocrx_word' id='word_1_196' title='bbox 1511 1292 1595 1323; x_wconf 83' lang='lat' dir='ltr'><strong>orta</strong></span> <span class='ocrx_word' id='word_1_197' title='bbox 1613 1283 1695 1322; x_wconf 85' lang='lat' dir='ltr'><strong>sunt</strong></span> <span class='ocrx_word' id='word_1_198' title='bbox 1715 1284 1784 1321; x_wconf 84' lang='lat' dir='ltr'><strong>alia</strong></span> <span class='ocrx_word' id='word_1_199' title='bbox 1802 1281 1999 1333; x_wconf 79' lang='lat' dir='ltr'><strong>proesentia</strong></span> 
     </span>
     <span class='ocr_line' id='line_1_19' title="bbox 189 1340 2000 1404; baseline -0.007 -13"><span class='ocrx_word' id='word_1_200' title='bbox 189 1353 278 1404; x_wconf 86' lang='lat' dir='ltr'><strong>loge</strong></span> <span class='ocrx_word' id='word_1_201' title='bbox 298 1350 440 1401; x_wconf 86' lang='lat' dir='ltr'><strong>maj0ra</strong></span> <span class='ocrx_word' id='word_1_202' title='bbox 453 1378 466 1398; x_wconf 84' lang='lat'><strong>,</strong></span> <span class='ocrx_word' id='word_1_203' title='bbox 496 1359 609 1398; x_wconf 88' lang='lat' dir='ltr'><strong>quam</strong></span> <span class='ocrx_word' id='word_1_204' title='bbox 628 1344 709 1395; x_wconf 81' lang='lat' dir='ltr'><strong>illa,</strong></span> <span class='ocrx_word' id='word_1_205' title='bbox 724 1347 815 1386; x_wconf 90' lang='lat' dir='ltr'><strong>dum</strong></span> <span class='ocrx_word' id='word_1_206' title='bbox 831 1358 874 1384; x_wconf 87' lang='lat' dir='ltr'><strong>ea</strong></span> <span class='ocrx_word' id='word_1_207' title='bbox 893 1345 1070 1384; x_wconf 81' lang='lat' dir='ltr'><strong>remediis</strong></span> <span class='ocrx_word' id='word_1_208' title='bbox 1089 1354 1329 1384; x_wconf 81' lang='lat' dir='ltr'><strong>antevertere</strong></span> <span class='ocrx_word' id='word_1_209' title='bbox 1348 1355 1548 1395; x_wconf 77' lang='lat' dir='ltr'><strong>cuperent.</strong></span> <span class='ocrx_word' id='word_1_210' title='bbox 1611 1341 1705 1380; x_wconf 89' lang='lat' dir='ltr'><strong>Suas</strong></span> <span class='ocrx_word' id='word_1_211' title='bbox 1726 1344 1855 1392; x_wconf 88' lang='lat' dir='ltr'><strong>itaque</strong></span> <span class='ocrx_word' id='word_1_212' title='bbox 1877 1340 2000 1391; x_wconf 84' lang='lat' dir='ltr'><strong>depo-</strong></span> 
     </span>
     <span class='ocr_line' id='line_1_20' title="bbox 190 1398 1998 1457; baseline -0.007 -6"><span class='ocrx_word' id='word_1_213' title='bbox 190 1419 283 1452; x_wconf 89' lang='lat' dir='ltr'><strong>nant</strong></span> <span class='ocrx_word' id='word_1_214' title='bbox 314 1409 601 1455; x_wconf 85' lang='lat' dir='ltr'><strong>aemulationes,</strong></span> <span class='ocrx_word' id='word_1_215' title='bbox 632 1407 697 1457; x_wconf 88' lang='lat' dir='ltr'><strong>qui</strong></span> <span class='ocrx_word' id='word_1_216' title='bbox 738 1416 842 1444; x_wconf 85' lang='lat' dir='ltr'><strong>tanta</strong></span> <span class='ocrx_word' id='word_1_217' title='bbox 878 1405 1027 1455; x_wconf 82' lang='lat' dir='ltr'><strong>semper</strong></span> <span class='ocrx_word' id='word_1_218' title='bbox 1054 1414 1186 1442; x_wconf 83' lang='lat' dir='ltr'><strong>curant</strong></span> <span class='ocrx_word' id='word_1_219' title='bbox 1221 1402 1499 1450; x_wconf 85' lang='lat' dir='ltr'><strong>sollicitudine,</strong></span> <span class='ocrx_word' id='word_1_220' title='bbox 1530 1410 1573 1440; x_wconf 90' lang='lat' dir='ltr'><strong>ut</strong></span> <span class='ocrx_word' id='word_1_221' title='bbox 1600 1403 1698 1440; x_wconf 88' lang='lat' dir='ltr'><strong>inter</strong></span> <span class='ocrx_word' id='word_1_222' title='bbox 1731 1401 1924 1453; x_wconf 84' lang='lat' dir='ltr'><strong>potentias</strong></span> <span class='ocrx_word' id='word_1_223' title='bbox 1951 1398 1998 1438; x_wconf 81' lang='lat' dir='ltr'><strong>sit</strong></span> 
     </span>
     <span class='ocr_line' id='line_1_21' title="bbox 191 1459 2002 1522; baseline -0.007 -12"><span class='ocrx_word' id='word_1_224' title='bbox 191 1471 404 1522; x_wconf 82' lang='lat' dir='ltr'><strong>aequalitas:</strong></span> <span class='ocrx_word' id='word_1_225' title='bbox 434 1468 512 1509; x_wconf 90' lang='lat' dir='ltr'><strong>hoe</strong></span> <span class='ocrx_word' id='word_1_226' title='bbox 536 1468 638 1505; x_wconf 89' lang='lat' dir='ltr'><strong>enim</strong></span> <span class='ocrx_word' id='word_1_227' title='bbox 653 1465 735 1505; x_wconf 88' lang='lat' dir='ltr'><strong>fieri</strong></span> <span class='ocrx_word' id='word_1_228' title='bbox 755 1465 889 1515; x_wconf 90' lang='lat' dir='ltr'><strong>nequit</strong></span> <span class='ocrx_word' id='word_1_229' title='bbox 921 1466 1066 1514; x_wconf 77' lang='lat' dir='ltr'><strong>absque</strong></span> <span class='ocrx_word' id='word_1_230' title='bbox 1100 1464 1236 1514; x_wconf 85' lang='lat' dir='ltr'><strong>quietis</strong></span> <span class='ocrx_word' id='word_1_231' title='bbox 1260 1462 1423 1513; x_wconf 84' lang='lat' dir='ltr'><strong>publicae</strong></span> <span class='ocrx_word' id='word_1_232' title='bbox 1461 1461 1707 1504; x_wconf 76' lang='lat' dir='ltr'><strong>detrimento.</strong></span> <span class='ocrx_word' id='word_1_233' title='bbox 1767 1459 1910 1510; x_wconf 85' lang='lat' dir='ltr'><strong>Ecquis</strong></span> <span class='ocrx_word' id='word_1_234' title='bbox 1939 1471 2002 1497; x_wconf 85' lang='lat' dir='ltr'><strong>or·</strong></span> 
     </span>
     <span class='ocr_line' id='line_1_22' title="bbox 193 1517 2002 1579; baseline -0.008 -9"><span class='ocrx_word' id='word_1_235' title='bbox 193 1532 286 1570; x_wconf 90' lang='lat' dir='ltr'><strong>bem</strong></span> <span class='ocrx_word' id='word_1_236' title='bbox 303 1531 341 1568; x_wconf 92' lang='lat' dir='ltr'><strong>in</strong></span> <span class='ocrx_word' id='word_1_237' title='bbox 363 1525 498 1579; x_wconf 83' lang='lat' dir='ltr'><strong>aequali</strong></span> <span class='ocrx_word' id='word_1_238' title='bbox 516 1527 592 1565; x_wconf 88' lang='lat' dir='ltr'><strong>hoc</strong></span> <span class='ocrx_word' id='word_1_239' title='bbox 609 1526 747 1564; x_wconf 88' lang='lat' dir='ltr'><strong>virium</strong></span> <span class='ocrx_word' id='word_1_240' title='bbox 774 1522 1006 1574; x_wconf 60' lang='lat' dir='ltr'><strong>aequinofitio</strong></span> <span class='ocrx_word' id='word_1_241' title='bbox 1023 1524 1073 1560; x_wconf 85' lang='lat' dir='ltr'><strong>ita</strong></span> <span class='ocrx_word' id='word_1_242' title='bbox 1096 1520 1310 1568; x_wconf 81' lang='lat' dir='ltr'><strong>sustinebit,</strong></span> <span class='ocrx_word' id='word_1_243' title='bbox 1339 1530 1382 1558; x_wconf 89' lang='lat' dir='ltr'><strong>ut</strong></span> <span class='ocrx_word' id='word_1_244' title='bbox 1406 1533 1485 1559; x_wconf 88' lang='lat' dir='ltr'><strong>non</strong></span> <span class='ocrx_word' id='word_1_245' title='bbox 1507 1522 1640 1570; x_wconf 88' lang='lat' dir='ltr'><strong>aliquae</strong></span> <span class='ocrx_word' id='word_1_246' title='bbox 1663 1531 1740 1569; x_wconf 85' lang='lat' dir='ltr'><strong>prae</strong></span> <span class='ocrx_word' id='word_1_247' title='bbox 1764 1518 1843 1557; x_wconf 85' lang='lat' dir='ltr'><strong>aliis</strong></span> <span class='ocrx_word' id='word_1_248' title='bbox 1861 1517 1909 1556; x_wconf 87' lang='lat' dir='ltr'><strong>ad</strong></span> <span class='ocrx_word' id='word_1_249' title='bbox 1929 1519 2002 1557; x_wconf 85' lang='lat' dir='ltr'><strong>sol-</strong></span> 
     </span>
     <span class='ocr_line' id='line_1_23' title="bbox 189 1577 2000 1639; baseline -0.008 -9"><span class='ocrx_word' id='word_1_250' title='bbox 189 1590 287 1632; x_wconf 81' lang='lat' dir='ltr'><strong>stitia</strong></span> <span class='ocrx_word' id='word_1_251' title='bbox 314 1585 571 1639; x_wconf 87' lang='lat' dir='ltr'><strong>amplitudinis</strong></span> <span class='ocrx_word' id='word_1_252' title='bbox 600 1583 784 1623; x_wconf 86' lang='lat' dir='ltr'><strong>accedant</strong></span> <span class='ocrx_word' id='word_1_253' title='bbox 809 1583 966 1633; x_wconf 82' lang='lat' dir='ltr'><strong>propius</strong></span> <span class='ocrx_word' id='word_1_254' title='bbox 986 1584 1005 1619; x_wconf 72' lang='lat'><strong>.9</strong></span> <span class='ocrx_word' id='word_1_255' title='bbox 1036 1580 1183 1619; x_wconf 88' lang='lat' dir='ltr'><strong>Bellum</strong></span> <span class='ocrx_word' id='word_1_256' title='bbox 1208 1588 1441 1630; x_wconf 85' lang='lat' dir='ltr'><strong>perpetuum</strong></span> <span class='ocrx_word' id='word_1_257' title='bbox 1471 1577 1594 1617; x_wconf 85' lang='lat' dir='ltr'><strong>foret:</strong></span> <span class='ocrx_word' id='word_1_258' title='bbox 1623 1578 1716 1616; x_wconf 82' lang='lat' dir='ltr'><strong>nihil</strong></span> <span class='ocrx_word' id='word_1_259' title='bbox 1748 1579 1851 1617; x_wconf 89' lang='lat' dir='ltr'><strong>enim</strong></span> <span class='ocrx_word' id='word_1_260' title='bbox 1879 1579 2000 1629; x_wconf 85' lang='lat' dir='ltr'><strong>magis</strong></span> 
     </span>
     <span class='ocr_line' id='line_1_24' title="bbox 188 1636 1999 1694; baseline -0.008 -5"><span class='ocrx_word' id='word_1_261' title='bbox 188 1649 384 1691; x_wconf 89' lang='lat' dir='ltr'><strong>Nationes</strong></span> <span class='ocrx_word' id='word_1_262' title='bbox 408 1646 560 1692; x_wconf 86' lang='lat' dir='ltr'><strong>turbat,</strong></span> <span class='ocrx_word' id='word_1_263' title='bbox 593 1641 706 1694; x_wconf 74' lang='lat' dir='ltr'><strong>quam</strong></span> <span class='ocrx_word' id='word_1_264' title='bbox 721 1642 748 1681; x_wconf 82' lang='lat' dir='ltr'><strong>si</strong></span> <span class='ocrx_word' id='word_1_265' title='bbox 771 1642 884 1681; x_wconf 90' lang='lat' dir='ltr'><strong>semel</strong></span> <span class='ocrx_word' id='word_1_266' title='bbox 905 1639 1008 1692; x_wconf 85' lang='lat' dir='ltr'><strong>apud</strong></span> <span class='ocrx_word' id='word_1_267' title='bbox 1029 1651 1090 1679; x_wconf 87' lang='lat' dir='ltr'><strong>eas</strong></span> <span class='ocrx_word' id='word_1_268' title='bbox 1105 1639 1336 1678; x_wconf 84' lang='lat' dir='ltr'><strong>invalescant</strong></span> <span class='ocrx_word' id='word_1_269' title='bbox 1357 1649 1464 1677; x_wconf 88' lang='lat' dir='ltr'><strong>vanae</strong></span> <span class='ocrx_word' id='word_1_270' title='bbox 1479 1636 1556 1676; x_wconf 84' lang='lat' dir='ltr'><strong>istae</strong></span> <span class='ocrx_word' id='word_1_271' title='bbox 1576 1637 1863 1688; x_wconf 76' lang='lat' dir='ltr'><strong>imaginationes</strong></span> <span class='ocrx_word' id='word_1_272' title='bbox 1878 1667 1888 1685; x_wconf 87' lang='lat'><strong>,</strong></span> <span class='ocrx_word' id='word_1_273' title='bbox 1913 1648 1999 1687; x_wconf 77' lang='lat' dir='ltr'><strong>quae</strong></span> 
     </span>
     <span class='ocr_line' id='line_1_25' title="bbox 191 1696 1999 1758; baseline -0.008 -9"><span class='ocrx_word' id='word_1_274' title='bbox 191 1709 309 1750; x_wconf 88' lang='lat' dir='ltr'><strong>finem</strong></span> <span class='ocrx_word' id='word_1_275' title='bbox 328 1716 522 1758; x_wconf 84' lang='lat' dir='ltr'><strong>nunquam</strong></span> <span class='ocrx_word' id='word_1_276' title='bbox 538 1704 702 1748; x_wconf 85' lang='lat' dir='ltr'><strong>habent,</strong></span> <span class='ocrx_word' id='word_1_277' title='bbox 731 1701 937 1753; x_wconf 74' lang='lat' dir='ltr'><strong>praesertim</strong></span> <span class='ocrx_word' id='word_1_278' title='bbox 963 1712 1050 1738; x_wconf 90' lang='lat' dir='ltr'><strong>cum</strong></span> <span class='ocrx_word' id='word_1_279' title='bbox 1074 1711 1148 1738; x_wconf 88' lang='lat' dir='ltr'><strong>una</strong></span> <span class='ocrx_word' id='word_1_280' title='bbox 1172 1700 1431 1750; x_wconf 78' lang='lat' dir='ltr'><strong>potentiarum</strong></span> <span class='ocrx_word' id='word_1_281' title='bbox 1465 1697 1689 1736; x_wconf 86' lang='lat' dir='ltr'><strong>inferiorum</strong></span> <span class='ocrx_word' id='word_1_282' title='bbox 1715 1707 1850 1736; x_wconf 87' lang='lat' dir='ltr'><strong>contra</strong></span> <span class='ocrx_word' id='word_1_283' title='bbox 1880 1696 1999 1746; x_wconf 81' lang='lat' dir='ltr'><strong>majo-</strong></span> 
     </span>
     <span class='ocr_line' id='line_1_26' title="bbox 188 1756 2002 1814; baseline -0.007 -5"><span class='ocrx_word' id='word_1_284' title='bbox 188 1781 273 1810; x_wconf 85' lang='lat' dir='ltr'><strong>rem</strong></span> <span class='ocrx_word' id='word_1_285' title='bbox 298 1767 363 1807; x_wconf 87' lang='lat' dir='ltr'><strong>diu</strong></span> <span class='ocrx_word' id='word_1_286' title='bbox 387 1765 522 1805; x_wconf 84' lang='lat' dir='ltr'><strong>durare</strong></span> <span class='ocrx_word' id='word_1_287' title='bbox 549 1761 652 1803; x_wconf 88' lang='lat' dir='ltr'><strong>haud</strong></span> <span class='ocrx_word' id='word_1_288' title='bbox 680 1762 810 1814; x_wconf 85' lang='lat' dir='ltr'><strong>poffit,</strong></span> <span class='ocrx_word' id='word_1_289' title='bbox 842 1760 879 1799; x_wconf 86' lang='lat'>&amp;</span> <span class='ocrx_word' id='word_1_290' title='bbox 907 1760 935 1799; x_wconf 84' lang='lat' dir='ltr'>fi</span> <span class='ocrx_word' id='word_1_291' title='bbox 959 1760 1057 1798; x_wconf 89' lang='lat' dir='ltr'><strong>hanc</strong></span> <span class='ocrx_word' id='word_1_292' title='bbox 1088 1762 1202 1798; x_wconf 86' lang='lat' dir='ltr'><strong>etiam</strong></span> <span class='ocrx_word' id='word_1_293' title='bbox 1227 1757 1510 1809; x_wconf 83' lang='lat' dir='ltr'><strong>prosternerent</strong></span> <span class='ocrx_word' id='word_1_294' title='bbox 1527 1786 1539 1806; x_wconf 84' lang='lat'>‚</span> <span class='ocrx_word' id='word_1_295' title='bbox 1571 1757 1654 1807; x_wconf 88' lang='lat' dir='ltr'><strong>quis</strong></span> <span class='ocrx_word' id='word_1_296' title='bbox 1689 1757 1768 1796; x_wconf 88' lang='lat' dir='ltr'><strong>illas</strong></span> <span class='ocrx_word' id='word_1_297' title='bbox 1797 1756 1936 1795; x_wconf 87' lang='lat' dir='ltr'><strong>deinde</strong></span> <span class='ocrx_word' id='word_1_298' title='bbox 1962 1757 2002 1796; x_wconf 87' lang='lat' dir='ltr'><strong>in</strong></span> 
     </span>
     <span class='ocr_line' id='line_1_27' title="bbox 190 1813 2001 1883; baseline -0.008 -15"><span class='ocrx_word' id='word_1_299' title='bbox 190 1829 397 1883; x_wconf 85' lang='lat' dir='ltr'><strong>partitione</strong></span> <span class='ocrx_word' id='word_1_300' title='bbox 427 1821 683 1876; x_wconf 86' lang='lat' dir='ltr'><strong>amplitudinis</strong></span> <span class='ocrx_word' id='word_1_301' title='bbox 703 1820 754 1860; x_wconf 92' lang='lat' dir='ltr'><strong>s1c</strong></span> <span class='ocrx_word' id='word_1_302' title='bbox 779 1819 1063 1866; x_wconf 80' lang='lat' dir='ltr'><strong>moderabitur,</strong></span> <span class='ocrx_word' id='word_1_303' title='bbox 1095 1829 1137 1857; x_wconf 90' lang='lat' dir='ltr'><strong>ut</strong></span> <span class='ocrx_word' id='word_1_304' title='bbox 1155 1828 1347 1857; x_wconf 83' lang='lat' dir='ltr'><strong>contentae</strong></span> <span class='ocrx_word' id='word_1_305' title='bbox 1365 1817 1435 1856; x_wconf 78' lang='lat' dir='ltr'><strong>sint</strong></span> <span class='ocrx_word' id='word_1_306' title='bbox 1453 1817 1602 1869; x_wconf 80' lang='lat' dir='ltr'><strong>singulae</strong></span> <span class='ocrx_word' id='word_1_307' title='bbox 1616 1845 1628 1864; x_wconf 89' lang='lat'>‚</span> <span class='ocrx_word' id='word_1_308' title='bbox 1659 1815 1697 1855; x_wconf 86' lang='lat'>&amp;</span> <span class='ocrx_word' id='word_1_309' title='bbox 1716 1828 1796 1856; x_wconf 91' lang='lat' dir='ltr'><strong>non</strong></span> <span class='ocrx_word' id='word_1_310' title='bbox 1820 1813 2001 1868; x_wconf 83' lang='lat' dir='ltr'><strong>quaelibet</strong></span> 
     </span>
     <span class='ocr_line' id='line_1_28' title="bbox 190 1877 2001 1934; baseline -0.009 -5"><span class='ocrx_word' id='word_1_311' title='bbox 190 1898 320 1929; x_wconf 87' lang='lat' dir='ltr'><strong>totum</strong></span> <span class='ocrx_word' id='word_1_312' title='bbox 337 1884 430 1927; x_wconf 89' lang='lat' dir='ltr'><strong>illud</strong></span> <span class='ocrx_word' id='word_1_313' title='bbox 449 1884 519 1924; x_wconf 84' lang='lat' dir='ltr'><strong>fibi</strong></span> <span class='ocrx_word' id='word_1_314' title='bbox 540 1878 752 1934; x_wconf 68' lang='lat' dir='ltr'><strong>deposcat?</strong></span> <span class='ocrx_word' id='word_1_315' title='bbox 785 1882 883 1933; x_wconf 88' lang='lat' dir='ltr'><strong>Quis</strong></span> <span class='ocrx_word' id='word_1_316' title='bbox 904 1892 967 1919; x_wconf 87' lang='lat' dir='ltr'><strong>eas</strong></span> <span class='ocrx_word' id='word_1_317' title='bbox 993 1890 1069 1918; x_wconf 86' lang='lat' dir='ltr'><strong>tam</strong></span> <span class='ocrx_word' id='word_1_318' title='bbox 1098 1878 1339 1917; x_wconf 85' lang='lat' dir='ltr'><strong>conservabit</strong></span> <span class='ocrx_word' id='word_1_319' title='bbox 1358 1878 1544 1928; x_wconf 84' lang='lat' dir='ltr'><strong>aequales‚</strong></span> <span class='ocrx_word' id='word_1_320' title='bbox 1575 1885 1618 1914; x_wconf 91' lang='lat' dir='ltr'><strong>ut</strong></span> <span class='ocrx_word' id='word_1_321' title='bbox 1648 1888 1723 1915; x_wconf 84' lang='lat' dir='ltr'><strong>una</strong></span> <span class='ocrx_word' id='word_1_322' title='bbox 1747 1890 1824 1928; x_wconf 78' lang='lat' dir='ltr'><strong>prae</strong></span> <span class='ocrx_word' id='word_1_323' title='bbox 1851 1878 1921 1914; x_wconf 74' lang='lat' dir='ltr'><strong>alia</strong></span> <span class='ocrx_word' id='word_1_324' title='bbox 1946 1877 2001 1914; x_wconf 76' lang='lat' dir='ltr'><strong>in—</strong></span> 
     </span>
     <span class='ocr_line' id='line_1_29' title="bbox 193 1936 2000 1989; baseline -0.009 0"><span class='ocrx_word' id='word_1_325' title='bbox 193 1955 434 1989; x_wconf 88' lang='lat' dir='ltr'><strong>crementum</strong></span> <span class='ocrx_word' id='word_1_326' title='bbox 455 1955 535 1983; x_wconf 84' lang='lat' dir='ltr'><strong>non</strong></span> <span class='ocrx_word' id='word_1_327' title='bbox 553 1941 698 1982; x_wconf 77' lang='lat' dir='ltr'><strong>sumat?</strong></span> <span class='ocrx_word' id='word_1_328' title='bbox 729 1941 829 1980; x_wconf 89' lang='lat' dir='ltr'><strong>Cum</strong></span> <span class='ocrx_word' id='word_1_329' title='bbox 847 1941 1108 1980; x_wconf 86' lang='lat' dir='ltr'><strong>membrorum</strong></span> <span class='ocrx_word' id='word_1_330' title='bbox 1125 1939 1379 1988; x_wconf 65' lang='lat' dir='ltr'><strong>inaequalitate</strong></span> <span class='ocrx_word' id='word_1_331' title='bbox 1400 1949 1524 1988; x_wconf 86' lang='lat' dir='ltr'><strong>corpu</strong></span> <span class='ocrx_word' id='word_1_332' title='bbox 1569 1936 1778 1976; x_wconf 88' lang='lat' dir='ltr'><strong>humanum</strong></span> <span class='ocrx_word' id='word_1_333' title='bbox 1798 1938 2000 1976; x_wconf 79' lang='lat' dir='ltr'><strong>conserva-</strong></span> 
     </span>
     <span class='ocr_line' id='line_1_30' title="bbox 190 1995 1998 2058; baseline -0.009 -10"><span class='ocrx_word' id='word_1_334' title='bbox 190 2018 281 2057; x_wconf 84' lang='lat' dir='ltr'><strong>tur,</strong></span> <span class='ocrx_word' id='word_1_335' title='bbox 309 2004 439 2058; x_wconf 89' lang='lat' dir='ltr'><strong>quidni</strong></span> <span class='ocrx_word' id='word_1_336' title='bbox 462 2003 576 2042; x_wconf 84' lang='lat' dir='ltr'><strong>etiam</strong></span> <span class='ocrx_word' id='word_1_337' title='bbox 594 2000 854 2053; x_wconf 82' lang='lat' dir='ltr'><strong>magnitudine</strong></span> <span class='ocrx_word' id='word_1_338' title='bbox 880 2001 1008 2046; x_wconf 85' lang='lat' dir='ltr'><strong>unius,</strong></span> <span class='ocrx_word' id='word_1_339' title='bbox 1040 1998 1078 2037; x_wconf 70' lang='grc' dir='ltr'><strong>δε</strong></span> <span class='ocrx_word' id='word_1_340' title='bbox 1102 1998 1368 2037; x_wconf 82' lang='lat' dir='ltr'><strong>mediocritate</strong></span> <span class='ocrx_word' id='word_1_341' title='bbox 1387 1999 1521 2036; x_wconf 82' lang='lat' dir='ltr'><strong>alteriu</strong></span> <span class='ocrx_word' id='word_1_342' title='bbox 1573 1995 1819 2046; x_wconf 86' lang='lat' dir='ltr'><strong>Respublicae</strong></span> <span class='ocrx_word' id='word_1_343' title='bbox 1849 1996 1998 2034; x_wconf 80' lang='lat' dir='ltr'><strong>conser-</strong></span> 
     </span>
     <span class='ocr_line' id='line_1_31' title="bbox 194 2053 2003 2115; baseline -0.009 -6"><span class='ocrx_word' id='word_1_344' title='bbox 194 2076 358 2115; x_wconf 80' lang='lat' dir='ltr'><strong>ventur,</strong></span> <span class='ocrx_word' id='word_1_345' title='bbox 389 2065 426 2104; x_wconf 86' lang='lat'>&amp;</span> <span class='ocrx_word' id='word_1_346' title='bbox 449 2061 604 2102; x_wconf 63' lang='lat' dir='ltr'><strong>Status}&gt;</strong></span> <span class='ocrx_word' id='word_1_347' title='bbox 624 2059 802 2100; x_wconf 85' lang='lat' dir='ltr'><strong>Securior</strong></span> <span class='ocrx_word' id='word_1_348' title='bbox 833 2059 993 2098; x_wconf 77' lang='lat' dir='ltr'><strong>&#39;Politica</strong></span> <span class='ocrx_word' id='word_1_349' title='bbox 1011 2057 1084 2105; x_wconf 75' lang='lat' dir='ltr'><strong>est,</strong></span> <span class='ocrx_word' id='word_1_350' title='bbox 1113 2057 1274 2108; x_wconf 86' lang='lat' dir='ltr'><strong>majores</strong></span> <span class='ocrx_word' id='word_1_351' title='bbox 1305 2056 1409 2108; x_wconf 87' lang='lat' dir='ltr'><strong>sequi</strong></span> <span class='ocrx_word' id='word_1_352' title='bbox 1431 2055 1648 2107; x_wconf 84' lang='lat' dir='ltr'><strong>potentias;</strong></span> <span class='ocrx_word' id='word_1_353' title='bbox 1677 2053 1714 2094; x_wconf 73' lang='grc' dir='ltr'><strong>δι</strong></span> <span class='ocrx_word' id='word_1_354' title='bbox 1738 2054 1785 2094; x_wconf 88' lang='lat' dir='ltr'><strong>ad</strong></span> <span class='ocrx_word' id='word_1_355' title='bbox 1809 2065 1940 2093; x_wconf 88' lang='lat' dir='ltr'><strong>earum</strong></span> <span class='ocrx_word' id='word_1_356' title='bbox 1962 2053 2003 2093; x_wconf 84' lang='lat' dir='ltr'><strong>se</strong></span> 
     </span>
     <span class='ocr_line' id='line_1_32' title="bbox 196 2113 2000 2172; baseline -0.009 -5"><span class='ocrx_word' id='word_1_357' title='bbox 196 2124 492 2169; x_wconf 85' lang='lat' dir='ltr'><strong>accommodare</strong></span> <span class='ocrx_word' id='word_1_358' title='bbox 509 2121 715 2161; x_wconf 86' lang='lat' dir='ltr'><strong>Fortunam</strong></span> <span class='ocrx_word' id='word_1_359' title='bbox 735 2131 848 2172; x_wconf 88' lang='lat' dir='ltr'><strong>quam</strong></span> <span class='ocrx_word' id='word_1_360' title='bbox 872 2119 1006 2158; x_wconf 87' lang='lat' dir='ltr'><strong>iisdem</strong></span> <span class='ocrx_word' id='word_1_361' title='bbox 1026 2117 1099 2156; x_wconf 89' lang='lat' dir='ltr'><strong>sese</strong></span> <span class='ocrx_word' id='word_1_362' title='bbox 1121 2126 1333 2168; x_wconf 86' lang='lat' dir='ltr'><strong>opponere.</strong></span> <span class='ocrx_word' id='word_1_363' title='bbox 1397 2114 1606 2166; x_wconf 86' lang='lat' dir='ltr'><strong>Oppofitio</strong></span> <span class='ocrx_word' id='word_1_364' title='bbox 1626 2113 1727 2152; x_wconf 89' lang='lat' dir='ltr'><strong>vires</strong></span> <span class='ocrx_word' id='word_1_365' title='bbox 1754 2113 1901 2153; x_wconf 88' lang='lat' dir='ltr'><strong>suscitat</strong></span> <span class='ocrx_word' id='word_1_366' title='bbox 1917 2143 1929 2161; x_wconf 89' lang='lat'><strong>‚</strong></span> <span class='ocrx_word' id='word_1_367' title='bbox 1960 2113 2000 2152; x_wconf 71' lang='grc' dir='ltr'><strong>ὅτ.</strong></span> 
     </span>
     <span class='ocr_line' id='line_1_33' title="bbox 196 2169 1998 2236; baseline -0.009 -8"><span class='ocrx_word' id='word_1_368' title='bbox 196 2189 350 2229; x_wconf 88' lang='lat' dir='ltr'><strong>titulum</strong></span> <span class='ocrx_word' id='word_1_369' title='bbox 377 2184 523 2236; x_wconf 83' lang='lat' dir='ltr'><strong>praebet</strong></span> <span class='ocrx_word' id='word_1_370' title='bbox 539 2180 741 2230; x_wconf 86' lang='lat' dir='ltr'><strong>tyrannidi.</strong></span> <span class='ocrx_word' id='word_1_371' title='bbox 801 2178 928 2217; x_wconf 87' lang='lat' dir='ltr'><strong>Orbes</strong></span> <span class='ocrx_word' id='word_1_372' title='bbox 949 2175 1117 2216; x_wconf 83' lang='lat' dir='ltr'><strong>coelestes</strong></span> <span class='ocrx_word' id='word_1_373' title='bbox 1135 2177 1216 2227; x_wconf 89' lang='lat' dir='ltr'><strong>rapi</strong></span> <span class='ocrx_word' id='word_1_374' title='bbox 1233 2176 1269 2215; x_wconf 89' lang='lat' dir='ltr'><strong>se</strong></span> <span class='ocrx_word' id='word_1_375' title='bbox 1288 2174 1412 2214; x_wconf 81' lang='lat' dir='ltr'><strong>sinunt</strong></span> <span class='ocrx_word' id='word_1_376' title='bbox 1437 2169 1458 2213; x_wconf 71' lang='grc' dir='ltr'>ὲ</span> <span class='ocrx_word' id='word_1_377' title='bbox 1481 2173 1667 2213; x_wconf 87' lang='lat' dir='ltr'><strong>violentia</strong></span> <span class='ocrx_word' id='word_1_378' title='bbox 1681 2175 1792 2224; x_wconf 87' lang='lat' dir='ltr'><strong>primi</strong></span> <span class='ocrx_word' id='word_1_379' title='bbox 1813 2173 1998 2222; x_wconf 87' lang='lat' dir='ltr'><strong>Mobilis,</strong></span> 
     </span>
     <span class='ocr_line' id='line_1_34' title="bbox 198 2231 2003 2293; baseline -0.009 -6"><span class='ocrx_word' id='word_1_380' title='bbox 198 2249 261 2289; x_wconf 92' lang='lat' dir='ltr'><strong>cui</strong></span> <span class='ocrx_word' id='word_1_381' title='bbox 284 2243 453 2285; x_wconf 78' lang='lat' dir='ltr'><strong>resistere</strong></span> <span class='ocrx_word' id='word_1_382' title='bbox 473 2250 689 2293; x_wconf 87' lang='lat' dir='ltr'><strong>nequeunt,</strong></span> <span class='ocrx_word' id='word_1_383' title='bbox 720 2239 867 2278; x_wconf 85' lang='lat' dir='ltr'><strong>&amp;illius</strong></span> <span class='ocrx_word' id='word_1_384' title='bbox 888 2236 1084 2290; x_wconf 87' lang='lat' dir='ltr'><strong>sequendo</strong></span> <span class='ocrx_word' id='word_1_385' title='bbox 1108 2244 1282 2284; x_wconf 84' lang='lat' dir='ltr'><strong>motum,</strong></span> <span class='ocrx_word' id='word_1_386' title='bbox 1313 2233 1461 2274; x_wconf 89' lang='lat' dir='ltr'><strong>cursum</strong></span> <span class='ocrx_word' id='word_1_387' title='bbox 1487 2232 1593 2272; x_wconf 88' lang='lat' dir='ltr'><strong>suurn</strong></span> <span class='ocrx_word' id='word_1_388' title='bbox 1624 2231 1846 2273; x_wconf 87' lang='lat' dir='ltr'><strong>conficiunt.</strong></span> <span class='ocrx_word' id='word_1_389' title='bbox 1905 2232 2003 2272; x_wconf 71' lang='lat' dir='ltr'><strong>Dux</strong></span> 
     </span>
     <span class='ocr_line' id='line_1_35' title="bbox 195 2291 2003 2347; baseline -0.009 0"><span class='ocrx_word' id='word_1_390' title='bbox 195 2307 392 2347; x_wconf 87' lang='lat' dir='ltr'><strong>Toscanus</strong></span> <span class='ocrx_word' id='word_1_391' title='bbox 421 2301 680 2342; x_wconf 86' lang='lat' dir='ltr'><strong>Ferdinandus</strong></span> <span class='ocrx_word' id='word_1_392' title='bbox 709 2298 758 2338; x_wconf 91' lang='lat' dir='ltr'><strong>de</strong></span> <span class='ocrx_word' id='word_1_393' title='bbox 795 2298 964 2338; x_wconf 86' lang='lat' dir='ltr'><strong>Medicis</strong></span> <span class='ocrx_word' id='word_1_394' title='bbox 993 2306 1090 2336; x_wconf 88' lang='lat' dir='ltr'><strong>artes</strong></span> <span class='ocrx_word' id='word_1_395' title='bbox 1112 2296 1374 2347; x_wconf 89' lang='lat' dir='ltr'><strong>potentiorem</strong></span> <span class='ocrx_word' id='word_1_396' title='bbox 1404 2291 1604 2333; x_wconf 89' lang='lat' dir='ltr'><strong>infestandi</strong></span> <span class='ocrx_word' id='word_1_397' title='bbox 1631 2291 1769 2332; x_wconf 82' lang='lat' dir='ltr'><strong>Romae</strong></span> <span class='ocrx_word' id='word_1_398' title='bbox 1798 2291 1932 2331; x_wconf 86' lang='lat' dir='ltr'><strong>didicit</strong></span> <span class='ocrx_word' id='word_1_399' title='bbox 1963 2292 2003 2331; x_wconf 75' lang='grc' dir='ltr'><strong>δε</strong></span> 
     </span>
     <span class='ocr_line' id='line_1_36' title="bbox 197 2349 2002 2413; baseline -0.01 -6"><span class='ocrx_word' id='word_1_400' title='bbox 197 2370 372 2408; x_wconf 83' lang='lat' dir='ltr'><strong>exercuit</strong></span> <span class='ocrx_word' id='word_1_401' title='bbox 389 2361 567 2402; x_wconf 88' lang='lat' dir='ltr'><strong>adversus</strong></span> <span class='ocrx_word' id='word_1_402' title='bbox 584 2360 804 2413; x_wconf 86' lang='lat' dir='ltr'><strong>Hispaniam</strong></span> <span class='ocrx_word' id='word_1_403' title='bbox 819 2360 932 2398; x_wconf 87' lang='lat' dir='ltr'><strong>novis</strong></span> <span class='ocrx_word' id='word_1_404' title='bbox 954 2354 1179 2409; x_wconf 89' lang='lat' dir='ltr'><strong>quibusdam</strong></span> <span class='ocrx_word' id='word_1_405' title='bbox 1192 2352 1379 2393; x_wconf 81' lang='lat' dir='ltr'><strong>industriis</strong></span> <span class='ocrx_word' id='word_1_406' title='bbox 1393 2354 1432 2392; x_wconf 92' lang='lat' dir='ltr'><strong>in</strong></span> <span class='ocrx_word' id='word_1_407' title='bbox 1455 2351 1633 2398; x_wconf 85' lang='lat' dir='ltr'><strong>Francia,</strong></span> <span class='ocrx_word' id='word_1_408' title='bbox 1662 2352 1817 2404; x_wconf 81' lang='lat' dir='ltr'><strong>Anglia,</strong></span> <span class='ocrx_word' id='word_1_409' title='bbox 1845 2351 1882 2390; x_wconf 90' lang='lat'>&amp;</span> <span class='ocrx_word' id='word_1_410' title='bbox 1901 2349 2002 2391; x_wconf 82' lang='lat' dir='ltr'><strong>Hol-</strong></span> 
     </span>
     <span class='ocr_line' id='line_1_37' title="bbox 197 2409 2003 2474; baseline -0.01 -7"><span class='ocrx_word' id='word_1_411' title='bbox 197 2426 343 2469; x_wconf 86' lang='lat' dir='ltr'><strong>landia:</strong></span> <span class='ocrx_word' id='word_1_412' title='bbox 373 2422 509 2463; x_wconf 75' lang='lat' dir='ltr'><strong>verum</strong></span> <span class='ocrx_word' id='word_1_413' title='bbox 535 2422 693 2474; x_wconf 88' lang='lat' dir='ltr'><strong>agnovit</strong></span> <span class='ocrx_word' id='word_1_414' title='bbox 710 2418 842 2471; x_wconf 87' lang='lat' dir='ltr'><strong>postea</strong></span> <span class='ocrx_word' id='word_1_415' title='bbox 862 2419 1095 2470; x_wconf 89' lang='lat' dir='ltr'><strong>periculum,</strong></span> <span class='ocrx_word' id='word_1_416' title='bbox 1126 2414 1162 2467; x_wconf 66' lang='grc' dir='ltr'><strong>ὅ(</strong></span> <span class='ocrx_word' id='word_1_417' title='bbox 1191 2414 1269 2453; x_wconf 84' lang='lat' dir='ltr'><strong>hoc</strong></span> <span class='ocrx_word' id='word_1_418' title='bbox 1290 2412 1568 2452; x_wconf 85' lang='lat' dir='ltr'><strong>documentum</strong></span> <span class='ocrx_word' id='word_1_419' title='bbox 1589 2410 1791 2462; x_wconf 87' lang='lat' dir='ltr'><strong>dereliquit</strong></span> <span class='ocrx_word' id='word_1_420' title='bbox 1818 2409 2003 2462; x_wconf 88' lang='lat' dir='ltr'><strong>posteris,</strong></span> 
     </span>
     <span class='ocr_line' id='line_1_38' title="bbox 196 2471 2001 2535; baseline -0.009 -8"><span class='ocrx_word' id='word_1_421' title='bbox 196 2499 250 2529; x_wconf 85' lang='lat' dir='ltr'><strong>ne</strong></span> <span class='ocrx_word' id='word_1_422' title='bbox 277 2495 446 2535; x_wconf 87' lang='lat' dir='ltr'><strong>unquam</strong></span> <span class='ocrx_word' id='word_1_423' title='bbox 463 2483 506 2521; x_wconf 80' lang='lat' dir='ltr'><strong>iis</strong></span> <span class='ocrx_word' id='word_1_424' title='bbox 530 2489 753 2530; x_wconf 84' lang='lat' dir='ltr'><strong>uterentur,</strong></span> <span class='ocrx_word' id='word_1_425' title='bbox 786 2477 825 2518; x_wconf 83' lang='lat' dir='ltr'><strong>id</strong></span> <span class='ocrx_word' id='word_1_426' title='bbox 847 2477 954 2532; x_wconf 88' lang='lat' dir='ltr'><strong>quod</strong></span> <span class='ocrx_word' id='word_1_427' title='bbox 969 2478 1178 2518; x_wconf 81' lang='lat' dir='ltr'><strong>etiamnum</strong></span> <span class='ocrx_word' id='word_1_428' title='bbox 1206 2473 1324 2514; x_wconf 85' lang='lat' dir='ltr'><strong>hodie</strong></span> <span class='ocrx_word' id='word_1_429' title='bbox 1350 2473 1555 2514; x_wconf 84' lang='lat' dir='ltr'><strong>observant</strong></span> <span class='ocrx_word' id='word_1_430' title='bbox 1584 2481 1725 2524; x_wconf 83' lang='lat' dir='ltr'><strong>magno</strong></span> <span class='ocrx_word' id='word_1_431' title='bbox 1755 2471 2001 2523; x_wconf 75' lang='lat' dir='ltr'><strong>tranquillita-</strong></span> 
     </span>
    </p>
   </div>
   <div class='ocr_carea' id='block_1_3' title="bbox 198 2543 569 2600">
    <p class='ocr_par' dir='ltr' id='par_1_3' title="bbox 198 2543 569 2600">
     <span class='ocr_line' id='line_1_39' title="bbox 198 2543 569 2600; baseline -0.013 -12"><span class='ocrx_word' id='word_1_432' title='bbox 198 2550 248 2588; x_wconf 81' lang='lat' dir='ltr'><strong>tis</strong></span> <span class='ocrx_word' id='word_1_433' title='bbox 268 2545 435 2600; x_wconf 81' lang='lat' dir='ltr'><strong>publicae</strong></span> <span class='ocrx_word' id='word_1_434' title='bbox 450 2543 569 2585; x_wconf 73' lang='lat' dir='ltr'><strong>bono„</strong></span> 
     </span>
    </p>
   </div>
   <div class='ocr_carea' id='block_1_4' title="bbox 709 310 898 318">
    <p class='ocr_par' dir='ltr' id='par_1_4' title="bbox 709 310 898 318">
     <span class='ocr_line' id='line_1_40' title="bbox 709 310 898 318; baseline 0 0"><span class='ocrx_word' id='word_1_435' title='bbox 709 310 898 318; x_wconf 95' lang='lat' dir='ltr'><strong> </strong></span> 
     </span>
    </p>
   </div>
   <div class='ocr_carea' id='block_1_5' title="bbox 1474 310 1724 318">
    <p class='ocr_par' dir='ltr' id='par_1_5' title="bbox 1474 310 1724 318">
     <span class='ocr_line' id='line_1_41' title="bbox 1474 310 1724 318; baseline 0 3412"><span class='ocrx_word' id='word_1_436' title='bbox 1474 310 1724 318; x_wconf 95' lang='lat' dir='ltr'><strong> </strong></span> 
     </span>
    </p>
   </div>
   <div class='ocr_carea' id='block_1_6' title="bbox 1733 308 1984 320">
    <p class='ocr_par' dir='ltr' id='par_1_6' title="bbox 1733 308 1984 320">
     <span class='ocr_line' id='line_1_42' title="bbox 1733 308 1984 320; baseline 0 3410"><span class='ocrx_word' id='word_1_437' title='bbox 1733 308 1984 320; x_wconf 95' lang='lat' dir='ltr'><strong> </strong></span> 
     </span>
    </p>
   </div>
   <div class='ocr_carea' id='block_1_7' title="bbox 457 311 707 320">
    <p class='ocr_par' dir='ltr' id='par_1_7' title="bbox 457 311 707 320">
     <span class='ocr_line' id='line_1_43' title="bbox 457 311 707 320; baseline 0 3410"><span class='ocrx_word' id='word_1_438' title='bbox 457 311 707 320; x_wconf 95' lang='lat' dir='ltr'><strong> </strong></span> 
     </span>
    </p>
   </div>
   <div class='ocr_carea' id='block_1_8' title="bbox 197 314 454 325">
    <p class='ocr_par' dir='ltr' id='par_1_8' title="bbox 197 314 454 325">
     <span class='ocr_line' id='line_1_44' title="bbox 197 314 454 325; baseline 0 3405"><span class='ocrx_word' id='word_1_439' title='bbox 197 314 454 325; x_wconf 95' lang='lat' dir='ltr'><strong> </strong></span> 
     </span>
    </p>
   </div>
   <div class='ocr_carea' id='block_1_9' title="bbox 1782 3151 2006 3277">
    <p class='ocr_par' dir='ltr' id='par_1_9' title="bbox 1782 3151 2006 3277">
     <span class='ocr_line' id='line_1_45' title="bbox 1782 3151 2006 3277; baseline 0.004 -1"><span class='ocrx_word' id='word_1_440' title='bbox 1782 3151 2006 3277; x_wconf 79' lang='lat' dir='ltr'>SYM-</span> 
     </span>
    </p>
   </div>
   <div class='ocr_carea' id='block_1_10' title="bbox 2103 709 2108 1390">
    <p class='ocr_par' dir='ltr' id='par_1_10' title="bbox 2103 709 2108 1390">
     <span class='ocr_line' id='line_1_46' title="bbox 2103 709 2108 1390; baseline 0 0"><span class='ocrx_word' id='word_1_441' title='bbox 2103 709 2108 1390; x_wconf 95' lang='lat' dir='ltr'><strong> </strong></span> 
     </span>
    </p>
   </div>
   <div class='ocr_carea' id='block_1_11' title="bbox 2109 2810 2113 3447">
    <p class='ocr_par' dir='ltr' id='par_1_11' title="bbox 2109 2810 2113 3447">
     <span class='ocr_line' id='line_1_47' title="bbox 2109 2810 2113 3447; baseline 0 0"><span class='ocrx_word' id='word_1_442' title='bbox 2109 2810 2113 3447; x_wconf 95' lang='lat' dir='ltr'><strong> </strong></span> 
     </span>
    </p>
   </div>
  </div>
 </body>
</html>
