2132 3730
238 234 292 280 w
666 220 1605 266 DIDACJSAAVEDRAE

238 287 755 300 ——-—--———-—·—-—·—--·-—
758 285 1270 295 -———·——-—--—-——-—.

236 309 367 362 inique
388 308 528 360 aliquid
545 307 699 353 statuat,
730 315 796 345 aut
818 315 918 345 erret
939 307 977 345 in
995 304 1159 345 ferendo
1180 306 1340 358 judicio,
1400 306 1468 347 Est
1482 319 1527 347 ea
1541 320 1602 348 res
1630 310 1790 360 periculi
1816 311 2043 361 plenissima,

234 374 273 411 in
295 372 386 410 aulis
403 367 630 420 praesertim,
660 366 728 404 ubi
745 365 888 406 invidia
904 365 942 406 δι
959 366 1225 418 praemiorum,
1254 367 1402 408 favoris
1418 379 1462 407 ac
1490 370 1618 421 gratiae
1641 368 1860 421 Principnm
1894 370 2046 421 prensa-

235 434 291 471 tio
322 428 546 470 calumniam
572 436 735 477 acuunt,
767 426 805 466 &
832 426 955 466 solent
975 426 1085 465 aulici
1101 425 1253 466 locustis
1269 429 1339 468 illis
1358 430 1395 468 in
1416 427 1654 480 Apocalypsi
1687 427 1761 469 effe
1797 429 1956 479 similes,
1980 431 2046 470 ha-

235 493 371 531 bentes
386 487 504 526 facies
526 486 711 533 hominis,
734 485 869 527 dentes
891 496 1019 526 autem
1048 487 1192 535 leonis,
1218 489 1355 538 quibus
1391 490 1549 528 honoris
1577 488 1696 539 spicas
1726 487 1801 544 (a)
1831 488 2045 529 corrodunt

235 552 271 591 ἅ
288 547 507 600 depascunt.
569 544 712 585 Gladio
735 545 805 603 (la)
831 556 948 586 acuto
977 548 1119 599 linguas
1144 557 1280 587 eorum
1314 548 1476 600 Spiritus
1506 548 1654 588 sanetus
1682 558 1901 600 comparat,
1931 549 2047 589 uti&

233 610 303 664 (c)
335 608 496 660 sagittis,
518 619 602 658 quae
618 607 656 645 in
679 609 838 647 occulto
860 607 1004 647 feriunt
1030 608 1271 651 innocentes.
1327 607 1460 649 David
1487 608 1566 663 (A)
1595 620 1663 648 eos
1688 618 1731 647 ut
1762 608 1891 649 hostes
1914 608 2047 662 perse-

233 669 435 722 quebatur.
495 665 615 707 Nulla
635 667 719 705 aula
736 669 865 719 quieta
889 666 964 707 effe
983 665 1137 720 potest,
1162 667 1228 706 ubi
1256 665 1311 706 isti
1328 670 1550 709 tolerantur,
1607 667 1700 708 Nec
1728 667 1853 708 minus
1877 681 2048 721 occupa-

231 731 330 770 bunt
360 728 576 779 Principem
597 738 734 767 eorum
757 727 1026 767 susurrationes
1044 758 1057 777 ,
1089 726 1202 780 quam
1217 729 1371 781 negotia
1382 728 1551 780 publica,
1610 727 1844 768 Remedium
1865 727 1942 778 est,
1962 729 2047 769 nol-

231 789 270 829 le
287 801 356 829 eos
392 788 545 838 audire,
579 787 677 827 duos
702 786 891 839 ponendo
925 788 1072 827 aurium
1098 789 1302 839 janitores,
1333 789 1518 830 rationem
1543 789 1686 829 scilicet
1714 787 1751 828 &
1767 787 1973 840 judicium,
2001 797 2047 829 ut

232 851 378 902 absque
394 850 500 902 gravi
530 845 652 887 caussa
675 858 738 886 eas
771 860 851 887 non
867 847 1049 899 pandant.
1109 847 1209 888 Sane
1226 860 1298 900 pro
1320 848 1473 888 auribus
1496 860 1575 888 non
1593 849 1718 889 minus
1748 847 1919 888 custodia
1946 861 2048 900 opus

231 909 312 960 est,
341 908 455 961 quam
481 918 554 960 pro
580 907 675 946 aulae
712 906 751 946 δι
787 908 917 959 palatii
944 906 1120 957 foribus3
1152 908 1191 949 &
1220 907 1269 948 de
1298 908 1356 947 his
1380 916 1507 948 tamen
1543 908 1750 949 admodum
1783 908 1932 948 solliciti
1960 908 2048 948 sunt

230 971 452 1021 Principes,
481 979 555 1019 pro
586 966 659 1006 illis
680 978 814 1019 parum
845 976 910 1007 aut
935 968 1029 1008 nihil
1048 978 1196 1015 curant.
1259 968 1341 1021 Qui
1371 967 1674 1008 obtretstantibus
1693 968 1806 1008 facile
1827 980 1935 1008 aures
1952 981 2048 1021 prae-

230 1032 319 1080 bet,
350 1031 388 1068 in
409 1025 536 1067 caussa
555 1025 630 1075 est,
656 1037 733 1066 ‘cur
757 1027 976 1068 obtre&arc
1004 1030 1030 1068 ii
1056 1028 1233 1071 audeant.
1294 1027 1431 1068 Nemo
1454 1028 1504 1068 de
1528 1029 1606 1067 aliis
1629 1029 1797 1079 loquitur
1830 1027 1953 1077 male,
1977 1029 2048 1069 nist

232 1089 335 1144 apud
359 1101 477 1137 eum,
509 1089 573 1139 qui
599 1087 737 1127 lubens
770 1086 810 1127 id
839 1088 958 1138 audit,
1016 1087 1214 1140 Expediet
1245 1090 1360 1128 etiarn
1387 1087 1575 1140 ejusmodi
1602 1088 1821 1128 blaterones
1855 1100 1950 1128 cum·
1973 1100 2048 1133 eo.

231 1162 348 1203 quem
370 1149 566 1196 accusant,
595 1147 725 1187 coram
746 1149 1013 1197 committere,
1041 1148 1276 1201 publicando
1297 1148 1357 1196 id,
1391 1149 1496 1200 quod
1517 1148 1584 1200 ipsi
1602 1147 1799 1197 referunt,
1824 1157 1870 1187 ut
1885 1147 2048 1188 diffidio-

230 1223 314 1254 rum
340 1208 416 1250 effe
434 1219 588 1248 autores
615 1219 684 1247 eos
710 1206 845 1259 postea
861 1208 1021 1260 pudeat.
1080 1207 1195 1257 Hoc,
1221 1206 1261 1248 ni
1282 1207 1414 1257 fallor,
1442 1208 1603 1260 Spiritus
1629 1207 1776 1248 sanetus
1806 1209 2047 1258 intendebat,

231 1283 320 1312 curn
339 1270 506 1310 diceret:
539 1264 604 1323 (e)
635 1266 716 1319 Scpi
741 1281 850 1308 aures
880 1264 1105 1320 tzmsspinis:
1134 1277 1177 1308 ut
1204 1268 1381 1308 nimirum
1401 1269 1476 1308 sese
1500 1268 1579 1320 ipse
1602 1267 1778 1317 laederet,
1811 1278 1928 1320 atque
1946 1268 2047 1309 adeo

229 1343 361 1386 poenas
380 1330 508 1378 daret,
539 1329 604 1380 qui
626 1340 714 1366 cum
734 1329 936 1367 malevolis
953 1326 1300 1367 obtre6tationibus
1319 1340 1364 1367 os
1385 1328 1492 1368 suum
1507 1329 1665 1368 aliorum
1688 1328 1840 1368 auribus
1861 1328 2050 1369 admove·

229 1405 271 1433 re
288 1391 509 1432 tentaverit.
570 1385 777 1439 Suspec'stus
807 1387 927 1427 debet
952 1386 1027 1427 effe
1054 1387 1236 1440 Principi,
1268 1389 1331 1439 qui
1349 1388 1473 1440 palam
1504 1397 1660 1428 veretur
1689 1388 1840 1437 dicere,
1873 1390 1979 1441 quod
2007 1391 2047 1430 in

221 1464 362 1493 ‘aurem
382 1447 465 1506 (f)
490 1449 674 1501 loquitur.
736 1447 789 1486 Et
806 1447 953 1487 tametsi
981 1447 1048 1487 ista
1064 1459 1223 1500 quoque
1254 1446 1446 1501 diligentia
1479 1460 1619 1488 cavere
1644 1449 1809 1499 poterit,
1839 1458 1883 1488 ut
1907 1451 2049 1489 verita·

228 1523 287 1553 tes
309 1521 386 1551 tam
417 1510 532 1549 variae
561 1507 608 1546 ad
633 1507 851 1560 Principem
883 1519 963 1548 non
991 1506 1233 1548 deferantur.
1263 1509 1382 1548 multa
1414 1509 1559 1560 quippe
1586 1507 1669 1547 sunt
1698 1506 1929 1557 domestica,
1961 1521 2047 1560 quae

227 1576 404 1626 ignorare
431 1570 544 1610 satius
573 1566 627 1607 est
658 1566 778 1620 saepe,
809 1567 925 1618 quam
960 1569 1077 1613 scire3
1095 1569 1145 1607 δε
1177 1567 1275 1609 vero
1301 1566 1419 1622 longe
1449 1568 1618 1622 praestat,
1649 1570 1853 1608 calumnias
1884 1580 1934 1608 ex
1953 1571 2048 1609 aulis

227 1631 435 1674 universim
461 1628 710 1682 proscribere.
776 1627 947 1687 Quando
981 1637 1109 1667 tamen
1132 1628 1392 1668 accusationes
1411 1640 1490 1668 non
1516 1640 1566 1668 ex
1593 1629 1731 1668 malitia
1757 1627 1876 1676 fiunt,
1904 1627 1968 1667 sed
1996 1639 2048 1668 ex

226 1695 315 1736 zelo
338 1690 509 1744 quodam
537 1699 628 1740 erga
648 1687 876 1738 obsequium
893 1687 1099 1738 Principis,
1132 1690 1292 1726 omnino
1312 1690 1442 1728 audire
1463 1700 1527 1727 eas
1546 1687 1681 1737 decet,
1711 1687 1979 1728 &examinare
1993 1688 2050 1727 se-

228 1752 321 1793 dulo
336 1783 348 1802 ,
378 1763 453 1791 nec
477 1756 614 1801 putare
631 1748 755 1795 aliter,
789 1746 903 1798 quam
928 1758 992 1786 eas
1013 1747 1109 1798 ipsas
1132 1746 1436 1786 admonitionem
1454 1746 1642 1798 quandam
1675 1745 1750 1786 esse
1771 1747 1885 1799 plane
1916 1746 2048 1788 neces-

226 1814 379 1861 sariam,
410 1809 458 1850 ad
478 1806 581 1848 bene
598 1807 890 1859 gubernandum
910 1819 990 1846 non
1013 1807 1133 1846 solum
1153 1837 1166 1855 ,
1197 1806 1260 1845 sed
1278 1805 1314 1845 ἃ
1334 1806 1381 1845 ad
1404 1807 1642 1848 securitatem
1671 1809 1880 1860 propriam.
1940 1808 2047 1848 Hinc

227 1871 502 1913 Constantinus
520 1867 734 1918 Imperator
756 1867 841 1917 lege
861 1866 1043 1916 peculiari
1060 1867 1173 1903 etiam
1192 1867 1388 1915 pra-,mium
1410 1867 1452 1904 iis
1476 1865 1626 1914 statuit,
1657 1869 1722 1917 qui
1737 1866 1936 1907 Ministros
1960 1866 2065 1920 ipsia‘.

226 1945 273 1974 us
290 1932 327 1972 &
349 1926 582 1970 domesticos
599 1925 764 1966 criminis
786 1923 942 1975 alicujus
962 1925 1151 1964 veraciter
1167 1923 1340 1963 accusare
1372 1923 1536 1976 possent.
1595 1924 1622 1975 ζ
1619 1923 1669 1978 g)
1700 1925 1742 1964 Si
1771 1929 1879 1980 quis,
1900 1929 2047 1979 inquit,

227 1991 274 2045 cst
289 1992 516 2046 cujuscunque
538 1987 595 2026 loci
606 2017 618 2036 ,
643 1984 798 2036 ordinis,
823 1984 1021 2038 dignitatis,
1047 1986 1108 2039 qui
1131 1980 1162 2033 [ἑ
1191 1986 1227 2024 iii
1257 1997 1484 2038 quemcunque
1504 1982 1695 2038 Judicum,
1730 1985 1926 2035 Comz'tzm‘t‚¹
1940 1988 2048 2027 Ami-

226 2065 360 2100 corum,
388 2049 439 2094 &³
456 2042 697 2089 Palatinor'um
715 2058 861 2085 meorum
882 2042 1017 2098 aliquid
1033 2047 1225 2091 veraciter,
1249 2043 1301 2086 &³
1319 2040 1492 2094 nimitfest&
1498 2042 1653 2094 probare
1663 2041 1750 2097 poste
1772 2041 1928 2096 corfidit,
1957 2046 2052 2099 quod

228 2127 292 2155 non
308 2110 437 2165 integr&
453 2116 558 2162 atque
571 2104 665 2160 just&
677 2103 797 2158 gcffifie
812 2103 997 2153 videatur,
1027 2102 1218 2155 intrepidus
1238 2099 1491 2154 atque-securus
1505 2100 1633 2141 audeat
1645 2134 1657 2151 ,
1687 2106 1871 2155 interpellet
1893 2118 1963 2155 me,
1980 2103 2046 2158 ipse}

227 2172 365 2214 audiam
388 2170 520 2217 omnia,
550 2162 613 2219 bs&
645 2179 695 2205 me
724 2163 913 2204 vindicabo.
974 2163 1127 2203 Prorsus
1151 2165 1227 2204 hoc
1251 2161 1496 2202 necessarium
1523 2161 1597 2211 est,
1627 2173 1670 2202 ut
1695 2163 1913 2217 Principem
1946 2167 2042 2206 nihil

227 2236 345 2274 lateat
376 2240 535 2276 eorum,
566 2238 651 2278 quae
676 2234 859 2278 geruntur
877 2226 916 2264 in
944 2223 1024 2274 ejus
1049 2222 1156 2273 aula,
1176 2226 1213 2263 in
1239 2223 1424 2271 confiliis,
1454 2224 1491 2262 in
1520 2223 1796 2272 rribunalibus,
1827 2225 1895 2264 ubi
1926 2227 2044 2266 timot

229 2306 297 2334 ora
320 2289 501 2337 obstruit,
523 2287 559 2327 &
587 2288 713 2339 gratiae
738 2297 782 2324 ac
809 2283 998 2324 beneficia
1034 2284 1219 2336 Principis
1255 2295 1325 2335 per
1351 2282 1549 2323 Ministros
1573 2283 1709 2322 collata
1736 2284 1774 2322 in
1810 2286 1903 2324 alios
1926 2285 2043 2325 inter-

229 2354 321 2393 dum
339 2353 508 2402 elingues
533 2359 602 2386 eos
626 2345 812 2394 reddunt,
844 2354 886 2384 ut
903 2343 1166 2384 Ministroruni
1186 2343 1360 2383 defeetus
1387 2344 1421 2382 ἀ
1442 2355 1587 2383 errores
1608 2354 1687 2382 non
1714 2342 1879 2383 audeant
1899 2344 2039 2396 prode.

228 2425 294 2461 τες
326 2408 486 2464 perinde
512 2406 615 2459 quasi
634 2407 711 2445 hoc
733 2405 888 2445 demum
911 2405 955 2444 sit
978 2404 1156 2444 beneficii
1174 2403 1248 2444 effe
1265 2415 1501 2453 memorem,
1532 2403 1568 2443 δι
1585 2413 1734 2456 gratum
1766 2402 1804 2443 se
1832 2404 2039 2453 exhibere,

229 2486 315 2526 quae
337 2469 539 2510 infidelitas
562 2469 713 2518 potius,
749 2465 788 2505 &
815 2465 986 2517 proditio
1007 2465 1147 2505 censeri
1168 2465 1352 2504 deberet:
1384 2476 1427 2503 ea
1447 2466 1549 2503 enim
1570 2465 1778 2516 obligatio,
1810 2476 1885 2516 qua
1908 2463 2041 2504 obstri-

232 2533 283 2573 c‘ki
299 2533 347 2571 illi
367 2532 450 2570 sunt
469 2528 515 2567 ad
534 2524 862 2567 commonendum
898 2525 1137 2577 Principem,
1168 2537 1282 2576 quem
1309 2523 1434 2576 decipi
1466 2523 1487 2564 a
1520 2524 1610 2573 suis,
1641 2533 1705 2563 aut
1728 2525 1790 2563 cui
1818 2536 1900 2564 non
1932 2523 2041 2564 reete

229 2590 426 2635 ministrari
455 2587 813 2635 animadverterint,
843 2584 1110 2625 fidelitatisest
1127 2586 1309 2636 obligatio
1319 2586 1519 2634 naturalis,
1536 2582 1737 2636 multoque
1763 2583 1902 2624 arfflor
1922 2583 2038 2636 quam

229 2655 304 2693 ulla
320 2652 401 2692 alia.
462 2648 729 2689 Graviffimum
746 2647 823 2686 hoc
847 2645 1025 2685 damnum
1046 2645 1119 2695 est,
1151 2646 1176 2685 si
1194 2646 1373 2696 Princeps
1397 2646 1534 2697 gratias
1551 2644 1630 2684 suas
1653 2644 1690 2684 ὅ(
1707 2643 1862 2685 favores
1879 2656 1948 2696 per
1970 2655 2038 2683 eo-

229 2726 313 2753 rum
334 2711 528 2763 dispertiat
548 2720 701 2755 manus,
735 2719 833 2759 quos
848 2706 988 2746 eximie
1013 2707 1049 2745 &
1073 2706 1306 2760 singulariter
1322 2706 1452 2745 'habet
1470 2717 1598 2753 caros;
1629 2704 1680 2744 fic
1701 2705 1802 2745 enim
1827 2703 1883 2744 isti
1903 2705 2037 2755 gratia·

229 2785 315 2813 rum
337 2769 531 2812 beneficio
548 2768 652 2822 quasl
669 2769 797 2821 pretio
818 2767 985 2819 quodam
1009 2777 1224 2806 mercantur
1248 2765 1366 2815 alios,
1400 2767 1464 2817 qui
1479 2763 1643 2818 negletsti
1670 2766 1717 2804 ab
1742 2766 1786 2804 iis
1815 2764 1927 2803 officii
1958 2763 2036 2804 sese

229 2833 434 2886 participes
458 2829 634 2878 faciunt,
664 2837 729 2868 aut
754 2827 862 2868 certe
895 2828 1110 2880 approbant
1138 2825 1250 2874 illud,
1284 2838 1327 2865 ac
1344 2825 1581 2873 defendunt3
1612 2835 1727 2879 atque
1754 2826 1828 2874 ita,
1858 2823 2035 2876 Principe

229 2890 365 2937 misere
390 2891 580 2944 decepto,
612 2890 651 2930 in
667 2888 792 2932 caussa
808 2888 911 2937 sunt,
943 2900 1010 2927 cur
1034 2889 1078 2927 iis
1097 2886 1238 2928 affezftu
1257 2898 1466 2939 amoreque
1488 2885 1659 2939 singulari
1685 2896 1802 2938 porro
1829 2882 2032 2925 adhaereat.

1955 2946 2036 2984 An-

326 3053 385 3095 (a)
409 3053 539 3085 Dentes
551 3046 786 3099 earum‚ficut
805 3046 924 3085 dentes
949 3046 1083 3084 leonum
1098 3055 1215 3081 erant.
1242 3048 1356 3095 Apoc.
1378 3057 1414 3090 9.
1441 3053 1474 3087 8.
1523 3046 1586 3092 (b)
1609 3047 1654 3078 Et
1667 3040 1791 3093 liizgua
1805 3042 2034 3095 earum,gla-

230 3114 300 3139 tus.
326 3102 413 3140 Psal.
436 3106 492 3148 56.
514 3113 547 3146 5.
598 3106 656 3145 (c)
681 3099 1081 3153 Paraveruntfiigittas
1100 3095 1187 3143 ficas
1203 3098 1240 3133 in
1256 3099 1294 3134 in
1307 3095 1500 3150 pharetra,
1522 3094 1747 3145 utfizgittent
1771 3095 1810 3130 in
1835 3091 1966 3140 obsc'uro
1980 3107 2035 3131 re-

229 3156 298 3192 c‘t‘is
307 3153 415 3191 corde.
441 3154 528 3192 Psal.
543 3165 600 3190 10.
619 3167 653 3190 2.
705 3155 766 3201 (d)
793 3152 1048 3191 Detrahentem
1055 3149 1186 3197 secret&
1194 3152 1353 3202 proximo
1361 3148 1423 3196 fiai
1435 3148 1524 3187 hunc
1531 3144 1764 3201 paifiqztebar.
1793 3147 1880 3183 Psal.
1903 3159 1986 3192 109.
1999 3159 2033 3197 5.

229 3208 290 3254 (e)
317 3208 399 3243 Eccl
424 3214 484 3249 28.
512 3213 573 3249 28.
631 3204 707 3255 (f)
737 3213 778 3243 Et
793 3206 884 3243 hasac
900 3205 1012 3243 velim
1019 3202 1224 3257 generalem
1247 3201 1315 3240 tibi
1339 3201 1525 3254 coffituas
1544 3199 1722 3252 regulam,
1738 3209 1782 3236 ut
1803 3212 1951 3240 omnem,
1973 3199 2035 3258 qui

225 3257 352 3312 palam
367 3269 517 3296 veretur
535 3258 664 3300 dicere,
679 3257 875 3312 ffispeHum
887 3257 1027 3296 habeas.
1054 3259 1089 3294 S.
1114 3258 1217 3294 Bern.
1237 3256 1295 3298 lib.
1316 3270 1353 3304 4.
1374 3258 1419 3292 de
1438 3254 1533 3292 cons.
1550 3256 1594 3290 ad
1612 3253 1702 3302 Eug.
1724 3265 1756 3289 c.
1778 3258 1811 3291 6.
1863 3252 1924 3301 (g)
1952 3253 2040 3290 Lib..

233 3325 272 3359 4.
291 3311 334 3350 C.
355 3312 400 3349 de
416 3313 527 3361 accus,
