2132 3730
446 194 1862 261 SYMBOLAPOLITJCA159

69 259 1862 275 —ffl———mss——ss-w—

62 280 402 333 husfimgebantur,
431 278 554 317 muniis
573 291 614 318 ea
631 278 807 330 capiebant
822 276 1014 331 stipendia,
1045 280 1169 332 quibus
1181 284 1368 326 contentis
1338 279 1395 350 effi
1411 282 1544 322 abunde
1552 282 1748 338 potuzffi’nt.
1781 287 1866 326 Λευ

60 344 162 382 nauis
185 338 310 380 demum
321 333 442 389 copiostz
457 337 671 389 lmgiebatur
691 351 786 376 nume
787 351 832 376 ra
850 338 993 378 alimum
1018 338 1245 390 dqaretatlone
1266 371 1278 388 ,
1295 344 1357 393 qui
1378 341 1543 397 praestita
1552 343 1621 396 fibi
1637 344 1682 383 ab
1701 345 1755 384 his
1779 342 1862 396 obfi-

61 402 146 455 quia
170 412 238 439 cere
251 399 342 449 regio
368 400 585 437 reinuneifflati
604 397 793 448 cupiebant
891 397 925 437 E
945 399 1082 449 quibus
1101 398 1231 437 verbis
1246 398 1348 439 haud
1375 402 1535 442 obscure
1555 405 1735 456 colligere
1758 405 1863 452 licet,

64 469 202 511 quanta
219 455 525 496 consideratione
546 459 584 496 in
602 456 875 496 donationibus
892 457 1076 498 faciendis
1095 457 1276 509 Princeps
1297 461 1353 498 uti
1366 460 1528 509 debeat,
1557 475 1606 503 ne
1622 462 1726 503 forte
1743 464 1867 504 ansam

62 520 128 559 det
145 517 356 567 aliquibus,
385 526 430 555 ut
453 518 571 569 magis
585 528 674 556 eum
695 516 893 557 dominum
913 516 1117 570 agnoscant
1133 517 1199 569 spe
1215 530 1415 558 munerum
1434 520 1599 569 indutu,
1623 536 1737 575 quam
1755 524 1862 576 quod

61 576 268 619 obediendi
294 577 462 615 animum
488 577 666 620 habeant.
731 576 912 616 Subditus
939 578 1091 630 largitor
1117 576 1154 620 ὃς
1179 577 1362 629 prodigus
1389 579 1547 631 seipsum
1574 585 1701 632 perdit
1723 599 1735 632 3
1764 586 1866 624 Prin-

61 649 152 689 ceps
176 648 274 675 vero
293 636 330 676 δι
357 636 394 676 se
412 636 552 676 &suos
573 636 714 677 Status.
745 637 890 677 AEraria
910 649 988 677 non
1010 637 1280 685 sufficerent,s1
1294 637 1476 690 Princeps
1498 641 1647 690 prolixe
1666 643 1869 683 munificus

59 697 272 738 &liberalis
293 694 386 736 effet
402 726 415 745 ,
445 708 518 736 nec
535 698 742 749 cogitaret,
774 697 947 750 deposita
965 698 1026 735 illa
1051 695 1124 736 effe
1143 709 1215 748 pro
1233 698 1513 737 neceffitanbus
1537 702 1712 750 publicis,
1744 703 1867 742 Mons

57 755 155 798 male
180 768 260 796 non
277 757 396 795 utitur
412 757 504 796 nive
523 786 535 806 ‚
567 755 588 796 ὲ
604 757 815 809 vaporibus
838 768 1012 808 agrorum
1030 755 1067 795 δε
1083 758 1237 796 vallium
1256 769 1486 810 congregata
1506 760 1542 797 in
1558 758 1774 811 sumpremo
1788 765 1868 814 ejus

23 814 25 819 ’
54 817 230 864 vertice,
261 819 351 868 quin
372 818 411 855 in
430 814 598 856 futuram
631 816 756 857 servat
775 816 937 856 aestatem
969 815 1007 855 &
1026 816 1158 856 senfim
1183 817 1341 857 solutam
1361 819 1399 857 in
1426 820 1594 868 rivulos,
1621 821 1781 862 eosdem
1797 825 1868 862 ite-

53 889 138 916 rum
166 876 316 915 derivat
332 888 491 927 campos
505 906 516 923 ,
547 876 567 915 a
594 878 733 928 quibus
762 889 845 915 earn
866 876 1046 916 hauserat.
1107 875 1200 916 Nec
1221 875 1294 917 una
1311 879 1399 918 vice
1415 890 1572 919 omnem
1589 879 1869 921 fonticulorum

53 937 208 976 suorum
232 948 368 988 aquam
386 935 541 988 penitus
575 936 738 977 effundit
759 949 769 974 ε
797 936 851 975 fic
865 937 967 975 enim
989 948 1061 975 nec
1077 935 1150 975 suae
1168 938 1250 977 satis
1270 936 1416 977 faceret
1434 940 1672 992 obligationi,
1694 942 1730 980 δε
1749 951 1792 980 ut
1814 943 1869 980 in-

21 999 23 1041 ζ
53 998 155 1035 utilis
172 996 415 1047 sperneretur
432 994 800 1048 postea;liberalitas
822 998 969 1048 quippe
988 997 1213 1037 liberalitate
1235 998 1482 1038 consumitur.
1555 999 1653 1040 Non
1673 1002 1766 1041 item
1782 1000 1871 1041 fon-

21 1057 23 1062 '
54 1066 113 1095 tes
140 1056 224 1095 suos
251 1057 353 1095 illico
371 1055 634 1107 grandioribus
655 1056 786 1095 miscet
802 1054 931 1096 fluviis
947 1087 959 1105 ,
988 1054 1128 1096 reli6tis
1145 1087 1156 1105 ,
1186 1056 1398 1097 sitientibus
1416 1060 1510 1111 agris
1538 1059 1575 1099 &
1600 1061 1763 1100 vallibus
1783 1091 1795 1110 ,
1827 1070 1872 1100 ut

53 1118 227 1155 nonnulli
244 1115 439 1167 Principes
462 1115 591 1155 facere
608 1116 895 1156 consueverunt
919 1147 930 1165 ,
961 1118 1026 1167 qui
1041 1118 1329 1168 potentioribus
1351 1118 1558 1170 largiuntur
1580 1150 1592 1168 ,
1622 1120 1729 1172 quod
1753 1121 1876 1160 debe-⁷

19 1192 21 1195 ·
54 1187 113 1214 tur
137 1177 396 1227 pauperibus3
428 1178 549 1214 arenis
577 1188 673 1216 vero
703 1175 916 1215 sitientibus
940 1175 978 1215 δε
1004 1176 1114 1215 aridis
1135 1189 1272 1228 aquam
1292 1177 1518 1218 subtrahunt
1537 1209 1549 1228 ,
1581 1191 1624 1218 ut
1655 1192 1740 1220 eam
1765 1193 1875 1220 com-

53 1237 254 1274 municent
279 1235 401 1287 plenis
422 1236 580 1274 lacubus
602 1265 615 1283 ,
647 1237 712 1287 qui
736 1247 781 1274 ea
804 1237 961 1275 minime
988 1235 1173 1289 indigent.
1234 1236 1391 1276 Grande
1416 1238 1535 1278 scelus
1556 1238 1630 1288 est,
1661 1252 1874 1292 egenorum

49 1295 262 1346 sumptibus
290 1295 554 1333 Potentiorum
581 1294 650 1333 fibi
679 1295 877 1334 devincire
898 1296 1071 1341 animos,
1105 1306 1170 1335 aut
1190 1297 1216 1336 si
1236 1297 1467 1348 Respublica
1487 1300 1874 1350 ingemiscat,oblar-

18 1362 19 1368 ¹
49 1355 214 1407 gitiones
232 1354 384 1392 inutiles
405 1353 442 1392 &
461 1365 578 1392 vanas
600 1383 611 1401 ,
640 1363 781 1405 utpote
796 1354 903 1404 cujus
919 1356 1026 1394 ruina
1042 1354 1096 1394 est
1110 1355 1225 1396 fastus
1244 1368 1456 1408 paucorum
1469 1387 1481 1405 ,
1500 1358 1537 1397 &
1562 1371 1721 1410 pompa.
1779 1358 1874 1399 Nec

17 1414 20 1447 ἶ
49 1416 195 1466 absque
217 1412 314 1464 justa
332 1412 594 1465 indignatione
614 1412 722 1452 videt
749 1415 920 1465 populus
943 1417 1130 1466 potentiae
1151 1417 1252 1455 vires
1275 1426 1351 1454 tam
1372 1417 1554 1456 inutiliter
1577 1418 1756 1469 prodi-gi,
1792 1420 1875 1469 qui-

17 1472 19 1476 ‘
48 1474 121 1514 bus
143 1473 299 1513 defendi
322 1474 401 1526 ipse
428 1472 596 1512 debebat
612 1502 624 1522 ,
656 1472 694 1512 &
720 1472 848 1513 foveri
871 1473 1048 1527 Dignitas
1069 1474 1267 1527 Principis,
1341 1474 1512 1516 Munera
1537 1476 1705 1518 hominis
1723 1478 1872 1530 profusi

15 1537 18 1580 j
49 1535 88 1573 in
104 1535 231 1585 pretio
253 1545 334 1573 non
358 1533 442 1572 sunt
460 1563 472 1582 ,
505 1535 592 1585 quia
609 1535 829 1573 communia
847 1564 859 1583 ,
891 1544 1006 1586 atque
1031 1534 1052 1574 a
1074 1534 1326 1588 prodigentiae
1355 1537 1453 1576 vitio
1472 1566 1485 1585 ,
1514 1549 1594 1576 non
1620 1536 1642 1577 ὲ
1664 1539 1809 1578 virtute
1830 1537 1872 1578 li·

15 1616 17 1625 ,
48 1593 255 1633 beralitatis
299 1592 624 1645 proficiscuntur;
654 1593 825 1645 dumque
850 1596 1023 1645 pauculis
1056 1596 1211 1647 largitur
1243 1597 1372 1634 omnia
1390 1625 1402 1644 ,
1433 1595 1599 1636 offendit
1631 1597 1801 1647 multos,
1830 1598 1870 1637 &

50 1653 158 1705 quod
174 1655 212 1692 in
231 1654 316 1693 illos
339 1653 527 1702 effundit,
557 1651 663 1692 deest
684 1654 875 1692 omnibus.
963 1654 1042 1707 Qui
1066 1664 1213 1693 temere
1238 1654 1357 1693 donat
1382 1653 1419 1693 δι
1435 1655 1581 1706 absque
1606 1655 1786 1705 deIecstu,
1815 1657 1870 1696 di-

13 1726 16 1730 *
47 1723 105 1754 tat
127 1712 284 1764 quidem
306 1744 318 1763 ,
349 1715 549 1765 proemium
569 1723 699 1751 tamen
724 1724 805 1752 non
827 1711 990 1752 confert·
1051 1712 1109 1752 Ut
1124 1713 1182 1752 his
1203 1712 1292 1752 dare
1318 1714 1451 1765 poffis,
1470 1716 1534 1765 qui
1549 1726 1766 1765 merentur,
1796 1728 1864 1756 ne-

48 1772 192 1813 ceffum
213 1771 268 1812 est
283 1802 297 1822 ,
326 1783 370 1812 ut
394 1774 432 1811 in
451 1774 544 1812 alios
567 1784 703 1825 parcus
732 1772 792 1813 fis,
871 1771 1018 1825 Magna
1033 1773 1145 1824 igitur
1173 1784 1261 1812 curn
1284 1772 1489 1824 prudentia
1519 1774 1719 1816 attendere
1746 1776 1866 1816 debet

45 1835 235 1884 Princeps
250 1832 298 1871 ad
315 1831 452 1884 justam
472 1831 549 1884 (a)
567 1833 815 1882 proemiorum
836 1830 1164 1872 distributionem:
1193 1844 1281 1871 nam
1301 1831 1329 1871 fi
1345 1832 1429 1871 haec
1453 1834 1525 1872 rite
1547 1835 1687 1874 collata
1704 1834 1865 1886 fuerint,

48 1893 119 1933 etsi
138 1904 218 1932 non
239 1892 307 1931 nisi
325 1891 373 1930 ad
395 1902 541 1942 paucos
561 1892 779 1940 pertineant
798 1918 811 1938 ,
839 1893 1050 1930 multorum
1073 1902 1201 1930 tamen
1236 1891 1462 1932 extimulant
1489 1894 1648 1934 animos.
1716 1894 1865 1935 Divina

49 1952 257 2003 Scripturae
282 1952 392 1989 sacrae
414 1951 477 1987 lex
492 1947 566 1988 fuit
581 1977 594 1996 ,
624 1958 668 1987 ut
688 1947 760 2001 (b)
788 1948 1005 1989 oblationes
1028 1962 1162 1990 omnes
1186 1949 1423 1990 admixtione
1440 1952 1534 2000 salis,
1546 1953 1653 2004 quod
1670 1954 1771 1995 idem
1796 1955 1865 2005 est,

47 2024 93 2050 ac
113 2010 325 2063 prudentiae
344 2039 356 2059 ,
387 2008 691 2061 aprodigalitate
720 2008 758 2048 &
787 2010 942 2049 avaritia
965 2012 1154 2050 immunes
1176 2008 1306 2050 essent.
1393 2012 1578 2051 Attamen
1606 2014 1703 2054 vero
1727 2046 1738 2063 ,
1778 2018 1867 2067 quia

45 2071 268 2122 Principem
289 2071 326 2108 in
347 2081 484 2108 omnes
522 2067 741 2108 beneficum
772 2067 846 2108 effe
873 2080 1031 2121 oportet
1048 2101 1061 2119 ,
1090 2073 1281 2111 Auroram
1311 2069 1381 2110 fibi
1403 2082 1600 2123 proponat
1619 2075 1862 2125 imitandam,

49 2144 135 2184 quae
157 2142 295 2170 terram
315 2129 501 2169 obeundo
527 2129 675 2179 semper
701 2130 752 2168 illi
779 2131 952 2181 impertit
979 2131 1120 2183 aliquid
1136 2163 1147 2179 ‚
1178 2130 1244 2170 sed
1266 2142 1374 2180 rore,
1403 2131 1440 2170 δε
1474 2131 1572 2172 flore
1593 2162 1606 2181 ,
1643 2133 1762 2174 immo
1783 2136 1863 2175 sera

49 2193 164 2231 etiam
182 2191 399 2244 amoenitate
433 2189 557 2229 eidem
571 2187 780 2237 satisfacit.
856 2187 912 2228 Ita
931 2192 993 2230 ille
1019 2191 1085 2230 det
1103 2191 1303 2238 omnibus,
1334 2201 1379 2230 ea
1406 2199 1536 2231 tamen
1563 2193 1858 2241 moderatione,

50 2261 94 2291 ut
115 2250 338 2291 facultatem
360 2250 427 2290 sibi
448 2262 525 2290 non
546 2248 684 2288 adimat
706 2248 819 2289 dandi
839 2251 1000 2302 amplius
1019 2281 1030 2299 ,
1061 2252 1098 2290 ἅ*
1127 2261 1334 2291 contentos
1359 2251 1496 2291 reddat
1525 2251 1714 2305 singulos,
1745 2266 1864 2305 quos-

49 2311 135 2352 dam
151 2311 305 2365 quidem
327 2309 565 2352 munerando
581 2311 699 2361 reipsa
720 2339 732 2359 ,
764 2310 856 2349 alios
880 2312 1008 2350 verbis
1024 2341 1037 2360 ,
1067 2312 1132 2364 spe
1148 2311 1185 2352 δε
1204 2310 1269 2365 (ε)
1292 2311 1528 2351 humanitate
1548 2327 1557 2351 :
1586 2314 1673 2365 plus
1696 2315 1798 2354 enim
1815 2327 1861 2354 o-

49 2374 126 2412 culi
140 2373 228 2413 dare
244 2373 388 2422 solent,
417 2384 531 2424 quam
552 2382 697 2410 manus.
778 2370 841 2410 Ad
863 2371 946 2411 haec
966 2371 1140 2424 proderit
1156 2371 1348 2412 interdurn
1363 2401 1375 2420 ,
1402 2381 1444 2410 ut
1459 2370 1525 2411 ista
1546 2374 1666 2414 virtus
1696 2375 1859 2414 liberali-

49 2434 136 2471 tatis
155 2435 272 2486 magis
293 2435 330 2472 in
348 2435 509 2472 aliorum
530 2429 662 2471 existat
686 2433 870 2483 opinione
887 2462 899 2480 ,
931 2444 1046 2484 quam
1060 2434 1099 2472 in
1128 2433 1209 2484 ipso
1226 2431 1402 2483 Principe
1419 2462 1432 2480 ,
1462 2438 1501 2471 in
1529 2445 1645 2485 quem
1671 2434 1787 2474 finem
1813 2447 1855 2473 u-

47 2505 139 2532 num
159 2501 273 2543 atque
292 2495 449 2533 alterum
486 2492 582 2532 illius
611 2492 790 2531 exhibeat
815 2492 1008 2544 specimen
1031 2505 1079 2532 eo
1095 2492 1277 2539 artificio,
1296 2501 1338 2531 ut
1354 2493 1517 2531 liberalis
1535 2494 1666 2534 haberi
1682 2496 1852 2545 incipiat.

48 2552 339 2605 Quarecaveat
354 2584 365 2602 ,
393 2566 444 2593 ne
463 2553 554 2605 quid
572 2554 717 2604 petenti
737 2551 908 2592 absolute
938 2553 1102 2607 deneget
1129 2567 1141 2592 :
1171 2566 1240 2605 per
1258 2554 1360 2591 enim
1382 2553 1563 2592 acerbum
1592 2552 1647 2592 est
1662 2584 1674 2603 ,
1708 2555 1745 2595 ὃς
1774 2567 1858 2594 mo-

47 2612 181 2653 lestum
200 2614 237 2652 in
257 2613 313 2652 his
329 2615 466 2653 talibus
492 2614 675 2664 repuliam
693 2612 793 2653 ferre
811 2612 830 2652 a
852 2612 1040 2666 Principe.
1101 2614 1223 2666 Quod
1241 2612 1360 2652 hodie
1374 2611 1463 2650 dare
1487 2624 1566 2652 non
1587 2613 1741 2664 potest,
1775 2612 1855 2653 for-

5 2679 7 2682 “
47 2673 110 2713 san
131 2685 210 2712 cras
234 2673 401 2724 poterit3
431 2675 482 2713 fin
509 2673 651 2721 minus,
674 2675 807 2713 melius
831 2671 905 2722 est,
936 2683 979 2713 ut
996 2684 1149 2726 tempus
1170 2674 1290 2725 ipsum
1307 2681 1506 2724 petentem
1522 2674 1691 2724 erudiat,
1724 2686 1858 2727 quem-

50 2733 258 2772 admodum
279 2733 364 2772 alibi
382 2733 558 2780 diximus,
617 2733 695 2787 Qui
726 2732 840 2785 plane
859 2734 1013 2782 abnuit,
1048 2744 1112 2773 aut
1130 2737 1211 2773 non
1233 2733 1401 2784 agnoscit
1427 2734 1586 2781 merita,
1619 2746 1683 2774 aut
1714 2735 1857 2775 virium

48 2795 197 2834 iuarum
215 2792 345 2844 prodit
367 2794 684 2843 imbecillitatam,
714 2805 778 2833 aut
796 2795 931 2841 animi;
964 2795 1056 2834 nihil
1075 2803 1202 2833 autern
1219 2792 1376 2833 istorum
1395 2791 1509 2832 decet
1532 2793 1771 2848 Principem,
1790 2807 1858 2834 cu·

46 2854 104 2904 jus
126 2852 444 2906 magnificentiam
466 2852 689 2902 confitetur,
720 2856 784 2905 qui
811 2856 910 2906 petit
928 2856 1096 2906 gratiam.

226 2912 409 2953 Liberalis
426 2913 471 2953 fit
489 2913 666 2964 Princeps
685 2915 721 2953 in
744 2914 1028 2954 remunerandis
1053 2913 1280 2962 virtutibus,
1311 2912 1376 2952 sed
1403 2914 1622 2953 muneribus
1653 2913 1691 2954 δε
1709 2915 1855 2963 officiis,

0 3024 1 3027 Ἴ
52 2971 206 3023 aliisque
225 2973 430 3023 reditibus,
457 2976 533 3025 J'am
559 2973 606 3012 ad
626 2975 730 3013 usum
758 2975 989 3014 liberalitatis
1015 2973 1226 3021 destinatis,
1255 2986 1334 3013 non
1354 2975 1585 3025 patrimonio
1613 2974 1680 3014 suo
1705 2975 1855 3025 Regio,

0 3040 1 3064 l
51 3042 176 3081 neque
193 3035 372 3074 thesauris
394 3033 439 3073 ad
471 3033 555 3073 usus
573 3035 689 3086 magis
715 3034 940 3075 necessarios
974 3033 1157 3074 comestis.
1219 3034 1308 3074 Rex
1330 3033 1592 3074 Ferdinandus
1631 3033 1853 3072 Catholicus

0 3101 2 3108 ⁸
51 3092 186 3132 multas
205 3094 296 3135 secit
314 3095 567 3144 donationes,
600 3095 743 3146 absque
775 3105 901 3135 tamen
919 3095 1085 3135 Coronae
1103 3095 1314 3147 dispendio.
1375 3095 1454 3135 Sub
1477 3097 1582 3148 regni
1601 3095 1747 3134 initium
1775 3094 1854 3131 col-

873 3156 909 3195 R
930 3169 947 3195 r
981 3169 1003 3196 2
1802 3154 1854 3192 la-

149 3233 206 3278 (a)
232 3239 344 3271 Honor
357 3239 486 3287 Κισὶ5]
486 3234 788 3288 ιιιιιιιτιιὲίηιῐ
816 3239 869 3274 Ps.
886 3245 948 3282 98.
966 3254 1004 3288 4·
1056 3237 1116 3286 (b)
1143 3240 1182 3272 In
1204 3239 1297 3274 omni
1311 3236 1480 3275 oblatiore
1505 3231 1624 3287 qfferes
1633 3231 1705 3280 fid.
1731 3234 1852 3272 Levit.

0 3325 2 3328 v
55 3295 90 3317 2.
120 3294 175 3329 14.
229 3286 286 3330 (c)
312 3293 351 3323 In
371 3303 386 3323 o
390 3291 463 3325 mni
477 3288 563 3326 dato
578 3274 736 3326 hilarem
736 3286 806 3338 fac
821 3289 967 3328 vultum
983 3301 1096 3328 tuum
1125 3289 1254 3327 Eccles
1281 3303 1340 3338 35.
1364 3290 1454 3333 vers,
1482 3300 1495 3325 1
1509 3300 1539 3323 1
