2132 3730
472 231 1487 290 ‚SYMBoLAPOLJTJCA
1809 258 1894 315 349

95 295 544 370 praecipuaeidiverfitatis
564 320 661 359 illius
683 321 802 360 causae
820 334 865 362 ac
880 321 1008 362 fonti:
1050 325 1087 365 δε
1112 326 1199 377 quia
1230 326 1352 366 Clima
1369 331 1556 381 primum,
1589 330 1694 381 quod
1717 342 1786 384 per
1805 331 1903 372 Mea

94 379 210 425 roen,
239 375 397 416 Insulam
421 375 529 425 Nili,
558 378 633 418 sese
652 379 827 420 extendit
847 412 860 431 ,
904 380 1068 423 Saturno
1087 382 1212 425 subest
1227 414 1241 434 ,
1272 387 1375 437 ajunt
1399 389 1568 442 populos
1587 388 1653 430 sub
1671 391 1737 431 illo
1756 390 1896 445 degam

92 448 154 477 tes
176 434 251 504 effe
269 437 398 489 nigros
419 465 432 486 ,
461 437 643 478 barbaros
662 467 678 488 ,
705 439 820 480 rudes
836 470 849 491 ,
879 442 1086 495 suspicaces
1107 473 1121 495 ,
1150 443 1190 484 &
1219 445 1459 497 proditores,
1496 451 1560 500 qui
1593 450 1757 492 humana
1784 463 1898 493 carne

91 495 350 608 wehtam-QUi
377 553 443 594 sub
463 554 632 595 secundo
654 554 819 597 Climate
835 589 847 606 ‚
877 559 984 611 quod
1011 559 1101 612 Jovi
1123 562 1299 603 tribuitur
1322 592 1333 612 ,
1364 564 1571 617 transitque
1590 581 1660 621 per
1679 569 1817 612 Sienen
1828 571 1898 612 AE·

17 612 25 635 ’ἓ
89 616 201 671 gypti
219 613 416 654 civitatem
437 643 450 664 ,
480 613 555 655 esse
576 616 779 668 religiosos,
797 631 945 671 graves,
963 619 1145 660 honestos
1163 623 1200 661 δι
1219 623 1438 674 prudentes.

264 673 344 728 Qui
359 674 425 713 sub
441 676 556 715 tertio
576 703 589 725 ,
620 676 726 728 quod
744 677 936 729 subjicitur
954 678 1097 730 Marti,
1130 681 1167 721 &
1186 694 1256 734 per
1275 683 1546 725 Alexandriam
1560 688 1788 740 porrigitur,
1819 689 1895 731 ess'e

19 746 21 759 ³
89 734 304 786 inquietos,
327 733 364 774 &
383 734 598 779 bellicosos.

263 794 343 847 Qui
361 793 428 834 sub
448 805 584 847 quarto
601 824 613 844 ,
644 793 751 847 quod
773 795 897 836 subest
909 796 990 847 soli,
1005 797 1044 838 δε
1063 810 1134 851 per
1153 794 1311 841 Insulam
1335 801 1590 852 Rhodum‚ac
1605 804 1769 847 mediam
1793 806 1899 848 Grae·

18 856 22 897 ξ
86 854 184 893 ciam
202 854 421 894 extenditur
442 884 455 904 ‚
486 854 561 894 esse
588 856 781 905 literatos,
801 858 1027 907 eloquentes
1045 886 1058 905 ‚
1089 858 1244 909 Poetas,
1262 860 1298 900 δε
1318 862 1366 901 ad
1389 874 1523 903 omnes
1545 874 1643 904 artes
1657 865 1834 906 idoneos.

264 914 346 967 Qui
365 914 431 954 sub
465 917 624 966 quinto,
665 915 771 967 quod
781 916 910 956 transit
923 917 1112 968 Romam,
1135 919 1355 972 ltaliamq‘ue
1377 922 1424 961 ab
1452 923 1729 978 Allobrogibus
1746 926 1898 976 dividit,

17 998 20 1003 ·
86 972 124 1012 &
149 972 326 1013 tribuitur
355 973 525 1024 Veneri,
543 974 618 1015 esse
639 974 1013 1017 deliciososMusicae
1030 977 1068 1017 δε
1092 979 1246 1019 lautitiis
1257 980 1422 1021 deditos.

238 1034 319 1088 Qui
339 1033 405 1074 sub
434 1034 543 1075 sexto
564 1065 577 1085 ,
605 1035 671 1075 ubi
688 1035 906 1076 dominatur
925 1035 1170 1088 Mercurius,
1201 1040 1239 1079 &
1264 1040 1394 1081 transit
1413 1052 1483 1094 per
1492 1040 1702 1094 Franciam,
1721 1043 1796 1085 esse
1811 1057 1895 1086 rnu-

85 1092 218 1133 tabiles
234 1124 248 1144 ,
275 1092 555 1144 inconstantes,
588 1094 801 1135 &scientiis
820 1094 986 1137 deditos.

236 1153 315 1208 Qui
334 1154 501 1206 denique
519 1153 586 1194 sub
605 1153 788 1207 septime,
818 1156 926 1207 quod
950 1156 1118 1209 subjacet
1142 1156 1288 1208 Lunae,
1321 1159 1359 1200 &
1375 1159 1413 1199 se
1433 1171 1503 1212 per
1522 1159 1792 1212 Germaniam,
1824 1174 1896 1216 per

15 1218 19 1266 J
81 1214 304 1254 Provincias
327 1213 500 1268 Belgicas
520 1242 533 1264 ,
562 1225 632 1266 per
657 1215 834 1267 Angliam
857 1218 1035 1269 porrigit,
1066 1215 1142 1257 effe
1161 1218 1441 1271 phlegmaticos
1455 1250 1466 1267 ,
1499 1231 1666 1261 amantes
1690 1223 1894 1263 convivio-

14 1286 17 1291 <
79 1286 176 1322 rum,
205 1274 242 1313 δε
264 1285 496 1314 mercaturae.
558 1273 710 1314 Verum
724 1275 808 1314 haec
829 1275 908 1315 sola
926 1276 1034 1315 causa
1055 1289 1136 1316 non
1162 1277 1317 1318 videtur
1335 1278 1536 1320 uniformis
1553 1279 1628 1321 ess‘e
1644 1282 1806 1334 semper,
1825 1294 1894 1322 ne-

14 1362 18 1368 .
79 1345 156 1385 que
172 1332 340 1373 sufficere
364 1347 373 1372 t
402 1345 490 1373 nam
512 1331 580 1372 sub
609 1333 752 1373 eodem
775 1336 958 1385 parallelo
981 1344 1046 1374 aut
1066 1337 1219 1376 climate
1237 1367 1249 1386 ,
1279 1350 1368 1378 cum
1391 1338 1527 1379 eadem
1550 1342 1631 1394 poli
1650 1343 1894 1392 elevatione,

14 1434 16 1436 ,
79 1405 167 1433 cum
190 1394 322 1446 aequali
344 1390 530 1432 astrorum
549 1400 638 1431 ortu
655 1401 771 1443 atque
790 1393 903 1432 obitu
919 1421 933 1443 ,
964 1394 1167 1445 oppositos
1196 1397 1374 1437 videmus
1392 1398 1554 1438 effectus
1584 1428 1596 1449 ‚
1628 1400 1666 1440 δι
1687 1402 1894 1453 pracsertim

78 1455 118 1494 in
140 1454 353 1492 climatibus
373 1450 649 1504 Haemisphaerii
670 1449 874 1493 inferioris.
959 1451 1003 1492 In
1019 1452 1220 1505 AEthiopia
1237 1454 1305 1494 Sol
1328 1456 1439 1496 radiis
1463 1457 1534 1497 suis
1563 1471 1728 1512 corpora
1744 1460 1866 1500 adurit
1880 1490 1894 1510 ,

82 1513 120 1552 &
138 1508 242 1566 nigra
260 1513 472 1552 carbonum
490 1510 601 1550 instar
623 1511 738 1563 tingit
764 1508 922 1564 fuligine
940 1526 953 1558 ς
983 1522 1021 1551 at
1041 1515 1079 1552 in
1099 1512 1250 1555 Brafilia
1269 1545 1281 1565 ,
1312 1527 1397 1566 quae
1415 1516 1577 1558 eandem
1591 1519 1707 1559 habet
1727 1520 1894 1561 latitudi-

75 1585 166 1614 nem
183 1601 196 1621 ,
225 1571 386 1613 candida
411 1583 457 1611 ea
474 1570 560 1610 sunt
579 1598 592 1619 ,
623 1570 660 1611 δε
679 1570 743 1609 ae‘r
760 1579 996 1622 temperatus
1023 1583 1068 1611 ac
1084 1571 1220 1613 suavis.
1276 1575 1437 1627 Antiqui
1467 1589 1606 1618 zonam
1633 1579 1815 1620 torridam
1839 1581 1893 1620 ob

11 1639 14 1642 ’
77 1632 186 1673 aestus
205 1631 376 1684 ejusdem
393 1631 533 1671 nimios
554 1641 628 1682 pro
657 1630 801 1669 inculta
827 1631 1044 1671 habuerunt
1066 1661 1078 1680 ,
1107 1632 1146 1671 in
1166 1633 1345 1673 America
1368 1643 1496 1676 tamen
1523 1640 1827 1689 temperatiffima
1846 1651 1892 1679 ea

11 1715 13 1733 ;
76 1691 158 1742 est,
187 1691 225 1732 &
243 1693 376 1732 incolis
393 1689 588 1743 frequens.
649 1688 701 1730 Et
719 1690 868 1732 tametsi
888 1699 1027 1730 aeterna
1041 1693 1104 1731 illa
1127 1693 1211 1731 coeli
1233 1693 1375 1733 lumina
1402 1693 1565 1746 aliquam
1598 1698 1784 1749 operandi
1808 1700 1893 1740 vim

10 1751 13 1754 ’
75 1753 242 1793 habeant
264 1782 278 1803 ,
307 1753 393 1805 plus
409 1761 537 1792 tamen
556 1761 665 1790 terrae
688 1749 843 1790 confert
873 1749 1067 1802 dispositio
1087 1779 1101 1800 ‚
1131 1750 1221 1791 cum
1249 1765 1323 1805 pro
1361 1756 1470 1794 vario
1493 1758 1685 1797 montium
1719 1759 1891 1799 vallium-

76 1824 153 1865 que
172 1812 244 1853 situ
259 1843 271 1861 ‚
300 1811 462 1864 majores
490 1818 556 1850 aut
581 1808 803 1850 differentes
827 1812 1069 1862 experiamur
1091 1809 1253 1852 effectus
1282 1812 1491 1854 coelestium
1535 1814 1727 1856 radiorum
1747 1847 1759 1866 ,
1791 1830 1891 1870 quos

9 1863 12 1904 ἶ
74 1872 146 1925 ipsi
175 1873 290 1913 etiam
307 1871 418 1912 fluvii
442 1869 481 1911 &
500 1871 604 1911 lacus
629 1879 938 1922 contemperant.
998 1868 1096 1910 lilud
1123 1869 1281 1913 inficiari
1315 1884 1433 1913 nemo
1450 1873 1603 1926 potest,
1630 1876 1889 1919 admirandam

9 1937 11 1939 ’
73 1933 114 1973 in
144 1933 327 1985 operibus
352 1931 425 1972 suis
445 1928 521 1972 effe
542 1928 734 1970 Naturam
758 1959 772 1980 ,
801 1938 844 1968 ut
874 1926 989 1982 plane
1012 1929 1190 1969 videatur
1218 1933 1412 1972 interdurn
1437 1934 1541 1984 quasi
1568 1933 1655 1975 data
1672 1934 1814 1989 operss,
1840 1938 1889 1979 ad

7 2031 10 2037 ,
73 1991 282 2034 ludendam
303 1991 458 2033 humani
476 1990 617 2044 ingenii
635 1989 894 2030 curiositatem
912 2019 924 2039 ,
953 1989 1001 2028 ab
1026 1989 1222 2030 ordinariis
1240 1992 1433 2032 causarum
1449 1994 1598 2047 legibus
1614 2007 1658 2035 ac
1675 1998 1823 2037 ratione
1832 1997 1888 2037 di-

7 2070 9 2073 ·
72 2051 239 2093 scedere.
302 2050 401 2105 Quis
417 2050 566 2091 causam
587 2047 738 2090 dederit
751 2050 848 2090 illius
860 2079 873 2099 ,
905 2048 1012 2102 quod
1027 2051 1065 2089 in
1076 2049 1282 2091 Malabaris
1298 2054 1455 2106 regione
1473 2083 1486 2101 ‚
1517 2051 1596 2107 (a)
1612 2055 1679 2095 ubi
1697 2055 1889 2098 Calecuti-

73 2124 140 2152 um
157 2110 212 2153 est
233 2142 246 2162 ,
275 2111 453 2152 videmus
472 2109 648 2150 accidere
670 2110 690 2149 ἓ
719 2109 952 2150 intersecant
973 2110 1074 2149 illam
1098 2109 1342 2151 Provinciam
1360 2113 1515 2152 altiffimi
1535 2125 1689 2155 montes
1703 2117 1742 2156 in
1762 2118 1887 2158 nubes

72 2183 196 2224 usque
222 2170 392 2224 poi-resti
407 2200 421 2220 ,
452 2169 668 2210 desinentes
692 2169 731 2208 in
767 2168 1080 2209 Promontorium
1101 2198 1113 2217 ‚
1143 2171 1250 2221 quod
1275 2171 1369 2210 Cori
1390 2172 1485 2211 dixit
1504 2173 1723 2227 Antiquitas
1739 2204 1753 2225 ,
1780 2189 1886 2217 nunc

68 2231 327 2272 Comorinum
345 2239 509 2271 vocatur
523 2260 535 2277 ‚
567 2228 606 2269 δι
624 2229 715 2269 licet
730 2226 777 2268 ab
794 2237 955 2279 utraque
969 2238 1076 2280 parte
1099 2228 1235 2270 eadem
1257 2230 1301 2270 sit
1317 2232 1398 2283 poli
1409 2231 1570 2271 altitudo
1591 2263 1604 2284 ,
1635 2233 1727 2275 dum
1757 2244 1886 2277 tamen

71 2292 126 2332 cis
144 2301 298 2332 montes
319 2290 456 2341 hyems
471 2290 625 2340 incipit,
641 2288 832 2340 marisque
851 2286 990 2326 finnus
1017 2288 1272 2330 intumescunt
1291 2320 1304 2339 ,
1334 2300 1435 2330 trans
1456 2301 1609 2332 montes
1627 2293 1761 2334 aestatis
1772 2296 1883 2336 ardo-

69 2351 175 2392 ribus
190 2359 384 2392 torrentur
401 2349 581 2402 campi&
595 2347 740 2401 oppida
757 2378 769 2396 ,
800 2347 838 2388 &
851 2348 1007 2400 pelagus
1026 2349 1064 2387 in
1091 2349 1286 2389 malaciam
1308 2353 1568 2402 componitur.

223 2409 355 2450 Isthaec
371 2412 483 2463 igitur
507 2407 731 2458 diversitas,
749 2419 835 2460 quae
851 2409 889 2448 in
905 2405 1129 2447 Climatibus
1147 2437 1159 2456 ‚
1197 2409 1268 2448 situ
1306 2410 1596 2452 Provinciarum
1617 2442 1631 2462 ,
1660 2413 1756 2453 ae’ris
1789 2426 1881 2455 con·

72 2470 355 2522 temperatione
370 2499 384 2520 ,
413 2469 451 2510 δε
471 2468 656 2509 alimentis
670 2469 837 2508 cernitur
857 2497 871 2517 ,
902 2469 1008 2507 varie
1038 2466 1292 2508 discriminant
1325 2469 1528 2511 hominum
1557 2470 1851 2515 constitutiones
1867 2504 1881 2525 ,

69 2530 131 2570 hae
154 2540 251 2570 vero
272 2530 368 2582 ipsas
391 2528 533 2570 deinde
555 2526 768 2567 eorundem
786 2525 968 2566 Naturas.
1030 2526 1184 2567 Etenim
1203 2530 1315 2569 animi
1332 2542 1459 2570 mores
1491 2534 1664 2583 corporis
1691 2543 1881 2585 tempera-

69 2598 244 2630 mentum
265 2600 309 2630 ac
337 2587 624 2642 dispositionem
644 2587 952 2639 consequuntur,
982 2584 1308 2637 Septentrionales
1333 2618 1346 2637 ,
1375 2590 1464 2640 quia
1485 2589 1506 2628 a
1531 2589 1622 2631 Sole
1650 2595 1880 2634 remotiores

67 2648 206 2702 frigida
235 2647 324 2689 loca
344 2650 519 2689 incolunt
541 2678 552 2696 ,
583 2647 773 2701 sanguinei
791 2646 902 2696 sunt,
931 2645 1076 2685 robusti
1095 2648 1208 2697 item,
1241 2646 1576 2704 &(h)anim0s1;
1605 2651 1879 2703 undefat‘tum,

69 2720 114 2749 ut
128 2708 276 2761 semper
288 2706 372 2749 fere
388 2707 626 2749 Nationibus
648 2706 970 2748 Meridionalibus
1002 2704 1186 2745 dominati
1206 2705 1371 2755 fuerint;
1402 2706 1540 2758 Assyrii
1559 2708 1769 2760 Chaldaeis,
1788 2712 1879 2754 Me-

69 2769 110 2808 di
128 2768 307 2819 Assyriis,
336 2767 463 2808 Parthi
488 2767 633 2808 Graecis
651 2796 666 2817 ,
693 2766 830 2807 Turcae
853 2765 1066 2814 Arabibus,
1097 2765 1220 2806 Gothi
1242 2766 1466 2817 Germanis,
1491 2768 1658 2810 Romani
1673 2771 1880 2821 Afris,An·

69 2830 119 2881 gli
137 2828 289 2869 Francis
306 2858 318 2876 ,
349 2827 387 2868 δε
404 2827 512 2867 Scoti
528 2828 672 2880 AngliS.
731 2828 874 2868 Amant
894 2827 1108 2867 libertatem
1121 2855 1133 2874 ,
1167 2828 1222 2866 uti
1241 2827 1278 2866 &
1295 2828 1333 2876 ii,
1353 2829 1418 2879 qui
1434 2838 1587 2869 montes
1603 2831 1791 2880 incolunt,
1810 2845 1878 2873 ve-

67 2889 138 2928 luti
153 2888 314 2929 Helveti
334 2917 346 2938 ,
376 2885 581 2935 Grisones‚
611 2886 650 2925 ὅτ.
673 2887 867 2937 cantabri,
901 2888 1041 2926 horum
1063 2887 1164 2925 enim
1184 2896 1529 2938 temperamentum
1545 2901 1625 2930 non
1645 2891 1812 2932 absimile
1821 2892 1877 2933 est

0 2985 1 2992 ,
68 2947 331 2988 constitutioni
346 2959 481 2987 eorum
501 2949 564 2999 qui
592 2946 640 2986 ad
655 2945 967 2999 Septentrionem
989 2945 1174 2985 habitant.
1263 2946 1307 2986 In
1331 2948 1550 2988 nationibus
1581 2949 1660 2990 Soli
1689 2954 1874 3003 proximis

0 3015 1 3040 l
70 3010 175 3049 calor
198 3008 427 3048 immodicus
447 3008 662 3059 sanguinem
691 3008 850 3047 omnino
879 3006 1073 3054 exsiccat,
1109 3005 1212 3046 unde
1257 3003 1432 3047 locorum
1457 3006 1611 3049 istorum
1636 3013 1770 3050 incolae
1794 3023 1874 3052 me-

0 3081 2 3129 s
68 3069 272 3109 lancholici
289 3069 401 3118 sunt,
431 3067 468 3107 &
487 3069 527 3107 in
543 3067 695 3107 secretis
712 3065 873 3107 Naturae
893 3064 1136 3164 penTetrandis
1149 3064 1334 3118 profundi
1352 3096 1364 3116 ,
1394 3069 1596 3120 quomodo
1614 3071 1661 3109 ab
1678 3070 1873 3173 AEgyptigsg

1006 3134 1043 3164 tt
1057 3134 1073 3164 t

0 3261 2 3265 ·
175 3214 244 3284 (aj
267 3238 358 3274 Mar.
379 3238 469 3275 Hist.
487 3237 585 3288 Hisp.
605 3236 738 3274 lib.26.
766 3249 798 3275 c.
821 3251 880 3286 17.
930 3241 997 3290 (b)
1028 3242 1189 3278 Homines
1203 3268 1213 3283 .
1239 3245 1301 3296 qui
1321 3241 1474 3297 frigida
1497 3244 1571 3281 loca
1585 3270 1596 3285 ‚
1634 3249 1871 3300 Europamque

0 3323 2 3330 ,
70 3284 241 3325 habitant
255 3314 264 3331 ‚
276 3287 366 3336 stant
380 3290 432 3328 illi
455 3289 593 3343 quidem
604 3287 759 3341 animosi.
775 3290 880 3330 Arist.
890 3292 913 3329 l.
925 3304 962 3343 7.
983 3293 1092 3333 Polit.
1106 3306 1135 3331 c.
1148 3305 1184 3339 7.
