2132 3730
303 237 384 283 184
744 221 1084 266 DJDACJ
1148 220 1684 265 SAAVEDRAE

307 291 562 305 .-.-..----

294 314 387 355 cum
406 323 538 356 conira
560 309 738 348 Senatum
753 306 971 345 tumultuari
1000 306 1198 357 inciperet.
1255 306 1459 346 Senatores
1486 317 1641 354 omnes,
1670 307 1955 346 communicato
1987 308 2090 360 prius

294 387 383 413 cum
408 371 537 411 iisdem
555 365 733 414 consilio,
762 365 800 405 in
818 366 900 404 aula
923 364 1084 416 quadam
1107 364 1317 410 concludit.
1377 364 1483 405 Dein
1515 366 1704 418 populum
1736 376 1957 415 convocat,
1987 377 2094 409 eum.

294 445 370 486 que
388 431 437 470 fic
458 426 682 477 alloquitur:
712 422 751 464 Si
775 423 979 465 Senatores
1000 436 1183 466 amovere
1199 424 1245 463 ab
1262 426 1412 473 officio,
1442 433 1506 465 aut
1521 426 1658 478 punire
1677 424 1845 475 libuerit,
1873 438 1974 467 nunc
1996 435 2091 467 tem-

290 505 366 546 pus
389 488 442 528 est
462 494 745 538 opportunum,
776 496 910 525 omnes
929 487 1029 525 enirn
1048 483 1114 525 sub
1134 483 1200 524 ista
1215 484 1325 524 clave
1335 484 1509 525 custodio
1522 513 1536 534 ‚
1566 485 1605 525 δι
1620 484 1765 536 absque
1781 488 1912 536 armis,
1943 485 2006 526 sed
2023 497 2092 526 ex-

291 550 447 605 pediet,
477 555 519 584 ut
536 557 635 585 unus
648 545 801 585 tollatur
826 543 914 597 post
934 546 1046 585 alium
1062 577 1072 588 .
1103 544 1142 585 &
1174 555 1268 584 mox
1290 545 1382 584 alius
1405 546 1444 584 in
1469 545 1567 584 illius
1598 547 1729 584 locum
1762 547 1937 599 eligatur:
1965 557 2094 599 neque

290 611 391 650 enim
408 606 470 646 vel
486 607 639 645 unicum
659 614 899 645 momentum
922 602 1155 657 Respublica
1177 602 1304 643 isthaec
1323 603 1401 644 fine
1420 604 1607 655 capitibus
1629 602 1823 644 subsistere
1843 606 1999 657 poterit.
2046 605 2091 647 In

290 679 422 708 urnam
451 667 562 718 igitur
579 666 750 705 omnium
767 667 921 705 nomina
937 665 1112 716 conjicit,
1138 664 1176 705 &
1200 674 1316 703 unum
1334 664 1433 704 sorte
1449 664 1631 704 extrahit:
1665 674 1774 716 rogat
1797 664 1936 705 deinde
1963 675 2093 718 popu-

288 727 396 776 lmn,
423 725 515 778 quid
537 727 601 766 illo
623 723 703 764 fieri
728 726 865 766 velint:
894 725 1067 765 crescunt
1094 723 1285 777 suffragia,
1315 725 1556 764 conclamant
1584 734 1742 772 omne8‚
1772 736 1941 776 eumque
1975 726 2094 767 morti

289 786 517 838 adjudicant.
577 784 721 825 Suadet
744 797 881 837 porro,
913 786 1024 825 alium
1042 786 1194 838 eligant,
1254 781 1333 823 Hic
1349 782 1526 823 confufio
1545 784 1690 832 oritur,
1713 782 1751 822 δι
1767 784 2093 836 nesciunt‚quem

287 857 510 900 proponere
530 843 707 885 debeant.
734 871 736 874 -
769 844 875 884 Idem
892 844 1055 886 secunda
1074 875 1085 893 ,
1115 844 1215 884 idem
1232 844 1342 883 tertia
1362 844 1451 883 vice
1475 842 1635 892 accidit,
1666 853 1709 882 ut
1740 843 1789 883 de
1816 843 2008 884 electione
2035 846 2093 884 in·

286 918 348 947 ter
366 918 434 947 eos
451 906 661 946 convenire
675 916 755 944 non
780 905 963 956 potuerit.
1021 903 1196 944 Tandem
1216 904 1276 943 illa
1310 904 1386 955 ipsa
1403 902 1579 942 confusio
1598 913 1667 942 eos
1687 902 1866 952 edocuit,
1885 905 2019 945 melius
2036 902 2092 944 efi-

287 968 346 1015 se,
377 968 539 1006 tolerare
554 965 715 1014 malum,
744 962 850 1015 quod
878 967 1026 1017 experti
1043 963 1183 1013 client,
1214 961 1326 1015 quam
1354 971 1502 1002 tentare
1528 961 1760 1011 remedium
1789 964 1827 1004 &
1855 963 2034 1004 mandant
2051 964 2093 1004 il-

287 1027 364 1067 lico
381 1055 393 1073 ,
423 1035 466 1063 ut
483 1024 685 1064 Senatores
706 1024 812 1064 liberi
829 1023 1088 1069 demittantur,
1149 1023 1178 1064 F
1182 1025 1300 1063 uriola
1318 1024 1429 1076 plebs
1445 1021 1501 1062 est
1522 1024 1561 1063 in
1581 1023 1831 1073 opinionibus
1861 1024 1953 1073 suis,
1976 1023 2013 1064 &
2028 1023 2093 1063 sae-

284 1084 339 1139 pe
359 1083 387 1138 ζ
405 1084 560 1135 quando
586 1084 729 1137 insigne
753 1083 909 1136 aliquod
947 1083 1126 1125 damnum
1154 1084 1290 1123 timere
1328 1081 1482 1135 potest,
1527 1091 1592 1122 aut
1622 1080 1874 1136 periculum)
1904 1082 2092 1123 industrias

286 1144 343 1185 est
382 1145 582 1199 Principis,
613 1144 683 1184 suis
714 1145 876 1198 propriis
906 1145 1063 1185 habenis
1093 1156 1177 1184 eam
1210 1154 1364 1195 regere,
1394 1142 1432 1183 &
1461 1144 1540 1195 pati
1567 1142 1786 1194 ignorantiae
1815 1141 1918 1195 passu
1936 1154 2024 1183 cum
2045 1154 2092 1182 ea

286 1204 476 1257 progredi.
539 1204 693 1246 Reduci
716 1206 828 1245 etiam
852 1203 899 1244 ad
916 1204 1081 1245 officium
1100 1204 1245 1257 poterit
1266 1200 1436 1255 populus
1449 1233 1462 1252 ,
1491 1202 1520 1243 fi
1539 1203 1587 1244 illi
1610 1212 1877 1255 proponantur
1897 1211 1984 1242 ante
1999 1213 2090 1241 ocu·

286 1265 347 1304 los
378 1264 512 1306 damna
540 1266 700 1307 aliorum
725 1265 901 1307 similium
930 1264 1107 1306 casuum:
1140 1262 1213 1320 (a)
1241 1275 1322 1306 nam
1342 1262 1478 1319 plebeia
1497 1264 1642 1317 ingenia¹
1664 1262 1818 1316 exemplis
1836 1264 1963 1317 magis,
1988 1272 2092 1315 quam

284 1326 418 1367 ratione
441 1328 637 1380 emuntur.

684 1494 726 1561 S
757 1490 1333 1563 YMBOLUM
1382 1489 1631 1558 XLVII.

275 2958 498 3105 ETiam
520 2964 559 3005 in
583 2963 790 3006 virtutibus
809 2965 1021 3019 periculum
1046 2957 1125 3006 est:
1151 2960 1263 3005 infint
1291 2968 1428 3005 omnes
1460 2963 1499 3005 in
1525 2964 1652 3005 animo
1677 2960 1878 3013 Principis‚·
1908 2971 1986 3001 non
2019 2959 2076 3003 est

417 3032 546 3068 tamen
565 3023 777 3076 necessum,
806 3035 849 3066 ut
867 3027 904 3067 in
922 3035 1114 3079 perpetuo
1138 3023 1333 3065 versentur
1348 3026 1547 3065 exercitio.
1608 3022 1760 3063 Utilitas
1782 3021 1934 3074 publica
1962 3021 2072 3062 usum

418 3086 563 3127 illarum
587 3083 729 3125 dictare
754 3085 890 3136 debet,
921 3084 1122 3139 quomodo
1148 3085 1261 3131 item,
1290 3083 1329 3124 &
1355 3083 1511 3137 quando
1535 3083 1712 3124 exercitae
1741 3081 1885 3133 absque
1906 3081 2072 3134 pruden-

279 3146 354 3195 tia,
381 3156 448 3187 aut
465 3147 559 3188 vitia
582 3143 657 3186 effe
676 3145 885 3199 incipiunt,
915 3155 981 3187 aut
1000 3154 1104 3187 cette
1123 3154 1204 3185 non
1222 3142 1347 3185 minus
1370 3143 1539 3185 exitiosae
1558 3142 1668 3192 sunt,
1696 3152 1740 3182 ac
1774 3139 1850 3181 ista.
1912 3140 1954 3181 In
1976 3141 2070 3181 cive

1996 3213 2073 3252 pri·

374 3301 433 3348 (²)
457 3302 618 3344 Macrob.
