2132 3730
228 263 314 309 358
665 250 1011 294 DIDACI
1065 251 1601 294 SAAVEDRAE.

227 355 319 397 gora
338 344 374 381 in
392 337 515 378 castris
539 336 724 375 exercuit.
785 334 813 387 <
821 335 869 388 ιι)
900 331 969 386 Ipfh
987 334 1079 374 cultu
1095 335 1164 374 levi
1175 338 1284 388 capite
1306 336 1446 385 intem,
1475 338 1513 375 in
1535 338 1682 387 agmine,
1713 337 1748 375 in
1765 332 2017 387 laboribus-fre-

228 417 334 457 quens
353 395 484 450 adeffle:
511 393 641 435 laudem
645 392 824 445 strenuis,
837 390 993 445 fhlafimn
1018 393 1183 434 invalidis
1198 425 1212 445 ,
1241 395 1420 447 exennium
1444 393 1593 435 omnibus
1628 393 1792 448 ostendere
1813 408 1825 443 ,·
1855 405 2021 444 cumque

227 462 378 502 videret
397 456 539 495 multos
556 454 608 494 ob
623 453 788 506 regionis
804 454 1083 492 inclementiam
1099 451 1201 505 signa
1211 453 1400 500 deserere,
1412 454 1496 508 (b)
1512 448 1885 503 remedimn-leveritate
1903 452 2018 507 quaefi-

227 530 299 562 tum
312 516 370 571 est.
387 520 420 553 ⁹
430 512 509 556 Nec
523 515 608 553 enim
621 520 663 553 ut
681 515 717 553 in
728 513 805 552 aliis
821 512 1041 559 exercitibus,
1064 514 1215 562 primum
1230 513 1436 567 alterumque
1453 513 1606 554 delirium
1625 515 1728 552 venia
1741 511 2018 567 prcffeqtaeebatur,

216 578 281 633 ῥά
293 579 351 630 qui
359 574 460 627 signa
474 574 681 627 reliquerat,
699 570 826 626 statim
862 575 970 623 capite
990 580 1115 623 poenas
1134 571 1260 616 luebat,
1320 571 1426 625 quue
1457 570 1515 622 ufic
1531 570 1669 623 fizlubre
1685 604 1698 623 ,
1728 573 1779 618 ξῆν
1800 570 2022 623 φηῐβηήτονιίἱα

224 637 337 678 mellus
353 634 518 685 apparuit
541 663 553 681 ,
584 633 702 685 quippe
728 633 906 682 pauciores
922 632 979 671 illa
998 628 1114 684 ccssra
1133 627 1301 677 deseruere
1327 662 1340 680 ,
1369 643 1468 684 quam
1487 643 1527 669 ea
1545 660 1557 679 ,
1585 634 1628 671 in.
1644 629 2018 685 quibus*ignostebnffiim

225 696 343 738 Miles
362 693 410 734 ad
434 693 605 744 ingentes
621 692 707 730 illos
723 691 891 739 labores,
914 689 1152 742 &praesentia
1176 689 1439 743 bellipericula
1456 689 1587 728 reduci
1606 702 1683 729 non
1699 690 1923 742 potest,nis1
1944 692 2016 729 alio

236 757 390 806 alioque
412 753 548 804 rigore,
558 759 622 790 aut
641 752 714 789 alio
729 752 902 802 proemio,
913 763 996 801 quae
1017 749 1095 789 duo
1112 751 1172 789 illa
1183 750 1368 802 adaequet.
1424 749 1618 801 Principes
1638 751 1852 791 honoribus
1862 762 1905 789 ac
1924 761 2021 801 proe-

228 816 314 857 miis
339 814 466 854 bonos
482 811 617 850 Duces
646 810 814 860 efficiunt
841 823 850 848 :
879 809 1012 849 Duces
1036 808 1134 849 vero
1155 810 1281 850 bonos
1303 811 1439 850 milites
1458 811 1640 862 exemplo
1661 838 1679 857 ,q
1705 811 1851 862 rigore,
1869 821 1913 848 ac
1928 810 2021 849 libe·

227 877 386 917 ralitate.
446 870 606 922 Optime
623 878 733 909 norat
756 867 981 909 Godfredus
1001 900 1013 918 ‚
1044 869 1202 920 gloriam
1228 869 1265 910 δι
1292 870 1396 923 spem
1417 869 1614 917 commodi
1644 880 1782 923 augere
1799 869 2022 922 magnitudi-

227 947 317 976 nem
335 932 471 980 animi,
502 929 656 981 quando
668 929 842 981 proelium
863 927 1136 970 commiffurus.

393 1032 469 1096 (c)
506 1026 730 1095 Consorto
760 1028 802 1081 il
825 1026 1002 1087 dubie,
1039 1048 1061 1081 e
1092 1027 1329 1097 confirmo
1355 1030 1429 1082 chi
1430 1027 1597 1099 spera,

403 1102 464 1154 Et
490 1098 678 1151 all'aud
708 1119 783 1153 ace
815 1112 1030 1152 ramento
1057 1103 1078 1152 i
1098 1099 1215 1169 fimi
1240 1107 1407 1161 vanti3

406 1173 449 1225 E
475 1171 515 1223 le
533 1167 625 1239 fite
649 1181 802 1240 prove
838 1170 891 1222 al
916 1168 1061 1237 forte,
1101 1172 1131 1223 d
1153 1173 1228 1225 chi
1254 1173 1488 1242 maggiori

401 1242 490 1295 Gli
500 1239 714 1312 stipendi
740 1240 969 1313 premiss,
1006 1241 1036 1294 ἃ
1061 1243 1136 1296 chi
1152 1242 1227 1312 gli
1262 1244 1438 1295 honori.

407 1358 545 1423 Spem
574 1355 762 1412 dubiis,
790 1357 981 1406 animos
1013 1358 1219 1426 majores
1251 1354 1445 1407 addidit
1485 1354 1617 1414 illis,

404 1427 503 1493 Qui
538 1427 648 1476 bene
661 1423 955 1493 sperabant5
981 1424 1155 1477 audaci
1186 1428 1393 1494 ingentia
1413 1422 1576 1491 fasta.

408 1497 470 1548 Et
483 1493 583 1564 fita
601 1509 935 1548 commemorat
949 1493 1083 1560 forti
1113 1495 1272 1548 decora
1299 1495 1503 1561 inclyta,
1539 1510 1772 1562 magnum

398 1567 496 1618 His
526 1569 764 1635 pretium,
802 1581 999 1634 magnos
1039 1564 1138 1616 illis
1171 1566 1416 1633 promittit
1442 1566 1651 1616 honores.

228 1681 360 1724 Ausim
375 1691 499 1732 prope
521 1678 668 1727 dicere,
697 1679 865 1718 militiam
884 1678 1026 1718 bonam
1050 1677 1123 1718 esse
1146 1690 1225 1718 non
1249 1677 1356 1730 poss'e
1373 1677 1440 1718 nisi
1457 1679 1508 1726 is,
1538 1679 1603 1730 qui
1622 1676 1757 1731 praeest
1779 1677 1959 1731 prodigus
1980 1677 2024 1719 sit

230 1743 480 1793 aliquantum,
512 1738 548 1777 &
566 1737 760 1790 crudelis3
788 1737 878 1777 ideo
898 1736 1001 1777 forte
1019 1737 1199 1778 Germani
1222 1738 1456 1792 Legionem,
1479 1737 1516 1778 &
1534 1751 1618 1790 quae
1642 1739 1689 1779 ad
1711 1751 1793 1778 eam
1818 1740 2023 1790 pertinent,

229 1803 407 1842 baculum
426 1799 647 1838 Chiliarchae
666 1796 693 1850 ζ
706 1796 768 1837 den
784 1798 963 1851 Regiment
977 1796 1056 1838 oder
1084 1798 1293 1853 Colonellstab
1311 1794 1336 1852 >
1368 1799 1558 1850 appellare
1580 1798 1725 1847 solent,
1753 1798 1820 1838 illo
1849 1800 1948 1837 enim
1970 1811 2026 1837 re-

228 1861 341 1916 gendi
369 1860 451 1899 sunt
476 1860 623 1898 milites.
683 1856 811 1897 Tanto
839 1857 1040 1909 disciplinae
1062 1859 1186 1911 rigore
1205 1870 1248 1897 ac
1272 1858 1472 1898 severitate
1498 1859 1605 1899 suum
1631 1859 1853 1899 continebat
1880 1859 2026 1898 exerci-

231 1933 313 1962 tum
332 1919 512 1969 Moyses,
538 1927 584 1957 ut
605 1925 741 1970 petens
755 1916 1035 1970 aliquandoper
1057 1927 1193 1958 terram
1213 1919 1328 1971 Regis
1355 1917 1484 1958 Edom
1505 1919 1725 1967 transitum,
1756 1918 1863 1958 simul
1890 1919 2029 1970 adpro-

230 1983 423 2028 mitteret,
454 1976 476 2017 ὲ
503 1978 573 2016 suis
600 1976 686 2017 fore
710 1978 925 2023 neminem,
957 1978 1022 2029 qui
1045 1979 1108 2017 vel
1125 1990 1260 2030 aquam
1279 1990 1328 2017 ex
1337 1979 1464 2031 puteis
1478 1978 1593 2030 ipsius
1614 1979 1805 2027 hauriret,
1836 1988 1901 2017 aut
1917 1990 2027 2031 agros

233 2042 451 2092 cujusquam
476 2048 538 2075 aut
561 2038 691 2075 vineas
720 2035 797 2089 (d)
828 2039 1040 2088 attingeret.

399 2098 464 2136 De
489 2095 722 2136 instauranda
739 2096 901 2147 collapsa
920 2097 1109 2136 exercitus
1131 2096 1322 2148 disciplina
1347 2098 1548 2147 antiquitas
1570 2094 1708 2136 illustre
1733 2096 1847 2135 nobis
1875 2097 2028 2149 reliquit

231 2158 451 2208 exemplum
471 2158 508 2196 in
528 2155 716 2204 Metelle,
744 2155 834 2194 dum
853 2155 925 2195 fuit
949 2158 986 2194 in
1005 2155 1156 2204 Africa,
1186 2157 1250 2196 ubi
1283 2166 1358 2195 tarn
1389 2166 1613 2207 corruptum
1640 2157 1781 2208 reperit
1808 2156 2028 2198 Romanum

232 2219 466 2264 exercitum,
496 2224 539 2255 ut
561 2216 696 2255 milites
714 2213 736 2254 ὲ
757 2213 899 2254 stativis
917 2216 988 2255 suis
1011 2217 1157 2255 nollent
1185 2215 1333 2267 egredi,
1363 2215 1471 2268 signa*
1507 2214 1747 2264 desererent,
1779 2214 1816 2254 &
1843 2227 1913 2267 per
1938 2217 2030 2256 Pro-

229 2279 395 2319 vinciam
426 2285 606 2329 vagantes
625 2277 711 2315 loca
732 2277 858 2314 omnia
876 2276 1107 2326 expilarent,
1137 2288 1179 2314 ac
1198 2276 1322 2327 pallini
1337 2277 1484 2326 rapinas
1507 2282 1753 2325 exercerent,
1784 2277 1889 2314 omni
1916 2285 2028 2316 uten-

230 2348 289 2379 tes
309 2333 481 2384 licentia,
512 2347 625 2387 quam
645 2334 833 2387 cupiditas
854 2335 1033 2375 suadebat
1056 2334 1093 2375 δι
1116 2334 1274 2374 luxuria.
1336 2334 1526 2373 Omnibus
1544 2342 1672 2375 tamen
1695 2337 1740 2374 iis
1757 2333 1888 2374 senfin]
1903 2347 2025 2376 reme·

232 2399 337 2438 diurn
353 2398 476 2435 attulit
498 2395 638 2434 artibus
656 2395 877 2435 militaribus
890 2406 959 2434 eos
986 2394 1217 2434 exercendo.
1278 2392 1417 2433 Vetuit
1452 2394 1621 2446 inprimis
1644 2405 1694 2434 ne
1728 2403 1792 2433 aut
1815 2395 1942 2445 panis,
1965 2405 2030 2436 aut

233 2459 324 2498 alius
350 2456 457 2495 cibus
478 2453 611 2494 coetus
633 2455 671 2493 in
699 2452 824 2494 castris
854 2466 997 2494 venum
1018 2462 1315 2506 proponeretur.
1372 2452 1441 2493 Ne
1474 2465 1633 2493 annonae
1662 2453 1854 2494 castrenfis
1879 2464 2030 2495 curato-

232 2529 293 2558 res
323 2516 532 2555 exercitum
555 2513 812 2565 sequerentur.
871 2512 940 2554 Ne
959 2514 1115 2566 gregarii
1133 2515 1269 2554 milites
1304 2514 1375 2553 iter
1402 2512 1586 2554 facientes
1608 2513 1795 2554 famulum
1823 2513 2029 2565 haberent,

233 2585 297 2617 aut
318 2576 462 2615 mulum
479 2587 491 2620 ς
519 2575 599 2626 pari
618 2575 764 2613 ratione
780 2574 946 2625 reliquos
968 2585 1125 2626 quoque
1152 2575 1344 2626 corrigens
1365 2574 1520 2620 abusus,
1550 2574 1596 2613 ad
1614 2573 1806 2626 pristinam
1827 2574 1929 2614 suam
1947 2573 2028 2614 for-

232 2636 435 2677 titudinem
457 2634 495 2673 &
525 2634 667 2682 robur,
696 2635 899 2673 revocavit
920 2635 1104 2679 militiam.
1164 2633 1263 2686 Quae
1284 2645 1373 2673 cura
1400 2643 1549 2674 tantum
1566 2633 1720 2684 effecit,
1750 2643 1793 2674 ut
1807 2645 1851 2673 ea
1872 2634 1948 2673 sola
1963 2633 2028 2686 Ju-

235 2697 378 2749 gurthae
395 2695 528 2733 terrori
554 2693 667 2741 effer,
695 2704 861 2745 eumque
885 2703 1087 2743 moveret,
1117 2703 1158 2733 ut
1175 2705 1244 2744 per
1270 2692 1436 2745 Legatos
1474 2694 1575 2733 suam
1600 2694 1829 2745 suorumque
1862 2692 2027 2736 filiorum
2076 2713 2092 2729 s

234 2758 353 2796 vitam
370 2756 421 2793 illi
441 2754 720 2801 committeret,
750 2753 895 2805 reliqua
912 2753 1008 2793 vero
1034 2754 1160 2794 omnia
1174 2754 1437 2793 Romanorum
1455 2753 1543 2793 fidei
1561 2754 1869 2794 concrediturum
1893 2753 1930 2793 se
1944 2756 2028 2805 pol-

234 2817 426 2855 liceretur.
485 2814 600 2852 Arma
628 2814 804 2852 nimirum
826 2813 972 2865 spiritus
999 2815 1133 2853 vitales
1159 2813 1240 2852 sunt
1256 2842 1269 2860 ,
1299 2815 1379 2867 qui·
1396 2814 1634 2865 Reipublicae
1663 2825 1804 2866 corpus
1826 2812 1964 2853 fovent
1983 2825 2028 2853 ac

237 2874 440 2919 sustinent,
472 2872 590 2911 vades
604 2874 876 2924 tranquillitatis
895 2875 1056 2924 publicae
1079 2875 1117 2912 in
1141 2873 1277 2924 quibus
1305 2873 1473 2924 ejusdem
1498 2875 1735 2913 conservatio
1760 2873 1798 2912 &
1820 2874 2029 2913 incremen-

237 2945 318 2974 tum
340 2930 528 2979 consistit,
558 2931 586 2971 si
609 2931 786 2972 instrutfi'ta
805 2934 905 2972 bene
924 2933 995 2972 fint
1013 2933 1048 2972 &
1066 2933 1295 2984 disciplinam
1324 2933 1534 2973 admittant.
1594 2933 1754 2985 Optime
1777 2933 1853 2972 hoc
1880 2934 2027 2971 intelle-

235 2996 292 3035 xit
314 2992 529 3032 Alexander
552 2990 715 3030 Severus
735 2991 963 3044 Imperator,
995 2992 1148 3043 quando
1174 2991 1295 3040 dixit,
1326 2992 1395 3046 (e)
1425 2991 1622 3044 diltffilinam
1647 2994 1810 3046 majorum
1833 2990 2028 3044 Rempuhli-

235 3066 308 3093 cam
327 3061 460 3100 tenere,
491 3064 567 3105 quae
581 3050 618 3102 st
634 3050 807 3091 dilabatur
826 3050 877 3097 &⁹
890 3065 1007 3092 izomeiz
1025 3053 1232 3102 Romanum,
1263 3049 1314 3096 ἐξ)
1333 3054 1513 3105 Imperium
1527 3056 1595 3092 ami
1619 3066 1674 3092 mn
1688 3055 1747 3093 iri.

1922 3110 2028 3164 Qua-

338 3225 393 3271 (α)
420 3223 534 3260 Tacit.
558 3223 620 3260 lib.
652 3237 710 3270 13.
735 3225 862 3262 Annal.
913 3225 972 3269 (b)
999 3225 1097 3261 Idem
1123 3222 1211 3262 ibid.
1262 3226 1320 3270 (c)
1349 3224 1438 3261 Cass.
1468 3225 1558 3262 Can.
1583 3235 1643 3259 20.
1699 3223 1767 3271 (d)
1795 3229 1871 3259 Non
1901 3221 2027 3261 ibimus

230 3286 294 3329 per
313 3288 427 3326 agros,
454 3290 512 3312 nec
522 3286 585 3327 per
606 3277 748 3317 vinear,
773 3290 838 3312 non
859 3273 1010 3314 bibemm
1033 3289 1146 3329 aquas
1167 3275 1210 3313 de
1228 3278 1346 3329 puteis
1366 3278 1450 3313 tuis.
1477 3279 1586 3314 Num.
1610 3287 1670 3311 20.
1704 3287 1758 3318 ιγ.
1837 3279 1895 3324 (e)
1920 3276 2025 3314 Alex.

237 3331 356 3364 Sever.
375 3329 465 3377 apud
483 3329 603 3378 Lamp.
