2132 3730
235 235 295 278 74
697 215 1636 263 DJDACJSAAVEDRAE

231 314 380 344 tantum
404 305 457 343 est
471 303 674 354 judicium,
705 300 813 351 quod
828 300 982 339 sufficiat
1004 300 1051 339 ad
1073 303 1290 350 tyrannides
1314 305 1481 341 minores
1503 304 1580 342 aliis
1606 303 1810 354 majoribus
1843 306 2032 356 corrigen-

230 365 326 404 das.-
354 364 391 403 &
408 370 609 413 quousque
623 361 746 398 moles
763 359 829 398 ista
847 358 1008 411 affurget
1025 389 1037 408 ‚,
1069 368 1112 399 ut
1130 360 1305 401 homines
1334 360 1497 406 ferendo
1521 361 1618 400 sint?
1647 362 1743 401 Illud
1761 363 1880 414 ipsum
1907 375 2035 404 exem-

227 426 336 476 plum
352 422 504 473 Joannis
531 419 661 470 Pagoli
686 418 856 469 Tyranni
876 419 1057 468 Perufiae,
1086 430 1165 470 quo
1182 419 1463 461 Machiavellus
1488 423 1606 460 utitur
1626 420 1674 459 ad
1701 420 1957 461 stabiliendam
1979 423 2034 462 su-

229 495 291 522 am
315 479 525 520 doctrinam
545 509 555 527 ,
586 478 739 518 abunde
755 479 838 518 satis
860 478 1028 518 edocere
1043 478 1225 531 potuiffet
1241 511 1252 528 ‚
1285 493 1398 532 quarn
1419 482 1578 531 periculi
1586 481 1744 531 plenum
1758 482 1816 529 iit,
1830 493 1899 532 per
1917 481 2035 521 istius-

227 540 335 582 modi
358 538 538 578 incedere
560 539 791 590 praecipitia‚
823 551 912 578 curn
946 539 1045 578 elusa
1066 537 1220 578 tandem
1241 538 1320 590 ejus
1338 541 1478 582 malitia
1496 569 1509 590 ‚
1539 550 1743 591 procurata
1771 542 1884 579 etiam
1909 550 2037 581 morte

225 600 311 652 Julii
334 597 502 638 Secundi
525 597 750 646 Pontificis‚
779 598 827 637 ad
857 599 1004 638 exitum
1032 597 1192 650 perduci
1221 610 1460 651 nequaquam
1497 599 1681 652 potuerit.
1742 599 1848 638 Idem
1878 612 2038 652 quoque

226 658 333 699 Duci
360 656 570 697 Valentino
588 657 727 696 accidit
746 687 758 707 ,
789 669 905 709 quern
926 659 1034 697 velut
1056 657 1184 697 Ideam
1206 658 1283 696 aliis
1305 660 1490 710 proponit
1512 658 1748 709 Principibus
1769 672 1779 695 τ
1807 660 1838 698 is
1863 662 1978 708 enim,
1992 669 2037 700 ut

225 719 274 757 ab
304 717 414 757 obitu
430 717 541 769 Papae
559 716 769 757 Alexandri
794 716 900 757 Sexti
915 717 1029 757 rebus
1048 717 1119 757 suis
1143 716 1309 756 securius
1327 718 1586 770 prospiceret,
1617 717 1879 756 Cardinalibus
1897 717 2036 758 faeno-

223 779 282 818 nis
305 778 503 817 contrariae
529 787 725 816 venenum
749 778 972 828 propinavit
997 807 1012 826 ,
1040 777 1105 817 sed
1133 778 1358 828 permutatis
1391 789 1460 828 per
1490 789 1659 817 errorem
1691 778 1832 829 lagenis
1851 807 1863 825 ‚
1893 778 1971 830 ipse
1999 777 2038 817 &

226 836 446 878 Alexander
463 847 659 876 venenum
678 836 882 875 hauserunt
897 865 911 883 ,
943 848 1022 888 quo
1047 835 1228 876 Pontifex
1247 833 1439 875 extin&us
1460 835 1516 876 est
1535 837 1661 877 subito
1679 848 1692 883 3
1722 836 1950 876 Valentinus
1965 848 2037 876 ve.

223 895 270 936 rb
291 898 343 935 ita
363 905 563 948 correptus
580 925 593 945 ‚
624 904 667 934 ut
705 896 757 934 ob
784 897 959 946 corporis
982 897 1284 935 imbecillitatem
1313 893 1493 935 electioni
1524 895 1698 936 intereffe
1734 908 1814 936 non
1838 898 2036 948 potuerim

224 967 342 1007 quem
377 957 503 995 casum
525 963 630 994 tanta
655 955 753 994 illius
792 953 926 995 astutia
966 967 1046 995 non
1069 963 1344 1008 praeverterat:
1376 966 1454 1006 quo
1485 954 1603 1006 porro
1631 954 1776 996 factum
1794 986 1806 1004 ‚
1849 967 1892 995 ut
1919 967 2036 1008 quem

223 1016 306 1067 ipse
336 1016 455 1054 vellet
482 1044 494 1064 ,
524 1012 705 1065 pontifex
726 1013 883 1054 minime
909 1013 1019 1055 fieret
1039 1046 1052 1065 ‚
1083 1025 1197 1066 atque
1217 1028 1291 1054 una
1312 1013 1492 1066 perderet
1514 1013 1597 1053 fere
1620 1018 1769 1062 omnia,
1786 1028 1870 1066 quae
1896 1017 1932 1054 in
1956 1015 2037 1053 Ro-

223 1076 349 1116 mania
376 1074 569 1113 violenter
592 1083 815 1125 occuparat.
872 1073 972 1114 Non
997 1075 1081 1114 finit
1099 1077 1233 1126 utique
1259 1073 1503 1126 providentia
1520 1072 1648 1112 divina
1664 1104 1675 1122 ‚
1704 1084 1748 1112 ut
1768 1074 2039 1124 Tyrannorum

225 1143 325 1173 artes
341 1133 413 1172 suis
432 1135 595 1173 multum
615 1133 762 1184 prosint
787 1132 861 1187 (a)
889 1133 1124 1179 auetoribus,
1182 1133 1315 1173 Habet
1329 1134 1407 1173 hoc
1424 1133 1501 1172 sola
1518 1133 1639 1172 virtus
1654 1162 1666 1182 ‚
1696 1142 1739 1172 ut
1754 1132 1885 1173 Deum
1901 1134 2037 1183 coeptis

223 1191 360 1233 nostris
380 1194 591 1246 propitium
610 1191 746 1231 reddat
768 1222 780 1242 ‚
813 1205 895 1232 non
915 1195 1068 1239 malitia.
1124 1191 1165 1232 Si
1187 1192 1341 1245 quando
1364 1191 1567 1243 Tyrannus
1586 1193 1717 1243 aliquis
1737 1194 1776 1232 in
1794 1193 2038 1244 usurpatione

223 1254 397 1293 violenta
421 1252 560 1292 diutius
585 1250 748 1303 perstitit
767 1282 779 1301 ‚
810 1251 848 1291 id
868 1252 888 1291 a
911 1265 1046 1306 magna
1067 1253 1191 1305 aliqua
1211 1251 1435 1304 profectum
1454 1252 1528 1292 fuit
1560 1253 1730 1300 virture,
1761 1262 1825 1291 aut
1847 1253 2037 1292 excellen-

223 1314 277 1352 tia
296 1314 454 1352 naturali
478 1340 490 1361 ‚
521 1324 605 1363 quae
627 1312 721 1351 vitia
740 1312 910 1352 occuluit
933 1342 946 1362 ‚
977 1314 1014 1352 δε
1042 1315 1287 1353 voluntatum
1316 1311 1437 1351 studia
1470 1313 1506 1350 ei
1536 1313 1686 1362 paravit
1710 1312 1811 1362 apud
1837 1311 2038 1358 subditos;

223 1373 366 1412 malitia
397 1383 525 1411 tamen
547 1370 645 1410 istud
670 1373 876 1420 tyrannicis
897 1372 1045 1411 ascribit
1068 1370 1234 1411 artificiis
1261 1401 1273 1420 ‚
1305 1371 1343 1410 δε
1371 1382 1420 1410 ex
1446 1370 1658 1410 istiusmodi
1693 1372 1878 1422 exemplis
1903 1372 2038 1421 impias

224 1432 408 1484 quasdam
430 1432 468 1471 &
492 1442 673 1470 erroneas
687 1432 868 1470 maximas
894 1429 1023 1471 Status
1042 1434 1140 1471 eruit
1155 1460 1168 1479 ‚
1201 1432 1338 1482 quibus
1355 1431 1592 1481 praecipitant
1615 1430 1809 1481 Principes
1825 1460 1837 1478 ‚
1861 1430 1900 1469 ὃς
1921 1438 2038 1469 ruunt

223 1492 394 1543 imperia.
458 1491 714 1541 Praeterquam
736 1520 749 1539 ,
784 1490 890 1542 quod
903 1503 983 1531 non
1002 1503 1136 1531 omnes
1155 1491 1367 1542 imperent,
1382 1492 1446 1540 qui
1471 1491 1661 1541 sceptrum
1690 1490 1727 1528 in
1744 1502 1857 1528 manu
1876 1488 2035 1542 gestant,

225 1560 291 1590 aut
312 1561 496 1590 coronam
516 1551 555 1590 in
574 1550 700 1600 capite
719 1579 731 1596 ,
764 1549 813 1588 eo
832 1550 940 1601 quod
956 1550 1095 1601 justitia
1113 1550 1262 1598 divina,
1295 1548 1427 1588 relicto
1454 1550 1496 1588 iis
1515 1561 1656 1601 regno,
1687 1551 1887 1601 imperium
1906 1560 2036 1588 tamen

221 1610 360 1650 iisdem
388 1610 545 1660 eripiat,
576 1608 867 1660 permittendo,
903 1618 947 1648 ut
974 1609 995 1648 e
1019 1609 1200 1649 Dominis
1233 1609 1421 1660 mancipia
1445 1606 1538 1647 fiant
1570 1609 1778 1660 paffionum
1815 1609 1961 1647 suarum
1991 1619 2036 1645 ac

221 1668 493 1710 Ministrorum
516 1696 529 1715 ‚
567 1678 683 1718 atque
701 1667 748 1704 ab
780 1668 985 1706 eventibus
1010 1668 1134 1707 minus
1168 1668 1357 1719 prosperis
1376 1697 1388 1714 ‚
1419 1667 1455 1706 &
1483 1667 1728 1708 seditionibus
1757 1670 2036 1719 opprimantur.

224 1727 445 1782 Quomodo
478 1729 517 1766 in
543 1725 657 1766 Saule
686 1726 925 1778 completum
944 1725 1018 1765 fuit
1050 1728 1157 1778 quod
1179 1725 1332 1764 Samuel
1347 1725 1399 1763 illi
1426 1726 1572 1765 dixerat
1596 1739 1609 1772 ς
1638 1739 1718 1766 non
1739 1727 1949 1766 mansumm
1968 1726 2038 1764 sci-

223 1790 315 1827 licet
340 1799 429 1826 eum
444 1788 593 1840 Regem
614 1815 626 1833 ‚
655 1784 694 1823 in
713 1796 890 1836 poenam,
923 1786 1031 1836 quod
1052 1785 1147 1826 Deo
1168 1783 1294 1825 fuiss'et
1316 1781 1387 1841 (h)
1408 1784 1654 1835 inobedienS,
1679 1786 1826 1826 tametsi
1855 1787 1955 1825 enim
1979 1785 2036 1825 vi-

223 1856 338 1893 veret
353 1876 367 1896 ‚
398 1847 435 1886 &
459 1854 695 1892 moreretur,
725 1855 776 1885 ex
798 1843 847 1884 eb
874 1853 1003 1885 tamen
1020 1855 1198 1898 tempore
1209 1855 1370 1896 regnum
1385 1844 1499 1896 ipsius
1517 1856 1622 1886 mera
1647 1845 1724 1887 fuit
1748 1845 1924 1886 servitus.

683 2016 1325 2086 SYMBOLUM
1379 2015 1567 2080 XIX.

289 2162 333 2204 N
350 2161 448 2203 ludis
464 2158 685 2200 Vulcani&
705 2159 926 2201 Promethei
949 2157 1087 2199 diversi
1104 2160 1216 2196 certis
1233 2154 1426 2196 constituti
1451 2155 1546 2194 locis
1570 2155 1609 2193 in
1638 2154 1740 2194 hunc
1777 2152 1852 2195 sese
1873 2153 2034 2194 modum

228 2158 289 2299 Ι
321 2222 583 2263 exercebant:
614 2218 794 2272 prodibat
812 2221 956 2271 primus
975 2217 1169 2258 accensam
1188 2216 1314 2256 facem
1334 2226 1449 2255 manu
1481 2213 1685 2266 praeferens
1705 2244 1718 2263 ‚
1749 2225 1862 2265 quam
1896 2214 2035 2253 deinde.

318 2281 540 2336 porrigebat
560 2279 776 2328 secunudo‚
808 2288 890 2318 tum
909 2278 977 2318 iste
994 2278 1130 2326 tertio,
1151 2277 1188 2316 &
1206 2276 1257 2316 fic
1271 2274 1452 2325 deinceps
1475 2274 1523 2313 de
1536 2285 1649 2313 manu
1671 2275 1709 2312 in
1729 2285 1896 2314 manum.
1953 2273 2036 2312 Un-

232 2344 282 2385 de
302 2352 433 2383 natum
455 2339 708 2392 proverbium
730 2353 739 2378 -:
773 2336 880 2390 Curfic
901 2337 1058 2390 lmrpada
1079 2336 1180 2377 trado
1206 2349 1219 2384 ,-
1249 2335 1297 2374 de
1314 2335 1357 2374 iis
1385 2334 1460 2372 dici
1485 2333 1633 2373 solitum
1654 2345 1738 2384 quae
1768 2344 1947 2385 tanquam
1963 2344 2034 2384 per

231 2402 500 2445 successionem
519 2400 566 2438 ab
594 2410 673 2438 uno
690 2398 738 2437 ad
754 2399 846 2438 alios
868 2398 1060 2438 transeunt
1074 2425 1086 2446 ‚
1116 2408 1195 2448 quo
1216 2394 1319 2434 sensu
1336 2393 1537 2433 Lucretius
1553 2393 1702 2432 cecinit.

479 2475 542 2528 Et
566 2469 706 2544 quali
735 2469 940 2540 cursores
965 2473 1098 2525 vitai
1127 2465 1362 2538 lampada
1393 2466 1546 2519 trado.

233 2570 358 2624 Quod
383 2568 404 2611 ὲ
427 2570 590 2610 Platone
612 2577 806 2608 mutuatus
837 2566 927 2607 ciim
953 2563 1146 2606 suadendo
1176 2562 1381 2603 homnibus
1407 2571 1549 2602 naturae
1577 2556 1920 2612 propagationem:
1947 2568 2034 2598 eam

234 2630 480 2672 necessariam
510 2627 584 2669 effe
601 2630 652 2668 ait
683 2658 694 2677 ‚
727 2627 795 2681 (c)
815 2634 856 2668 ut
875 2628 987 2666 vitam
1006 2654 1019 2675 ,
1049 2638 1152 2680 quam
1171 2622 1232 2675 120st
1249 2622 1271 2661 a*
1287 2621 1469 2673 majoribus
1490 2617 1652 2673 accepgffl’t
1668 2651 1680 2669 ‚
1699 2619 1837 2674 viciffim
1859 2617 1955 2670 quast
1973 2625 2037 2657 tce·-

234 2689 313 2731 dam
336 2690 510 2730 ardentem
534 2719 547 2739 ,
569 2686 716 2742 pesteris
739 2686 898 2728 tradant.
955 2684 1108 2737 Ecquid
1129 2681 1228 2722 aliud
1251 2680 1304 2720 est
1333 2680 1522 2733 sceptrum
1540 2681 1707 2733 regium,
1731 2678 1844 2729 quam
1872 2679 2033 2743 eJusr'no-

235 2750 274 2790 di
291 2749 416 2790 sacula
438 2763 447 2788 :
482 2761 564 2800 quae
592 2749 639 2787 ab
661 2760 740 2788 uno
758 2744 982 2787 Succeffore
1001 2744 1130 2785 transit
1150 2741 1197 2782 ad
1213 2742 1325 2780 alium
1344 2741 1363 2779 ἱ)
1394 2740 1499 2793 Quid
1522 2751 1612 2793 ergo
1631 2737 1800 2789 majestas
1828 2737 1895 2775 fibi
1922 2735 2033 2775 sumit

233 2811 274 2849 in
297 2810 370 2849 hac
395 2810 458 2849 sua
474 2809 680 2848 eminentia
704 2817 780 2847 tam
799 2807 938 2855 brevi,
970 2805 1008 2845 &
1035 2804 1083 2844 ad
1105 2803 1223 2843 solum
1246 2800 1352 2840 usum
1377 2798 1584 2842 concessa?
1613 2798 1744 2838 Multa
1770 2795 2032 2846 Principicum

235 2869 458 2908 hominibus
479 2869 556 2907 aliis
574 2869 793 2907 communia
808 2866 891 2906 sunt
905 2895 918 2916 ‚
949 2877 1024 2905 una
1043 2864 1121 2904 sola
1136 2873 1194 2902 res
1217 2872 1338 2911 eaque
1361 2860 1601 2900 accidentalis
1619 2856 1781 2899 eundem
1811 2854 1962 2920 differre
1978 2854 2033 2893 fa·

237 2929 303 2968 cit.
362 2927 414 2967 Et
429 2937 590 2978 propter
609 2927 672 2966 illa
694 2926 850 2979 quidem
867 2927 1034 2966 animum
1051 2935 1132 2963 non
1152 2920 1317 2961 demittit
1333 2932 1345 2967 ς
1376 2921 1428 2959 ob
1446 2921 1523 2959 hoc
1540 2929 1666 2958 tamen
1687 2917 1801 2955 solum
1824 2914 1862 2952 &
1876 2925 2031 2953 unicum

238 2986 402 3040 superbe
430 2987 504 3026 sese
522 2986 634 3026 effert
650 2987 759 3039 supra
786 2985 891 3027 alios.
950 2982 1175 3025 Meminerit
1191 3008 1204 3031 ,
1233 2980 1430 3020 hominem
1447 2978 1520 3019 effe
1533 2978 1589 3028 se,
1619 2977 1657 3017 δι
1674 2973 1890 3015 hominibus
1911 2975 2033 3025 impe·

1934 3044 2031 3072 rare.

339 3158 395 3205 (a)
421 3158 502 3207 Qi
522 3153 658 3207 diffi'pat
682 3155 907 3206 cogitationes
924 3150 1157 3201 maltgnorum
1184 3179 1193 3192 ‚
1218 3162 1260 3185 ne
1270 3147 1391 3201 poffi'nt
1411 3145 1692 3203 imple-ramanus
1713 3152 1842 3198 corum,
1866 3138 1957 3198 quoql
1973 3152 2034 3200 raj-

234 3217 377 3262 perant.
425 3211 492 3258 job
521 3219 551 3253 ς.
577 3221 634 3244 12.
685 3208 745 3251 (b)
773 3212 836 3242 Pro
852 3218 886 3240 eo
902 3232 910 3245 ,
936 3203 1025 3256 quod
1037 3200 1189 3253 abjecisti
1201 3201 1392 3248 st’rmonem
1417 3205 1580 3235 Domlm.
1616 3190 1742 3239 abjecta*
1766 3201 1801 3227 tc
1842 3196 2005 3228 Donamus
2024 3217 2034 3231 ,

243 3260 344 3310 nests
358 3266 443 3298 Rex.
472 3274 502 3298 1.
518 3263 609 3309 Reg.
630 3264 747 3304 1523.
791 3259 847 3304 (ο)
867 3258 983 3293 Plato.
