2132 3730
240 170 324 216 278
668 155 1016 201 DIDACI
1077 151 1605 200 SAAVEDRAE

231 244 404 300 perculstcs
425 242 613 297 inprovisi?
635 241 896 290 interrogatione
917 238 1035 278 Asinii
1057 237 1177 288 Galli,
1201 240 1269 280 etsi
1276 239 1458 291 paululum
1475 244 1638 291 reticuit,
1670 251 1713 281 ut
1737 242 1865 283 secum
1880 243 1958 295 ipse
1979 256 2046 284 ex·
2115 283 2116 299 ἢ

240 307 448 360 penderet,
477 301 567 353 quid
586 299 857 350 responderet,
889 296 1110 339 dissimulare
1130 306 1258 340 tamen
1273 299 1401 339 omnia
1433 310 1512 338 non
1540 302 1686 352 potuit,
1717 301 1792 357 (a)
1821 304 1940 342 etenim
1963 304 2044 343 vul·
2072 303 2075 309 ¹
2114 338 2116 355 ἱ

240 376 281 408 tu
307 363 505 419 cffitfionem
518 358 771 410 conjeciaverar
792 356 946 409 Afinius,
2114 398 2115 406 ἵ

414 420 493 472 Ipsa
506 418 691 470 Principis
709 416 912 457 audmritas
929 417 968 457 δε
985 417 1184 456 veneratio
1201 415 1391 467 Majestati
1408 417 1537 458 debita
1563 419 1764 470 impellunt
1784 419 1831 459 ad
1841 418 2046 462 dicendam
2113 437 2115 474 3

238 485 461 529 veritatem,
492 477 641 518 tametsi
666 475 871 529 aliquando
892 477 1006 516 etiam
1023 475 1070 515 ad
1093 475 1354 524 mendacium,
1383 489 1433 516 ne
1458 477 1593 518 frustra
1619 477 1828 530 quaefiviffe
1847 480 2023 519 videatur
2032 492 2049 519 τ

239 537 564 596 quemadmodum
579 536 704 577 eidem
721 537 857 589 Imper.
880 536 954 589 (h)
984 536 1142 575 Tiberio
1162 534 1383 583 accidebat,
1415 539 1566 587 quoties
1588 539 1666 589 ipse
1687 549 1775 577 reos
1794 540 2042 579 examinaret·

409 597 444 638 E
461 598 697 638 sermonibus
714 598 826 636 variis
843 596 882 635 ὅτ,
905 597 1128 647 colloquiis:
1159 607 1243 646 quae
1269 593 1502 634 dexterrime
1519 597 1672 646 quidam
1694 599 1862 638 exordiri
1878 607 2044 647 norunt,
2088 589 2089 593 ¹

235 658 458 713 perspicitur
485 659 652 706 animus,
682 656 785 696 haud
801 656 908 696 secus
925 665 1040 708 atque
1058 668 1107 695 ex
1131 653 1289 694 diversis
1308 654 1448 693 chartae
1473 655 1661 694 consciffae
1679 658 1873 707 particulis
1900 656 2044 709 junctis

233 723 372 759 iterum
399 717 437 759 &
454 718 601 758 collatis
622 719 720 756 inter
739 716 775 756 se
791 717 949 768 legitur,
978 714 1084 767 quod
1112 715 1291 766 scriptum
1313 714 1352 753 in
1378 726 1423 754 ea
1448 713 1595 754 suerat:
1625 724 1739 766 atque
1769 715 1886 756 isthac
1914 717 2045 756 obser-
2112 700 2114 755 ]

234 779 393 818 vatione
417 777 626 817 didicerant
650 778 765 825 olim,
796 777 861 827 qui
887 785 1021 815 contra
1053 774 1257 814 Neronem
1280 773 1541 824 conjurarant,
1569 773 1731 814 Fenium
1752 774 1901 815 Rufum
1920 775 1942 815 a
1958 788 2044 828 par-
2112 790 2113 834 ᾗ

234 850 274 878 te
298 838 464 891 ipsorum
489 836 680 878 futurum:
709 833 773 890 (c)
806 847 892 875 nam
914 835 1030 874 crebro
1050 833 1149 886 rpfirrs
1171 831 1320 884 ſs’rmone
1340 834 1409 872 illis
1417 830 1525 882 facia
1540 831 1646 886 fides.¹
2112 874 2114 882 ‚

385 897 420 949 §.
451 896 485 936 Ε
506 897 643 949 quibus
661 895 840 935 omnibus
861 896 1040 947 colligere
1066 894 1198 933 licebit
1220 892 1405 945 Principi,
1434 903 1619 944 quantum
1640 895 1678 932 in
1697 892 1848 933 secretis
1865 894 1951 934 insit
1971 906 2042 946 pe·
2112 899 2123 925 '1

232 960 365 1007 riculi,
395 958 431 996 δι
458 956 485 995 sl
511 957 548 995 in
567 955 762 995 nobismet
787 954 876 1006 ipsis
897 954 1024 994 secura
1051 953 1112 993 illa
1135 965 1215 993 non
1240 953 1333 1000 fint,
1364 952 1566 1003 quomodo
1582 954 1620 992 in
1644 954 1722 992 aliis
1739 953 1879 992 erunt?
1907 953 2043 1006 Quare
2111 971 2114 984 ·

231 1019 373 1059 nemini
401 1017 564 1068 cuipiam
584 1027 630 1055 ea
647 1014 765 1054 debet
793 1011 1058 1061 committere,
1081 1011 1211 1065 quoad
1231 1011 1314 1052 fieri
1338 1011 1490 1064 potest:
1508 1012 1605 1063 ¹sunt
1623 1013 1722 1052 enim
1742 1012 1863 1052 veluti
1882 1014 2044 1053 cunicu-

231 1081 256 1118 li
278 1076 432 1129 quidam
459 1075 713 1124 subterranei,
743 1075 808 1125 qui
833 1073 862 1114 si
889 1074 1007 1114 multa
1031 1074 1198 1113 habeant
1222 1070 1388 1120 orificia,
1411 1073 1507 1124 ignis
1532 1072 1655 1112 omnis
1677 1072 1849 1121 exhalat,
1888 1072 1927 1113 &
1947 1072 2045 1112 effe·
2074 1094 2087 1131 {2
2115 1080 2121 1113 -ζ

231 1138 335 1177 {tum
363 1147 444 1176 non
465 1135 599 1180 habet.
659 1133 699 1173 Si
722 1143 849 1174 tamen
864 1134 1058 1173 necessitas
1076 1131 1265 1185 postulet,
1296 1141 1339 1171 ut
1364 1142 1409 1171 ea
1432 1131 1615 1184 Princeps
1640 1143 1729 1172 cum
1751 1130 1936 1171 Ministris
1964 1131 2042 1170 suis
2116 1124 2120 1150 f

230 1197 515 1244 communicet,
540 1193 754 1244 vidensque
768 1206 814 1233 ea
842 1194 1054 1246 propalari,
1083 1192 1219 1231 rescire
1253 1192 1443 1240 voluerit,
1473 1190 1579 1242 cujus
1601 1193 1714 1243 culpa
1736 1191 1775 1230 id
1801 1189 1890 1240 fiat,
1920 1191 2042 1230 suase·
2114 1189 2119 1203 '⁷

230 1260 300 1297 rim
328 1258 433 1296 varia
455 1256 579 1306 aliqua
606 1252 721 1306 fingat:
749 1253 892 1293 secreta
921 1252 959 1293 &
986 1253 1127 1304 singula
1173 1251 1324 1302 fingulis
1348 1252 1566 1292 committat
1594 1252 1646 1291 ita
1671 1253 1775 1291 enim
1801 1249 1869 1290 fiet
1896 1259 1939 1291 ut
1967 1261 2039 1302 per
2113 1258 2115 1287 l

232 1316 345 1367 illud,
374 1314 481 1367 quod
501 1314 739 1366 divulgatum
762 1312 880 1353 fuerit
896 1342 909 1360 .,
940 1324 1030 1352 eum
1056 1309 1341 1362 deprehendat,
1377 1313 1442 1362 qui
1461 1309 1527 1350 ista
1544 1311 1692 1350 revelat
1707 1312 1800 1350 aliis.
2084 1309 2087 1319 ‘
2113 1339 2114 1342 η

405 1373 486 1429 (d)
517 1374 601 1414 Non
628 1380 740 1412 tamen
767 1372 832 1421 fine
860 1368 920 1417 ulit
936 1369 1076 1422 fuerit,
1107 1367 1318 1420 introspicere
1345 1369 1404 1409 illa
1420 1372 1542 1420 prima
1564 1367 1696 1421 qffiefflc
1718 1370 1811 1410 levia
1825 1400 1837 1419 ,
1865 1381 1909 1408 ex
1940 1366 2037 1420 quffis
2096 1387 2113 1418 (ε

230 1445 429 1488 magnarum
451 1430 542 1484 scope
557 1445 674 1473 rerum
699 1439 808 1472 motus
827 1433 999 1470 oriuntur.
1062 1429 1407 1468 Potenrifflmorum
1426 1430 1540 1468 etiam
1558 1428 1811 1480 Imperiorum
1827 1439 1982 1480 aggeres
1996 1428 2037 1467 in

229 1493 514 1549 periculosum,
529 1503 578 1531 ne
594 1502 663 1542 per
672 1492 864 1530 minimam
874 1489 1099 1529 curiositatis
1108 1489 1280 1527 rimulam
1292 1499 1361 1527 eos
1372 1500 1475 1527 mare
1498 1486 1682 1527 disturbet
1699 1488 1737 1528 δε
1754 1487 1916 1538 dejiciat.
1953 1484 2036 1526 Ubi
2103 1479 2113 1526 ἶ

231 1556 372 1596 vermis
389 1551 456 1594 iste
472 1551 605 1592 secreti
623 1550 790 1590 radicem
813 1549 1006 1597 arroserit,
1037 1547 1331 1599 proceriffimam
1355 1547 1469 1586 etiam
1492 1546 1671 1587 arborem
1696 1547 1804 1587 humi
1824 1545 1978 1587 sternet.

564 1660 1356 1729 SYMBOLUM
1436 1661 1763 1754 LXIII.-

230 1812 333 1950 ΙΝ
356 1814 519 1866 negotiis
538 1811 717 1852 omnibus
738 1810 923 1862 principia
951 1807 1163 1849 eorundem
1188 1808 1226 1849 δε
1248 1807 1344 1848 fines
1372 1806 1440 1846 fibi
1460 1807 1597 1849 mutuo
1613 1808 1846 1862 respondere
1872 1807 2034 1854 debent.

320 1873 562 1921 Curandum,
592 1879 635 1911 ut
653 1869 826 1922 perfecta
852 1879 987 1909 eorum
1007 1867 1132 1909 forma
1154 1868 1218 1917 fit,
1245 1880 1319 1908 nec
1341 1866 1454 1908 facile
1478 1869 1725 1909 immutanda.
1784 1868 1939 1922 Figulus
1971 1870 2037 1908 ali·
2100 1905 2103 1908 ,

321 1936 403 1986 quis
424 1945 502 1972 non
522 1930 573 1970 fic
594 1931 633 1969 in
657 1931 845 1969 incertum
861 1937 985 1967 rotam
1002 1928 1125 1967 versat
1138 1939 1212 1967 nec
1236 1940 1349 1967 manu
1372 1927 1423 1965 fic
1441 1928 1566 1967 obiter
1594 1940 1695 1980 opus
1713 1930 1821 1969 suum
1846 1929 1976 1981 fingit,
1992 1938 2038 1969 ut

232 2010 299 2037 vas
323 1992 423 2033 aliud
448 1992 495 2030 ab
511 1992 680 2041 incoepto
700 1997 826 2028 exeat.
887 1986 1022 2027 Unum
1043 1987 1199 2039 aliquod
1218 1998 1316 2039 opus
1334 1987 1378 2027 fit
1395 1986 1464 2026 fibi
1487 1987 1557 2039 ipsi
1580 1987 1785 2028 conforme
1810 1989 1847 2028 δε
1873 1989 2003 2028 fimile.

409 2132 425 2142 -
460 2131 481 2142 -
515 2129 537 2142 -
569 2100 824 2167 'Amphora
855 2100 988 2167 coepit
1011 2097 1082 2164 (e)

408 2171 596 2240 Institui
613 2181 821 2224 currente
847 2181 980 2225 rota,
1012 2186 1096 2221 cur
1120 2185 1282 2220 urceus
1301 2166 1424 2217 exit?

403 2244 627 2312 Denique
625 2237 696 2309 fit
719 2237 853 2310 quod
877 2241 983 2296 vis‚'
999 2235 1214 2310 fimplex
1232 2236 1503 2292 duntaxat,
1537 2235 1605 2292 (⁷9⁴
1620 2256 1788 2290 unum.

233 2370 344 2413 Nihil
365 2366 619 2422 perniciosum
635 2366 772 2417 magis,
804 2361 917 2415 quam
936 2364 996 2402 illa
1015 2364 1053 2402 in
1076 2359 1310 2410 actionibus,
1340 2361 1378 2401 &
1394 2361 1631 2414 gubernandi
1659 2363 1808 2402 ratione
1840 2362 2033 2415 inaequali-
2099 2396 2100 2399 ,

232 2444 289 2472 tas
309 2461 322 2480 ,
351 2427 504 2481 quando
525 2425 710 2478 principia
735 2422 875 2463 finibus
899 2423 1054 2462 minime
1072 2421 1295 2466 consonant.
1354 2421 1541 2461 Ludibrio
1569 2422 1746 2462 omnibus
1766 2420 1842 2471 est,
1871 2424 1937 2474 qui
1953 2436 2032 2463 ma.
2106 2464 2107 2470 ¹

232 2503 304 2544 gna
327 2501 415 2529 cum
437 2499 526 2526 cura
555 2498 599 2524 ac
621 2481 870 2523 sollicitudine
894 2481 1105 2534 imperandi
1130 2494 1268 2521 munus
1305 2482 1486 2530 exorsus,
1517 2483 1643 2521 omnia
1670 2480 1806 2533 postea
1825 2493 1896 2534 pet
1924 2483 2032 2522 jncu-
2098 2482 2099 2487 =

232 2553 323 2591 riam
343 2548 511 2600 negligit,
571 2544 694 2583 Satius
721 2540 846 2583 fuisset
867 2541 1008 2582 eodem
1024 2541 1170 2593 semper
1196 2539 1299 2594 paffu
1315 2541 1519 2590 incedere,
1548 2540 1617 2581 etfi
1631 2540 1731 2594 segni
1748 2554 1791 2581 ac
1809 2540 1932 2581 tardo.
1982 2542 2032 2582 11-
2085 2538 2107 2546 '
2124 2560 2131 2582 a

230 2612 265 2651 la
302 2609 380 2661 ipsa
403 2610 507 2654 laus,
538 2616 652 2656 quam
676 2602 755 2654 ejus
787 2598 1052 2642 commeruere
1070 2601 1282 2654 principia,
1315 2601 1463 2640 accusat
1498 2600 1667 2653 ejusdem
1691 2600 1800 2641 fines.
1860 2600 2031 2643 Perdidit

232 2669 497 2710 auctoritatem
524 2665 668 2713 Galba,
699 2661 806 2714 quod
833 2662 899 2702 sub
927 2661 1079 2713 Imperii
1096 2662 1242 2702 initium
1256 2659 1562 2701 instaurationem
1581 2662 1721 2701 militiae
1743 2661 2032 2714 pollicitus‚in-
2085 2662 2087 2679 ¹
2130 2682 2132 2705 r

231 2730 366 2782 dignos
383 2724 516 2779 postea
533 2723 658 2765 eidem
676 2720 758 2778 (f)
778 2721 1016 2775 praefeciss'et.
1074 2720 1194 2761 Multi
1209 2720 1401 2773 Principes
1425 2720 1605 2761 videntur
1628 2723 1786 2774 optimi,
1811 2721 1850 2761 δι
1886 2722 2030 2775 pessimi
2084 2720 2107 2773 ξς

231 2790 337 2829 sunt:
367 2787 476 2826 multi
495 2783 703 2837 prudenter
734 2792 877 2823 norunt
905 2780 1104 2831 disserere,
1133 2781 1171 2821 ἃ.
1194 2781 1339 2832 absque
1363 2780 1565 2833 prudentia
1593 2791 1825 2834 operantur:
1855 2782 2028 2821 nonnulli

231 2859 364 2901 magna
388 2846 639 2898 promittunt,
668 2842 705 2883 &
729 2854 850 2894 pauca
864 2840 1060 2894 praestant:
1091 2842 1150 2881 alii
1169 2841 1206 2880 in
1226 2852 1323 2892 pace
1340 2839 1461 2882 fortes
1486 2841 1594 2889 sunt,
1625 2840 1664 2880 &
1694 2842 1731 2881 in
1758 2841 1860 2880 bello
1881 2842 2028 2893 ignavi:
2099 2841 2102 2850 ‘

231 2910 290 2950 alii
310 2914 458 2948 tentant
474 2905 621 2952 omnia,
649 2902 686 2942 &
710 2903 804 2942 nihil
823 2901 870 2941 ad
887 2900 1168 2954 perfeetionem
1192 2899 1399 2941 adducunt.
1457 2900 1529 2940 Ista
1550 2912 1675 2941 rerum
1691 2900 1912 2940 difformitas
1924 2900 2027 2940 haud

244 3017 2028 3038 ——-—-——-—————--——————-———-————-————-—..-.—.-.——.n-——-.

329 3063 392 3112 (a)
419 3060 536 3098 Tacit.
561 3059 585 3096 l.
612 3071 643 3097 1.
658 3061 787 3097 Annal.
839 3061 901 3106 (b)
927 3064 1004 3096 Non
1016 3067 1231 3112 temperante
1256 3055 1402 3100 Uberio,
1426 3060 1514 3111 quin
1531 3068 1705 3112 premeret
1724 3071 1825 3099 voce,
1852 3057 1975 3099 vultu,
1992 3071 2029 3094 eo
2097 3067 2100 3072 ’

230 3113 321 3168 quod
335 3114 399 3167 ipst’
417 3111 620 3150 creberrime
637 3109 901 3164 interrogabat.-
927 3125 1033 3165 neque
1047 3109 1219 3160 refellere,
1235 3120 1300 3148 aut
1308 3110 1444 3149 eludere
1462 3109 1634 3152 dabatur,
1659 3124 1701 3148 ac
1705 3109 1786 3163 ssepe
1798 3111 1909 3148 etiam
1928 3110 2027 3160 confi—
2097 3112 2099 3128 ³

231 3167 374 3204 tendum
388 3176 484 3206 erat,
510 3178 552 3202 ne
555 3161 699 3215 frastra
714 3162 920 3215 quaefiviffi’t.
949 3166 1049 3201 Idem
1074 3164 1098 3201 l.
1130 3177 1162 3211 3.
1181 3164 1312 3200 Annal.
1390 3163 1455 3212 (c)
1482 3163 1597 3201 Tacit.
1616 3164 1640 3201 l.
1669 3175 1725 3208 15.
1749 3164 1878 3201 Annal.
1957 3164 2024 3210 (d)

232 3221 351 3255 Terei.
372 3233 399 3255 r.
421 3222 491 3255 An.
518 3234 523 3241 ·
548 3219 607 3266 (e)
634 3217 760 3252 Horat.
812 3217 876 3263 (f)
902 3222 972 3254 Nec
991 3218 1084 3254 mim
1100 3214 1151 3253 ad
1168 3213 1429 3266 hancfhrmam
1447 3225 1569 3253 catera
1583 3224 1702 3253 erant.
1728 3215 1814 3252 Tac.
1830 3216 1855 3253 l.
1878 3229 1909 3254 Ι,
1930 3213 2022 3258 Hist,
