2132 3730
513 225 1492 274 SYMBOLAPOLJTJCA.
1814 238 1896 275 101*

94 321 411 365 niittiturffleorum
434 342 447 361 ‚
478 324 563 363 quae
577 313 624 351 ab
646 312 727 362 ipso
745 310 900 350 decreta
921 310 956 351 &
975 311 1147 350 ordinata
1165 310 1319 352 fuerint.
1382 312 1520 355 Oziam
1544 311 1614 369 (a)
1645 313 1793 366 Regem
1812 327 1893 366 gra-

93 381 194 419 viter
212 372 456 424 increpabant
479 371 706 411 Sacerdotes
730 401 741 418 ‚
772 369 810 408 &
833 369 965 410 severe
1005 369 1205 423 castigabat
1238 370 1373 420 Deus,
1404 372 1512 424 qubd
1546 373 1738 414 incensum
1766 373 1896 414 adole-

94 437 201 478 visset
222 449 231 473 ε
260 434 403 471 cultum
430 432 601 471 divinum
627 433 671 473 inf
684 439 770 468 toto
788 430 884 469 orbe
909 429 1120 470 Christiano
1145 428 1377 470 uniformem
1403 431 1491 482 effe,
1520 433 1557 472 &
1583 445 1695 474 unam
1717 434 1898 474 eandem.

92 507 167 549 que
187 495 224 534 in
253 492 431 531 omnibus
456 491 626 543 partibus
645 489 842 541 Sponsttm,
860 489 952 529 illud
975 489 1050 538 est,
1079 489 1185 540 quod
1202 490 1281 540 ejus
1298 492 1504 542 puritatem
1529 495 1742 534 conservat.
1802 494 1895 534 Bre-

92 559 132 597 vi
154 565 224 594 nos
244 550 399 591 deficiet
418 547 569 590 Veritas
585 580 597 600 ,
636 550 663 590 si
685 551 891 601 unicuique
919 550 1135 601 Principum
1169 561 1252 588 eam
1279 552 1489 590 rationibus
1512 552 1582 591 suis
1607 567 1650 593 ac
1670 553 1808 595 finibus
1833 566 1894 593 ac-

91 611 338 655 commodare
355 609 478 650 liceat.
537 610 580 650 In
595 611 639 650 iis
665 609 876 650 Provinciis
895 623 938 649 ac
954 610 1122 660 Regnis,
1153 609 1220 648 ubi
1247 619 1476 650 attentatum
1498 610 1576 650 hoc
1592 612 1665 652 fuit
1684 644 1696 662 ‚
1728 616 1796 654 vix
1822 615 1893 654 ho-

89 674 150 713 die
179 672 388 723 Religionis
411 667 610 724 vestigium
645 669 811 721 superest
828 700 839 718 ‚
869 671 920 709 ita
940 679 983 709 ut
998 670 1165 720 populus
1190 669 1444 709 miserandum
1462 671 1500 709 in
1526 672 1685 712 modurn
1712 673 1894 714 confusus

86 730 200 786 plane
225 731 384 778 nesciat,
416 742 589 781 quaenam
611 742 704 769 vera
719 730 763 769 fit
780 730 946 782 Religio.
1006 726 1205 767 Distincstae
1221 730 1320 768 inter
1340 730 1378 769 se
1391 729 1673 780 jurisdiGtiones
1697 733 1789 782 sunt,
1806 734 1892 786 Spi-

85 793 228 832 ritualis
258 790 294 830 &
315 790 568 842 Temporalis.
627 788 724 829 Haec
743 791 839 828 illius
862 787 1088 827 auctoritate
1107 798 1283 836 ornatur3
1299 790 1359 828 illa
1376 789 1474 829 verb
1500 790 1609 840 hujus
1630 791 1666 830 se
1683 800 1892 844 tueturpo-

86 851 233 895 testate.
292 850 527 890 Obcdientia
553 851 707 889 heroica
734 848 809 898 est,
840 860 923 899 quae
949 845 1050 886 ultre)
1072 847 1146 887 sese
1170 848 1354 888 submittit
1375 849 1533 888 Vicario
1558 852 1653 890 illius
1677 882 1688 899 ‚
1721 854 1785 902 qui
1814 854 1892 892 sce-

85 921 172 964 ptra
190 911 362 962 largitur,
383 910 421 951 &
448 911 590 950 adimit.
654 909 875 948 Glorientur
892 909 930 946 in
953 918 1002 946 eo
1020 905 1110 946 licet
1130 907 1257 959 Reges
1273 939 1286 958 ‚
1319 909 1425 960 quod
1445 910 1603 950 Statutis
1628 913 1757 963 patriae
1770 911 1892 962 subje-

85 970 136 1010 6ὶί
152 983 232 1010 non
251 969 322 1009 sint
345 1000 358 1019 ,
387 980 451 1010 aut
474 970 642 1021 Legibus
672 970 800 1008 alienis
819 981 827 1006 ε
857 976 1024 1022 attamen
1047 967 1211 1008 decretis
1228 968 1461 1020 Apostolicis
1485 982 1619 1021 parere
1634 983 1702 1011 eos
1717 981 1888 1023 oportet.

85 1031 193 1083 Quin
219 1032 340 1070 teneri
363 1030 400 1070 se
429 1030 544 1069 sciant
560 1059 572 1078 ,
601 1038 644 1068 ut
675 1028 793 1067 robur
813 1028 856 1067 iis
873 1026 966 1066 dent
986 1056 999 1075 ‚
1029 1026 1067 1067 ὅτ.
1093 1027 1219 1068 fauete
1238 1029 1276 1068 in
1303 1028 1448 1081 Regnis
1469 1029 1539 1069 suis
1557 1030 1696 1071 servari
1725 1030 1887 1071 faciant:

83 1091 288 1142 praesertim
303 1120 315 1138 ‚
346 1090 500 1140 quando
523 1102 602 1129 non
618 1087 736 1128 solum
751 1087 799 1126 ad
826 1088 973 1126 bonum
990 1086 1178 1138 spirituale
1193 1118 1206 1136 ‚
1237 1087 1303 1130 sed
1323 1091 1438 1129 etiam
1463 1092 1678 1142 temporale
1700 1093 1752 1131 ita
1769 1103 1890 1144 expe-

85 1150 162 1197 dit,
193 1159 235 1188 ut
259 1150 364 1201 quod
389 1151 489 1189 sacra
510 1150 669 1190 concilia
688 1144 897 1198 decrevere
913 1177 925 1196 ,
955 1148 1156 1189 mandetur
1170 1150 1412 1199 executioni;
1429 1160 1557 1202 neque
1574 1153 1818 1204 permittant,
1844 1161 1889 1192 ut

87 1210 139 1248 ob
160 1210 255 1249 fines
282 1210 465 1260 quosdam
489 1211 752 1262 particulares,
781 1208 934 1263 decreta
959 1220 1092 1250 eorum
1113 1212 1235 1250 violet
1261 1209 1426 1262 aliquis,
1453 1219 1519 1251 aut
1543 1214 1745 1265 perturbet
1763 1213 1803 1254 in
1824 1211 1889 1256 daz

84 1282 217 1311 mnum
237 1270 273 1310 &
293 1269 551 1321 praejudicium
571 1269 830 1319 subditorum,
853 1268 890 1309 &
913 1267 1110 1322 ipsiusmet
1127 1272 1351 1325 Religionis.

419 1443 1224 1517 SYMBOLUM
1308 1448 1529 1517 XXV.

151 2903 260 2959 Upra
281 2907 413 2947 turrim
439 2909 572 2960 templi
594 2909 722 2951 nidum
748 2911 855 2954 suum
879 2909 1039 2952 Ciconia
1070 2909 1254 2952 construit
1273 2943 1285 2961 ‚
1316 2912 1446 2953 &loci
1465 2912 1658 2955 sanGtitate
1678 2914 1872 2956 succeffio-

88 2974 90 2977 ·
177 2978 265 3006 nem
292 2967 394 3007 suam
425 2967 550 3007 reddit
566 2970 804 3016 securiorem,
866 2971 1046 3024 Princeps
1062 3001 1075 3020 ,
1097 2974 1162 3024 qui
1187 2974 1402 3025 triangulari
1426 2973 1605 3016 Ecclefiae
1631 2974 1747 3027 lapidi
1777 2974 1872 3014 Mo-

179 3026 340 3066 narchiae
360 3027 431 3066 suae
465 3027 664 3070 aedificium
682 3030 916 3083 superstruit‚
946 3030 1111 3072 firmabit
1128 3032 1245 3082 illud,
1263 3033 1300 3073 &
1318 3032 1490 3074 stabiliet.
1552 3036 1766 3076 Oraculum
1778 3033 1874 3073 Del-

75 3083 232 3136 phicum
254 3087 466 3128 consultum
486 3090 688 3143 aliquando
706 3091 752 3131 ab
768 3092 1063 3133 Atheniensibus
1082 3123 1094 3143 ,
1124 3090 1199 3146 qua
1218 3094 1366 3135 ratione
1385 3093 1422 3135 se
1441 3104 1575 3136 contra
1597 3094 1764 3135 Xerxem
1789 3101 1872 3133 tue-

1028 3151 1063 3192 C
1089 3165 1112 3193 c
1838 3154 1872 3194 ri

179 3252 236 3299 (a)
262 3260 339 3292 Non
360 3253 406 3308 est
425 3258 482 3294 tui
501 3255 600 3306 officii
616 3257 713 3294 Θεία
728 3283 737 3298 ‚
760 3266 803 3293 ut
818 3258 955 3299 adoleas
975 3259 1148 3309 imenfiam
1171 3263 1318 3301 Domino
1334 3290 1344 3304 ,
1360 3261 1427 3311 fid
1436 3259 1670 3310 fficerdotum.
1724 3269 1761 3297 2.
1788 3257 1872 3298 Par.

10 3333 13 3341 ‚
79 3317 151 3355 cap.
171 3309 234 3343 26·
