2132 3730
464 219 1434 269 SYMBOLA.POL1TICA.
1779 244 1867 287 299

282 434 505 547 εγ
546 434 620 500 Μ
663 435 716 500 Β
762 433 828 501 O
871 433 924 500 L
967 433 1029 499 U
1072 430 1147 498 M
1227 422 1555 500 LXVIII.

114 1912 300 1965 Ngeniofl
321 1912 447 1954 Graeci
471 1913 752 1967 Philosophiam
777 1925 856 1954 non
874 1911 994 1954 solum
1019 1914 1248 1962 naturalem,
1277 1913 1340 1955 sed
1356 1914 1550 1954 ‘moralem
1582 1915 1695 1953 etiarn
1724 1912 1764 1952 δι
1783 1925 1866 1965 po·-

143 1976 282 2014 liticam
305 1975 401 2015 scitis
426 1976 652 2028 quibusdam
674 1976 887 2016 fabularum
904 1975 1111 2014 involucris
1127 1974 1155 2026 s
1164 1983 1207 2014 ut
1227 1974 1401 2028 AEgyptii
1424 1972 1756 2027 hieroglyphicis)
1785 1973 1857 2012 ab-

142 2033 350 2083 (inierunt,
370 2047 434 2076 aut
448 2049 498 2076 ne
522 2047 692 2077 manaret
716 2038 754 2076 in
775 2037 936 2088 vulgus,
963 2044 1028 2074 aut
1052 2044 1093 2074 ut
1118 2034 1139 2073 ὲ,
1165 2034 1265 2074 dulci
1297 2036 1357 2074 illa
1389 2032 1602 2074 fabularum
1633 2034 1858 2073 amoenitate.

54 2093 218 2146 penitius
243 2106 326 2135 eam
354 2097 614 2149 imprimerent
632 2097 779 2136 animis„
841 2096 896 2134 Ita
916 2094 1006 2135 cum
1024 2095 1124 2134 vires
1152 2095 1404 2147 navigationis
1432 2093 1469 2133 δε
1492 2106 1614 2145 opus,
1648 2105 1732 2144 quae
1756 2092 1863 2143 ejus„

51 2153 141 2194 dem
157 2157 399 2205 acquiruntur
426 2156 640 2204 beneficio,
664 2157 808 2195 vellent
828 2156 882 2194 ob
900 2156 1037 2194 oculos
1054 2165 1220 2205 ponere,
1241 2153 1434 2193 finxerunt
1451 2156 1580 2193 navim
1601 2154 1707 2205 Argo
1729 2152 1756 2204 ζ
1767 2164 1853 2202 quae

52 2216 174 2266 prima
197 2216 368 2254 omnium
391 2215 415 2256 e
439 2225 557 2268 portu
587 2216 755 2264 solvere,
786 2215 823 2254 ἃς
853 2215 928 2253 alio
958 2213 1033 2253 sese
1063 2215 1155 2252 mari
1182 2216 1424 2253 committere
1452 2213 1536 2252 ausa
1564 2211 1727 2265 fuerat)
1749 2212 1855 2250 obti-

51 2272 170 2315 nuiffe
190 2276 310 2313 'vellus
326 2274 552 2316 Colchicum
567 2305 580 2324 ,
610 2277 749 2327 pellem
765 2276 941 2314 nimirum
965 2274 1092 2313 arietis
1111 2274 1339 2320 inauratam3
1370 2284 1449 2323 quo
1469 2274 1650 2324 praeclaro
1674 2271 1854 2311 facinore

52 2333 193 2374 Palladi
209 2346 399 2376 armorum
417 2334 565 2376 Praefidi
582 2335 791 2376 consecrari
807 2334 1043 2386 promeruit,
1073 2332 1111 2372 δι
1135 2334 1231 2372 inter
1255 2333 1350 2385 ipsas
1376 2332 1618 2372 Firmamenti
1654 2330 1856 2370 transferri

52 2393 382 2445 constellationes,
407 2397 447 2436 in
470 2396 670 2448 proemium
699 2396 839 2435 scilicet
871 2403 930 2432 rot
962 2393 1220 2444 susceptorum
1245 2405 1327 2434 non
1356 2393 1500 2444 absque
1522 2393 1653 2445 insigni
1677 2392 1857 2443 periculo

53 2453 257 2501 itinerum,
278 2456 401 2505 palam
423 2454 664 2495 ostendendo
686 2454 863 2494 universo
888 2454 995 2502 orbi,
1027 2453 1202 2492 velorum
1230 2464 1504 2503 remorumque
1542 2451 1735 2492 beneficio
1754 2452 1853 2490 inter

53 2514 155 2564 ipsos
176 2512 359 2553 undarum
382 2525 534 2556 montes
557 2516 638 2554 vias
675 2513 756 2554 fieri
782 2511 908 2565 posse,
939 2513 1077 2563 quibus
1108 2513 1329 2564 impellente
1360 2522 1480 2551 vento
1506 2524 1608 2552 arma
1637 2512 1675 2551 &
1704 2521 1859 2549 merces

26 2596 29 2598 -
53 2573 92 2612 in
114 2583 249 2612 omnes
265 2575 396 2614 mundi
422 2587 548 2628 partes
571 2574 711 2614 inferre
735 2576 859 2616 liceat.
920 2570 1050 2611 Isthaec
1073 2573 1225 2612 moralis
1243 2573 1438 2620 doetrina,
1468 2572 1507 2611 &
1529 2573 1615 2623 quia
1633 2571 1707 2621 jam
1739 2571 1855 2608 navis

53 2632 115 2672 illa
130 2633 168 2671 in
183 2632 321 2672 coelesti
340 2634 452 2688 spaera
471 2637 569 2675 inter
594 2634 713 2674 stellas
742 2635 857 2673 relata
881 2630 935 2672 est
951 2662 964 2680 ,
993 2631 1146 2670 occasio
1181 2633 1273 2672 mihi
1295 2632 1386 2680 fuit,
1418 2640 1461 2670 ut
1489 2634 1527 2671 in
1558 2630 1730 2682 praesenti
1756 2627 1853 2668 Em-

26 2718 29 2721 -
55 2693 221 2733 blemate
245 2693 350 2733 binas
383 2694 648 2748 depingerem,
678 2707 763 2747 quae
791 2694 871 2746 poli
894 2691 1014 2732 essent
1041 2692 1151 2742 hujus
1176 2691 1358 2732 terrestris
1384 2693 1516 2741 orbi-s,
1545 2690 1582 2731 &
1617 2692 1716 2729 clare
1744 2688 1854 2738 subji-

54 2765 181 2793 cerem
213 2755 352 2801 oculis,
380 2756 662 2808 navigationem
693 2753 790 2803 ess‘e,
818 2765 901 2805 quae
923 2752 1243 2791 commerciorum
1269 2752 1335 2791 usu
1359 2762 1498 2793 terram
1521 2749 1727 2798 sustentat,
1756 2747 1853 2798 ejus-

54 2825 131 2864 que
151 2812 318 2853 dominia
337 2816 445 2854 armis
463 2816 632 2854 roborat.
693 2813 866 2853 Mobiles
892 2813 973 2852 sunt
989 2810 1045 2850 isti
1074 2813 1228 2851 navium
1253 2814 1354 2863 poli,
1386 2811 1448 2851 sed
1471 2813 1510 2851 in
1531 2811 1593 2851 issa
1616 2809 1694 2861 iplh
1715 2819 1851 2849 eorun-

53 2873 142 2914 dem
161 2874 373 2913 mobilitate
397 2874 646 2926 Imperiorum
661 2873 826 2914 consistit
857 2872 1046 2913 stabilitas.
1104 2870 1185 2910 Vix
1211 2873 1284 2911 ulla
1306 2884 1474 2922 unquam
1498 2869 1572 2911 fuit
1595 2868 1853 2917 Monarchia,

54 2945 139 2984 quae
157 2935 200 2973 iis
219 2933 321 2985 quasi
346 2932 601 2974 fundamentis
621 2935 746 2974 innixa
760 2946 842 2974 non
871 2933 998 2973 fuerit.
1059 2929 1097 2970 Si
1114 2930 1304 2982 Hispaniae
1320 2932 1437 2971 ambo
1468 2932 1519 2971 illi
1529 2931 1611 2983 poli
1634 2930 1747 2970 maris
1764 2925 1856 2967 Me-

54 2993 256 3033 diterranei
276 2994 315 3033 δε
332 2994 478 3035 Oceani
496 2992 684 3042 deess'ent,
714 3006 807 3034 mox
829 2994 909 3045 ejus
932 3000 1129 3031 corrueret
1150 2991 1390 3043 amplitud03
1419 3003 1535 3031 nemo
1557 2991 1660 3030 enirn
1691 3001 1770 3028 non
1795 2987 1851 3024 vi·

55 3052 149 3100 det,
177 3053 397 3094 Provincias
415 3064 492 3094 tam
509 3051 685 3093 distantes
707 3056 802 3094 inter
823 3052 859 3094 se
881 3055 918 3093 in
938 3052 1110 3104 periculo
1134 3049 1243 3098 fore,
1272 3051 1340 3091 nisi
1361 3051 1448 3090 vela
1474 3052 1644 3101 remique
1674 3059 1738 3088 eas
1773 3047 1856 3085 uni-

55 3122 142 3151 rent
169 3112 483 3164 quodammodo,
513 3113 551 3154 &
578 3115 768 3165 suppetias
789 3115 968 3154 militares
999 3113 1046 3154 ad
1066 3111 1273 3151 earundem
1301 3112 1634 3152 conservationem
1657 3106 1854 3147 defensio-

59 3183 225 3222 nemque
241 3172 469 3227 tempestive
488 3173 771 3224 submitterent,
802 3174 910 3214 itaut
936 3183 1055 3211 naves
1084 3170 1120 3210 &
1139 3172 1310 3212 triremes
1342 3173 1394 3211 nil
1425 3170 1546 3219 aliud,
1582 3167 1698 3219 quum
1722 3169 1858 3208 marini

60 3230 215 3282 quidam
240 3232 486 3284 ponteseffe
513 3233 725 3275 videantur.
787 3232 882 3274 Eam
900 3233 961 3272 .ob
991 3230 1136 3277 causam
1165 3231 1323 3272 Carolus
1353 3231 1521 3285 Quintus
1550 3229 1796 3329 Imperator13
1817 3227 1856 3268 &

921 3289 952 3330 F
969 3291 990 3331 f
1004 3290 1054 3331 ff
1085 3304 1104 3329 2
1549 3330 1553 3333 ,
1798 3300 1854 3328 ux
