2132 3730
282 205 367 246 260
718 198 1066 243 DIDACI
1116 200 1650 246 SAAVEDRAE.

280 286 442 328 Vitellio
462 286 597 326 accidit
616 285 667 323 ob
679 283 894 322 Dolabellae
909 291 1098 332 mortem,
1131 284 1253 324 inviso
1280 286 1457 325 omnibus
1481 285 1519 324 δε
1537 286 1612 340 (a)
1643 287 1790 326 odioso,
1864 286 1917 327 Et
1935 288 2079 330 tametfi

278 347 363 388 Piso
388 348 524 386 dixerit
543 374 556 393 ,
587 342 656 397 (b)
685 345 843 382 munimem
865 355 1014 397 unquam
1042 342 1223 394 Imperium
1238 342 1376 397 flagitio
1396 343 1571 400 qucefitum
1593 346 1686 386 bouis
1710 346 1850 387 artibus
1873 345 2048 400 exercusse
2067 379 2079 396 ,
2114 387 2117 390 ,

278 407 413 447 scimus
439 415 566 444 tamen
584 432 596 451 ,
638 401 690 442 fic
715 402 865 456 Regem
889 401 1081 442 Sanitium
1101 401 1258 443 dubium
1274 405 1396 457 Regni
1415 406 1517 444 bello
1545 407 1642 456 parti
1654 405 1715 456 jus
1735 404 1928 457 paullatim
1945 405 2081 446 stabili·
2114 398 2115 445 ζ

279 465 385 510 viss'e,
457 464 682 516 Principes,
714 463 780 514 qui
814 474 886 511 ea,
916 475 1002 514 quae
1036 463 1075 500 vi
1105 473 1419 514 occupaverant,
1451 462 1587 504 eadem
1621 466 1661 504 vi
1681 466 1778 504 tueri
1804 467 1931 505 conati
1971 467 2081 514 sunt,
2114 456 2116 467 ⁸

278 537 371 566 mox
388 519 549 575 periere.
611 523 765 562 Pessima
782 521 851 562 ista
875 524 972 562 ratio
998 522 1126 561 Status
1154 534 1289 562 omnes
1307 522 1390 562 fere
1417 522 1620 573 Tyrannos
1658 524 1899 576 peffundedit
1920 556 1932 573 ,
1984 525 2021 565 &
2051 526 2081 566 fi

279 588 362 637 quis
383 581 614 634 aliquamdiu
645 581 832 631 substitit,
862 581 901 621 id
925 581 1015 622 ideo
1037 581 1204 632 sactum,
1234 583 1321 633 quia
1336 583 1577 632 tyrannidem
1598 586 1638 624 in
1655 585 1982 633 benevolentiam,
1998 597 2082 624 cru-

277 644 473 683 delitatem
496 643 533 683 in
555 643 795 683 clementiam
811 643 1078 682 commutavit.
1141 641 1289 682 Vitium
1307 640 1529 683 diuturnum
1549 641 1624 685 effe
1644 656 1723 684 non
1742 644 1870 696 potest
1884 675 1895 694 ,
1925 645 1990 685 nisi
2007 646 2082 683 vir·

275 712 337 742 tus
355 705 390 742 ei
409 701 663 743 substituatur.
724 703 900 743 Ambitio
918 732 931 752 ,
961 714 1045 753 qua:
1058 703 1097 741 in
1118 703 1353 753 acquirendo
1367 704 1533 754 primum
1556 700 1689 754 injusta
1709 703 1857 752 fuerat,
1887 706 1925 743 in
1955 706 2082 745 zelum
2112 746 2113 751 ,

273 763 368 802 boni
386 763 531 816 publici
553 762 714 803 transeat
733 760 883 803 necesse
904 761 958 801 est
973 791 986 812 ,
1019 772 1061 801 ut
1076 761 1269 813 perduret.
1330 760 1481 802 Subditi
1492 760 1651 817 diligunt
1673 764 1889 815 Principem
1904 765 1996 804 boni
2011 776 2082 816 pu-

272 822 363 864 blici
380 824 598 875 privatique
615 823 747 873 causa,
779 821 886 873 quod
910 822 958 862 ab
982 833 1031 861 eo
1054 822 1121 861 fibi
1147 823 1398 873 pollicentur,
1430 822 1468 861 &
1492 823 1520 861 fi
1542 820 1665 875 reipsa
1679 821 1773 862 illud
1792 822 2010 872 obtineant,
2027 822 2083 863 fa-
2112 808 2114 878 1

274 882 348 923 cile
364 886 542 923 timorem
564 884 602 922 in
617 884 873 923 reverentiam
890 912 902 931 ‚
931 881 1111 921 &odium
1137 883 1176 921 in
1195 893 1363 921 amorem
1383 891 1551 922 vertunt.
1611 883 1654 923 In
1672 894 1750 933 quo
1764 882 1858 922 illud
1878 879 2113 938 observanfl'

274 943 367 983 dum
388 945 641 983 mutationem
662 944 846 982 vitiorum
868 971 881 991 ,
913 953 996 993 quae
1009 942 1084 992 jam
1104 952 1199 981 nota
1218 941 1302 981 sunt
1316 943 1394 981 aliis
1418 970 1430 992 ,
1461 954 1541 982 non
1566 953 1642 983 tam
1665 944 1902 994 repentinam
1919 941 1993 982 effe
2015 932 2088 982 del·
2112 970 2114 999 3

274 1004 368 1043 bere
388 1033 400 1052 ,
429 1014 557 1054 neque
582 1001 798 1043 affectatam
818 1031 831 1052 ,
861 1001 937 1041 uta
954 1000 1046 1040 dolo
1065 1003 1218 1049 oriatur,
1241 1014 1319 1041 non
1339 1001 1359 1040 a
1378 1012 1531 1050 natura,
1562 1014 1645 1054 quae
1669 1002 1853 1042 sensim&
1878 1014 1964 1042 cum
1988 1012 2083 1042 tem-
2111 1005 2114 1055 1

272 1074 371 1116 pore
396 1073 590 1114 operatur.
649 1061 713 1102 Sic
742 1061 853 1102 Otho
876 1061 1062 1101 sentiebat
1081 1092 1093 1111 ,
1124 1060 1194 1115 (c)
1215 1059 1317 1113 fiunti
1341 1068 1507 1113 reputans
1535 1093 1548 1111 ,
1578 1075 1642 1102 uon
1657 1059 1742 1115 pcffi
1765 1060 2084 1114 Princibutumste·
2111 1065 2112 1111 ζ

274 1123 341 1162 lere
364 1122 541 1175 quaefitum
556 1154 568 1171 ‚
587 1119 708 1173 fiibita
737 1119 891 1176 medcstia
917 1120 968 1165 &³³
971 1118 1084 1173 prisca
1103 1122 1289 1173 gravitate
1325 1124 1485 1162 retinere.
1568 1120 1784 1161 Istiusmodi
1803 1123 2083 1161 transmutatio·
2111 1114 2114 1144 1

272 1193 341 1222 nes
363 1182 633 1222 vehementius
654 1184 792 1224 metuit
812 1180 982 1234 populus
1005 1211 1018 1230 ,
1048 1180 1161 1233 quam
1185 1180 1261 1231 ipsa
1281 1182 1372 1221 vitia
1392 1194 1404 1228 ς
1435 1182 1506 1221 illis
1526 1183 1641 1231 enirnx
1657 1181 1841 1232 majorem
1866 1180 2007 1221 subess'e
2026 1181 2084 1220 su-
2111 1180 2112 1183 ’

271 1241 435 1295 spicatur
468 1243 659 1283 malitiam.
721 1242 857 1282 Virtus
882 1253 952 1293 per
977 1249 1095 1280 artem
1123 1237 1293 1280 simulata
1315 1237 1454 1280 malitia
1476 1240 1645 1281 deterior
1673 1240 1756 1281 est:
1784 1253 1873 1281 nam
1889 1242 1971 1280 haec
1985 1241 2082 1280 illius
2112 1267 2114 1277 ,

272 1303 310 1350 se
341 1304 444 1343 velat
460 1305 575 1355 pallio
595 1333 607 1352 ,
638 1302 675 1342 &
692 1302 814 1343 ambae
830 1300 972 1354 junctae
990 1303 1088 1341 inter
1112 1300 1149 1339 se
1175 1299 1382 1340 monstrum
1409 1301 1606 1352 quoddam
1634 1302 1784 1341 malitiae
1805 1311 2022 1353 procreant.
2110 1326 2112 1333 r

456 1362 492 1412 ἕ.
523 1361 687 1414 Egregie
707 1362 818 1402 fortis
846 1362 883 1401 &
901 1360 1070 1413 prudens
1094 1358 1167 1398 fuit
1203 1358 1324 1398 Caesar
1351 1358 1427 1413 (d)
1456 1360 1648 1412 Augustus
1666 1362 1703 1399 in
1728 1360 1900 1412 augenda
1918 1369 1994 1400 tam
2018 1360 2081 1399 sua

276 1419 390 1473 quam
407 1421 561 1473 Imperii
580 1423 698 1474 gloria
717 1452 729 1471 ,
761 1423 851 1473 quin
874 1420 913 1460 &
929 1420 1040 1470 hujus
1063 1418 1315 1458 conservandi
1331 1420 1526 1470 exemplar
1543 1420 1621 1459 aliis
1641 1419 1818 1458 omnibus
1842 1419 2081 1472 Principibus

273 1480 348 1521 ess'e
381 1480 520 1533 potest.
581 1482 701 1521 Annis
730 1480 865 1521 decem
883 1479 921 1519 ἃ,
939 1491 1085 1519 novem
1103 1478 1257 1530 dignum
1279 1479 1316 1518 se
1339 1479 1707 1530 imperio'probavit
1725 1508 1738 1527 ,
1764 1479 1863 1517 bella
1886 1480 2010 1518 civiIIa
2025 1480 2080 1518 su·
2109 1474 2112 1511 1

271 1539 444 1595 stinens3
476 1540 496 1580 a
514 1553 591 1592 quo
611 1550 787 1592 tempore
816 1540 1010 1580 fortunam
1038 1540 1137 1577 suam
1175 1537 1347 1576 fabricari
1375 1539 1502 1589 coepit.
1579 1537 1743 1588 Imperia
1779 1549 1860 1577 non
1894 1539 2081 1579 merendo
2110 1569 2112 1592 3

273 1599 497 1640 obtinentur
518 1613 530 1647 3
558 1599 623 1640 sed
644 1601 776 1640 merita
794 1600 868 1650 jam
888 1609 976 1637 ante
995 1595 1212 1649 praeceffiffe
1235 1605 1408 1648 oportet.
1499 1596 1590 1636 Una
1616 1595 1778 1637 victoria
1801 1596 2079 1649 Imperatorem
2110 1599 2112 1629 1

270 1671 359 1699 eum
385 1659 455 1711 (e)
477 1659 592 1707 fecit,
623 1671 673 1698 eo
696 1658 802 1710 quod
819 1658 1020 1697 occasione
1036 1656 1073 1696 δε
1101 1655 1305 1707 prudentia
1324 1657 1409 1695 usus
1427 1653 1564 1696 fuisset.
1653 1655 1869 1696 Occasione
1899 1658 2054 1709 quidem
2070 1687 2084 1708 ,
2109 1683 2111 1686 -

269 1731 357 1759 nam
371 1717 458 1773 (f)
477 1718 605 1770 Lepidi
632 1718 683 1762 δέ)
701 1719 850 1759 Antonii
864 1730 963 1756 mina
980 1719 1016 1757 iu
1029 1728 1116 1756 eurn
1133 1712 1259 1768 ceffire.
1330 1714 1463 1755 Cuut‘ia
1489 1713 1656 1767 [bscordiis
1675 1715 1833 1758 civilibus
1841 1713 1892 1767 sti
1914 1731 1939 1758 a
1961 1726 2079 1763 eraut.
2108 1727 2110 1742 '

271 1775 340 1834 (g)
366 1777 479 1819 Nulla
495 1778 573 1832 juin
581 1778 721 1830 publica
739 1791 841 1817 cirum
854 1807 867 1827 ,
899 1777 985 1817 nullo
1006 1773 1214 1826 adveistmte
1243 1806 1255 1825 ,
1285 1773 1559 1830 cumferociffimi
1571 1785 1641 1828 per
1655 1778 1765 1826 acies,
1792 1784 1857 1816 aut
1864 1774 2078 1830 proscriptio-

267 1852 309 1879 ue
324 1835 515 1892 cecidiſjent.
580 1836 650 1895 (h)
671 1839 796 1891 Neque
814 1838 1113 1877 Provilzciceilliun
1121 1849 1239 1875 rerum
1254 1833 1383 1885 (latum
1395 1835 1602 1886 abnuebant,
1610 1831 1758 1888 fiifpecio
1773 1834 1925 1877 Senatus
1943 1867 1955 1887 ,
1967 1846 2077 1890 popu·
2107 1849 2109 1880 1

269 1899 356 1953 lique
369 1899 512 1949 Imperio
536 1897 574 1937 ob
596 1900 781 1937 certamina
796 1899 983 1948 potentium
1003 1926 1014 1944 ‚
1045 1894 1096 1940 &³
1111 1896 1303 1934 avar-uiam
1323 1894 1592 1947 bsigistratuuin
1606 1926 1620 1945 ,
1649 1894 1828 1948 adeoque
1841 1897 2081 1949 Reipublicae
2109 1915 2110 1933 1

271 1959 525 1998 mutationem
549 1958 799 2007 exoptabant.
860 1954 921 2009 (i)
945 1956 1022 1995 Nec
1042 1953 1139 1994 uliud
1151 1952 1371 2004 disperdamus
1386 1957 1521 2006 patriae
1546 1955 1752 2006 remedium,
1781 1970 1884 2010 quam
1899 1965 1940 1997 ut
1955 1957 1999 1996 ab
2014 1970 2080 1997 uuo
2107 1994 2108 2008 ¹

269 2024 458 2071 regeretur.
520 2016 619 2069 Quae
638 2018 792 2064 omnia,
823 2015 1034 2055 accedente
1053 2014 1257 2066 praesertim
1286 2013 1444 2065 Augusti
1460 2014 1690 2065 prudentia,
1721 2016 1759 2054 in
1784 2017 1893 2055 causa
1910 2015 2078 2066 fuerunt,
2107 2020 2132 2073 ¹1

269 2089 313 2118 ut
332 2086 431 2116 unus
449 2077 528 2129 ipse
555 2085 662 2116 tanto
685 2074 833 2115 facilius
854 2087 978 2115 rerum
1002 2084 1218 2126 potiretur,
1250 2073 1288 2112 &
1319 2073 1453 2113 iisdem
1483 2073 1620 2124 postea
1653 2074 1794 2114 artibus
1818 2075 1971 2127 Imperii
2001 2088 2078 2117 arn-
2107 2063 2109 2098 1

269 2137 496 2190 plitudinem
513 2135 632 2188 porro
655 2134 837 2176 sustinuit.
896 2134 1056 2175 Plebem
1072 2133 1141 2173 fibi
1160 2133 1335 2171 devinxit
1348 2162 1360 2181 ,
1389 2132 1537 2172 tuendo
1559 2145 1643 2173 eam
1662 2134 1888 2174 auctoritate
1905 2133 1975 2191 (k)
1993 2135 2077 2176 Tri·
2106 2149 2109 2185 2

269 2197 424 2238 bunitia.
487 2197 644 2248 Atque,
674 2204 717 2234 ut
743 2195 875 2236 odium
898 2196 1061 2233 evitaret
1086 2223 1098 2241 ,
1130 2203 1257 2244 neque
1276 2192 1393 2244 Regis
1412 2204 1578 2241 nornen,
1596 2205 1723 2244 neque
1740 2193 1951 2234 Dictatoris
1974 2193 2074 2236 affci-
2107 2209 2112 2221 1

268 2258 327 2298 vit
342 2286 355 2303 ,
386 2256 450 2296 sed
483 2255 560 2310 (l)
585 2255 779 2307 Principis,
840 2252 1117 2308 Magssratmun
1132 2251 1298 2293 vocabula
1315 2251 1469 2292 sustulit.
1530 2253 1683 2294 Mlitem
1702 2253 1796 2294 donis
1811 2286 1821 2302 ,
1845 2255 2001 2307 populum
2009 2269 2073 2296 (m-
2128 2287 2132 2313 ξ

267 2331 358 2359 uana
373 2350 385 2368 ,
416 2316 550 2357 cuuuos
566 2314 734 2355 dulcedine
757 2315 817 2356 oili
838 2315 875 2353 &
901 2315 1008 2366 pacis
1035 2314 1274 2355 humanitate
1298 2342 1311 2361 ,
1351 2311 1625 2353 benevolentia
1640 2342 1653 2362 ,
1683 2313 1722 2353 &
1753 2314 1956 2354 clementia
1973 2319 2076 2367 pelle·
2107 2336 2132 2373 u·

269 2381 334 2418 xit.
397 2376 522 2415 Milia
538 2372 609 2414 suis
630 2376 744 2415 etiam
770 2375 912 2414 aemulis
930 2405 943 2424 ,
973 2375 1125 2414 Antonio
1139 2371 1190 2416 &³
1204 2371 1335 2423 Lepido
1356 2372 1512 2428 couctffit.
1573 2373 1718 2431 ,QZMWW
1727 2375 1804 2426 quis
1802 2370 1949 2424 servitio
1959 2383 2075 2425 prouz-
2106 2370 2108 2413 3
2124 2407 2131 2432 c

261 2439 380 2490 ptior,
394 2434 508 2486 opibus
522 2433 573 2479 &⁴³
594 2433 772 2475 bonoribus
793 2433 1022 2474 extollebatur.
1084 2431 1166 2487 (m)
1196 2431 1320 2472 Pauca
1332 2431 1509 2473 admodum
1522 2435 1565 2473 vi
1586 2430 1766 2473 trauabat
1789 2464 1802 2482 ‚
1855 2433 1892 2473 δε
1917 2446 1967 2474 ne
1993 2443 2075 2476 tum
2125 2466 2132 2491 4

271 2494 428 2550 quidem
453 2506 502 2534 ex
517 2495 683 2547 passione
701 2495 822 2546 aliqua
832 2523 844 2542 ‚
860 2493 924 2533 sed
940 2492 1016 2546 (n)
1033 2505 1098 2547 quo
1114 2495 1250 2533 caeteris
1259 2493 1353 2546 quies
1369 2490 1454 2546 efflet.
1513 2493 1684 2547 Prompm
1698 2493 1938 2546 acprciflueute
1952 2526 1964 2544 ‚
1993 2509 2073 2549 quoe
2106 2503 2108 2522 ³

267 2557 398 2598 deceret
415 2554 610 2607 Principem
639 2554 824 2608 eloquentia
849 2553 917 2607 (ο)
934 2554 1106 2592 omnium
1124 2554 1270 2592 animos
1291 2553 1480 2602 capiebat.
1540 2552 1569 2606 ζ
1569 2557 1637 2607 p)
1654 2551 1734 2608 Jus
1760 2553 1856 2606 apud
1870 2556 1984 2603 cives,
2009 2568 2075 2595 mo-
2105 2605 2106 2608 Ἴ

267 2614 406 2670 destiam
421 2614 517 2666 apud
523 2611 627 2665 fficios
651 2613 837 2654 servabat.
894 2612 1017 2653 Tanta
1031 2623 1110 2653 erat
1140 2613 1355 2665 integritate
1379 2641 1392 2660 ‚
1422 2622 1466 2652 ut
1488 2623 1538 2653 ne
1556 2614 1780 2665 impunitam
1802 2614 1955 2665 quidem
1978 2615 2073 2655 fine·
2105 2624 2106 2653 1

267 2686 328 2717 ret
355 2673 595 2727 impudicitiam
603 2672 694 2727 fiiiae
710 2673 762 2720 &⁹
781 2675 890 2727 uetitis
903 2705 917 2724 ‚
948 2687 1038 2729 quas
1058 2673 1142 2714 urbe
1172 2672 1306 2726 depulit.
1367 2671 1535 2714 Curabat
1551 2702 1565 2722 ‚
1595 2682 1637 2713 ut
1662 2685 1713 2714 ne
1730 2672 1882 2718 familiae
1902 2673 2073 2716 Nobiles
2104 2683 2105 2718 1

363 2886 379 2925 (
382 2883 419 2927 a)
445 2885 514 2919 Ma
540 2881 583 2920 mi
607 2896 684 2920 cum
695 2882 841 2920 invidia
855 2884 940 2921 novi
967 2875 1213 2936 Principatum
1237 2882 1332 2930 cujus
1347 2876 1406 2920 hoc
1418 2883 1575 2944 primum
1583 2880 1755 2938 specimen
1767 2878 1975 2929 nosc'ebatur.
2002 2880 2072 2918 Ta-

269 2930 331 2971 cit.
351 2931 376 2970 l.
394 2947 429 2971 2.
449 2895 539 2972 Hisf.
592 2937 662 2983 (b)
685 2937 785 2973 Idem
802 2935 863 2973 lib.
887 2948 918 2973 1.
938 2936 1028 2973 Hist.
1082 2937 1146 2986 (c)
1174 2936 1274 2972 Idem
1286 2935 1309 2972 1.
1335 2946 1365 2972 1.
1382 2937 1473 2974 Hist.
1525 2937 1584 2982 (d)
1602 2935 1824 2974 Nonodecimo
1838 2931 1941 2979 Caestir
1962 2934 2069 2970 oela-

267 2987 402 3025 vianus
424 2986 552 3024 civilia
572 2984 657 3024 bella
673 2986 855 3041 stistinuit.
882 2989 998 3027 Tacit.
1025 2988 1086 3026 lib.
1103 3002 1160 3037 13.
1178 2988 1310 3026 Annal.
1377 2989 1442 3038 (e)
1461 2987 1623 3037 Manfiffe
1636 2988 1758 3035 Caefitr'e
1770 2983 1922 3039 Augusto
1931 2987 2069 3024 vidore
2121 3025 2132 3034 ,

267 3040 464 3091 Imperium.
518 3040 618 3076 Idem
633 3041 656 3077 l.
686 3053 716 3078 r.
734 3041 825 3078 Hist.
881 3043 904 3090 s
916 3040 961 3089 f)
980 3044 1078 3079 Idem
1096 3040 1119 3079 l.
1151 3054 1182 3078 1.
1202 3041 1332 3080 Annal.
1395 3040 1464 3091 (g)
1490 3043 1590 3079 Idem
1626 3041 1714 3080 ibid.
1742 3090 1744 3092 v
1773 3040 1841 3087 (h)
1864 3040 1962 3076 idem
1979 3038 2066 3078 ibid.
2098 3024 2102 3078 ,1

267 3091 319 3137 (i)
340 3093 440 3128 Idem
466 3091 613 3129 ibidem.
667 3097 684 3139 (
692 3094 741 3137 k)
755 3092 817 3130 Ad
841 3093 1010 3131 tuendam
1022 3092 1155 3147 plebem
1196 3090 1385 3133 vibunitio
1396 3096 1482 3141 jure
1503 3094 1724 3132 contentam.
1740 3091 1856 3130 Tacit.
1880 3089 1967 3127 ibid.
2019 3092 2068 3139 (I)
2097 3102 2102 3147 1*
2124 3125 2132 3147 ,ἵ

266 3147 346 3182 Non
368 3158 472 3196 regno
495 3154 616 3182 tamen
636 3171 647 3186 ‚
673 3156 780 3197 neque
796 3148 995 3184 Didiatura
1013 3173 1022 3188 ‚
1037 3145 1103 3194 sed
1123 3147 1291 3199 Principis
1316 3150 1452 3186 nomine
1466 3146 1688 3199 constitutam
1702 3143 1860 3198 Rempub.
1881 3143 2066 3182 Tac.ibid.
2097 3159 2100 3192 1
2131 3143 2132 3147 ’

266 3200 343 3284 1(ξι)
366 3196 483 3234 Tacit.
499 3197 587 3235 ibid.
640 3198 704 3244 (n)
727 3199 827 3235 Idem
846 3198 932 3238 ibid.
985 3200 1047 3248 (o)
1097 3201 1197 3236 Idem
1219 3199 1307 3237 ibid.
1360 3203 1421 3252 (p)
1437 3200 1537 3237 Idem
1558 3199 1584 3236 l.
1607 3212 1665 3248 13·
1690 3199 1791 3237 Idem
1813 3197 1875 3236 lib.
1908 3209 1938 3234 1.
1966 3197 2066 3234 Idem
2097 3204 2100 3239 ὲ

281 3259 293 3283 i
320 3275 329 3284 .
361 3263 392 3297 3.

2122 3225 2132 3303 2—-5-
2125 3179 2132 3198 ι.»
