<?xml version="1.0" encoding="UTF-8"?>
<!DOCTYPE html PUBLIC "-//W3C//DTD XHTML 1.0 Transitional//EN"
    "http://www.w3.org/TR/xhtml1/DTD/xhtml1-transitional.dtd">
<html xmlns="http://www.w3.org/1999/xhtml" xml:lang="en" lang="en">
 <head>
  <title>
</title>
<meta http-equiv="Content-Type" content="text/html;charset=utf-8" />
  <meta name='ocr-system' content='tesseract 3.04.00' />
  <meta name='ocr-capabilities' content='ocr_page ocr_carea ocr_par ocr_line ocrx_word'/>
</head>
<body>
  <div class='ocr_page' id='page_1' title='image "./didacisaavedraef00saav_0282.png"; bbox 0 0 2132 3730; ppageno 0'>
   <div class='ocr_carea' id='block_1_1' title="bbox 250 227 1606 279">
    <p class='ocr_par' dir='ltr' id='par_1_1' title="bbox 250 227 1606 279">
     <span class='ocr_line' id='line_1_1' title="bbox 250 227 1606 279; baseline -0.004 0"><span class='ocrx_word' id='word_1_1' title='bbox 250 237 338 279; x_wconf 83' lang='lat'>262</span> <span class='ocrx_word' id='word_1_2' title='bbox 669 229 1016 273; x_wconf 84' lang='lat' dir='ltr'><em>DIDACI</em></span> <span class='ocrx_word' id='word_1_3' title='bbox 1070 227 1606 275; x_wconf 82' lang='lat' dir='ltr'><em>SAAVEDRAE</em></span> 
     </span>
    </p>
   </div>
   <div class='ocr_carea' id='block_1_2' title="bbox 768 292 2048 306">
    <p class='ocr_par' dir='ltr' id='par_1_2' title="bbox 768 292 2048 306">
     <span class='ocr_line' id='line_1_2' title="bbox 768 292 2048 306; baseline 0.003 -6"><span class='ocrx_word' id='word_1_4' title='bbox 768 292 2048 306; x_wconf 36' lang='lat' dir='ltr'>*mm-*ffl-</span> 
     </span>
    </p>
   </div>
   <div class='ocr_carea' id='block_1_3' title="bbox 232 310 2132 2875">
    <p class='ocr_par' dir='ltr' id='par_1_3' title="bbox 249 310 2129 491">
     <span class='ocr_line' id='line_1_3' title="bbox 250 310 2051 371; baseline -0.003 -12"><span class='ocrx_word' id='word_1_5' title='bbox 250 319 290 359; x_wconf 86' lang='lat'>&amp;</span> <span class='ocrx_word' id='word_1_6' title='bbox 318 320 469 371; x_wconf 86' lang='lat' dir='ltr'>privare</span> <span class='ocrx_word' id='word_1_7' title='bbox 494 316 568 356; x_wconf 88' lang='lat' dir='ltr'>sese</span> <span class='ocrx_word' id='word_1_8' title='bbox 596 323 655 353; x_wconf 90' lang='lat' dir='ltr'>tot</span> <span class='ocrx_word' id='word_1_9' title='bbox 673 312 829 351; x_wconf 88' lang='lat' dir='ltr'>subditis</span> <span class='ocrx_word' id='word_1_10' title='bbox 847 320 924 351; x_wconf 84' lang='lat' dir='ltr'>tam</span> <span class='ocrx_word' id='word_1_11' title='bbox 948 311 1132 364; x_wconf 88' lang='lat' dir='ltr'>proficuis</span> <span class='ocrx_word' id='word_1_12' title='bbox 1165 314 1212 352; x_wconf 90' lang='lat' dir='ltr'>ad</span> <span class='ocrx_word' id='word_1_13' title='bbox 1226 327 1334 367; x_wconf 89' lang='lat' dir='ltr'>agros</span> <span class='ocrx_word' id='word_1_14' title='bbox 1353 314 1539 356; x_wconf 90' lang='lat' dir='ltr'>colendos</span> <span class='ocrx_word' id='word_1_15' title='bbox 1555 344 1568 362; x_wconf 86' lang='lat'><strong>,</strong></span> <span class='ocrx_word' id='word_1_16' title='bbox 1596 310 1676 355; x_wconf 86' lang='lat' dir='ltr'>non</span> <span class='ocrx_word' id='word_1_17' title='bbox 1699 315 1779 355; x_wconf 88' lang='lat' dir='ltr'>fine</span> <span class='ocrx_word' id='word_1_18' title='bbox 1798 315 2051 355; x_wconf 79' lang='lat' dir='ltr'>admiratione</span> 
     </span>
     <span class='ocr_line' id='line_1_4' title="bbox 252 372 2055 425; baseline -0.003 -7"><span class='ocrx_word' id='word_1_19' title='bbox 252 380 408 418; x_wconf 86' lang='lat' dir='ltr'>rationis</span> <span class='ocrx_word' id='word_1_20' title='bbox 429 376 543 415; x_wconf 87' lang='lat' dir='ltr'>status</span> <span class='ocrx_word' id='word_1_21' title='bbox 561 375 719 412; x_wconf 86' lang='lat' dir='ltr'>aliorum</span> <span class='ocrx_word' id='word_1_22' title='bbox 746 372 964 424; x_wconf 83' lang='lat' dir='ltr'>Principum</span> <span class='ocrx_word' id='word_1_23' title='bbox 985 403 996 419; x_wconf 90' lang='lat'>‚</span> <span class='ocrx_word' id='word_1_24' title='bbox 1028 372 1135 424; x_wconf 89' lang='lat' dir='ltr'>quod</span> <span class='ocrx_word' id='word_1_25' title='bbox 1155 372 1397 424; x_wconf 85' lang='lat' dir='ltr'><strong>splendorem</strong></span> <span class='ocrx_word' id='word_1_26' title='bbox 1416 373 1643 415; x_wconf 86' lang='lat' dir='ltr'>Nobilitatis</span> <span class='ocrx_word' id='word_1_27' title='bbox 1665 377 1818 416; x_wconf 85' lang='lat' dir='ltr'>utilitati</span> <span class='ocrx_word' id='word_1_28' title='bbox 1844 407 1856 425; x_wconf 88' lang='lat'>,</span> <span class='ocrx_word' id='word_1_29' title='bbox 1888 374 1926 414; x_wconf 73' lang='grc' dir='ltr'>ὅτ.</span> <span class='ocrx_word' id='word_1_30' title='bbox 1951 375 2055 414; x_wconf 88' lang='lat' dir='ltr'>Reli-</span> 
     </span>
     <span class='ocr_line' id='line_1_5' title="bbox 249 431 2129 491; baseline -0.003 -13"><span class='ocrx_word' id='word_1_31' title='bbox 249 440 402 491; x_wconf 84' lang='lat' dir='ltr'>gionem</span> <span class='ocrx_word' id='word_1_32' title='bbox 432 432 644 486; x_wconf 87' lang='lat' dir='ltr'>prudentiae</span> <span class='ocrx_word' id='word_1_33' title='bbox 664 433 838 473; x_wconf 86' lang='lat' dir='ltr'>humanae</span> <span class='ocrx_word' id='word_1_34' title='bbox 864 431 1042 472; x_wconf 87' lang='lat' dir='ltr'>viderent</span> <span class='ocrx_word' id='word_1_35' title='bbox 1064 431 1254 474; x_wconf 83' lang='lat' dir='ltr'>anteferri.</span> <span class='ocrx_word' id='word_1_36' title='bbox 2126 462 2129 486; x_wconf 33' lang='grc' dir='ltr'><strong>χ</strong></span> 
     </span>
    </p>

    <p class='ocr_par' dir='ltr' id='par_1_4' title="bbox 232 489 2132 1971">
     <span class='ocr_line' id='line_1_6' title="bbox 400 491 2132 548; baseline 0.001 -17"><span class='ocrx_word' id='word_1_37' title='bbox 400 493 434 544; x_wconf 81' lang='lat'>§.</span> <span class='ocrx_word' id='word_1_38' title='bbox 464 491 544 532; x_wconf 91' lang='lat' dir='ltr'>Ubi</span> <span class='ocrx_word' id='word_1_39' title='bbox 566 504 641 532; x_wconf 86' lang='lat' dir='ltr'>una</span> <span class='ocrx_word' id='word_1_40' title='bbox 666 493 779 545; x_wconf 83' lang='lat' dir='ltr'>Reip.</span> <span class='ocrx_word' id='word_1_41' title='bbox 798 491 922 531; x_wconf 83' lang='lat' dir='ltr'>forma</span> <span class='ocrx_word' id='word_1_42' title='bbox 948 493 985 532; x_wconf 89' lang='lat' dir='ltr'>in</span> <span class='ocrx_word' id='word_1_43' title='bbox 1018 493 1126 532; x_wconf 89' lang='lat' dir='ltr'>aliam</span> <span class='ocrx_word' id='word_1_44' title='bbox 1152 491 1338 532; x_wconf 86' lang='lat' dir='ltr'>diversam</span> <span class='ocrx_word' id='word_1_45' title='bbox 1361 493 1541 533; x_wconf 87' lang='lat' dir='ltr'>mutanda</span> <span class='ocrx_word' id='word_1_46' title='bbox 1561 495 1658 542; x_wconf 89' lang='lat' dir='ltr'>erit,</span> <span class='ocrx_word' id='word_1_47' title='bbox 1687 494 1751 533; x_wconf 91' lang='lat' dir='ltr'>tali</span> <span class='ocrx_word' id='word_1_48' title='bbox 1775 495 1830 534; x_wconf 91' lang='lat' dir='ltr'>uti</span> <span class='ocrx_word' id='word_1_49' title='bbox 1850 493 2052 545; x_wconf 82' lang='lat' dir='ltr'>oportebit</span> <span class='ocrx_word' id='word_1_50' title='bbox 2130 501 2132 548; x_wconf 64' lang='grc'><strong><em>4</em></strong></span> 
     </span>
     <span class='ocr_line' id='line_1_7' title="bbox 249 553 2055 606; baseline -0.002 -11"><span class='ocrx_word' id='word_1_51' title='bbox 249 554 408 595; x_wconf 86' lang='lat' dir='ltr'>artificio</span> <span class='ocrx_word' id='word_1_52' title='bbox 429 582 442 601; x_wconf 84' lang='lat'>‚</span> <span class='ocrx_word' id='word_1_53' title='bbox 472 562 515 591; x_wconf 92' lang='lat' dir='ltr'>ut</span> <span class='ocrx_word' id='word_1_54' title='bbox 543 553 654 604; x_wconf 82' lang='lat' dir='ltr'><strong>plebs</strong></span> <span class='ocrx_word' id='word_1_55' title='bbox 684 564 764 592; x_wconf 90' lang='lat' dir='ltr'>non</span> <span class='ocrx_word' id='word_1_56' title='bbox 793 553 922 591; x_wconf 88' lang='lat' dir='ltr'>omnia</span> <span class='ocrx_word' id='word_1_57' title='bbox 938 554 1097 592; x_wconf 90' lang='lat' dir='ltr'>omnino</span> <span class='ocrx_word' id='word_1_58' title='bbox 1122 564 1227 592; x_wconf 89' lang='lat' dir='ltr'>nova</span> <span class='ocrx_word' id='word_1_59' title='bbox 1255 553 1450 604; x_wconf 88' lang='lat' dir='ltr'>reperiat,</span> <span class='ocrx_word' id='word_1_60' title='bbox 1481 565 1556 594; x_wconf 91' lang='lat' dir='ltr'>nec</span> <span class='ocrx_word' id='word_1_61' title='bbox 1572 553 1737 594; x_wconf 85' lang='lat' dir='ltr'>formam</span> <span class='ocrx_word' id='word_1_62' title='bbox 1770 554 2055 606; x_wconf 83' lang='lat' dir='ltr'>gubernationis</span> 
     </span>
     <span class='ocr_line' id='line_1_8' title="bbox 245 610 2054 669; baseline -0.002 -15"><span class='ocrx_word' id='word_1_63' title='bbox 245 614 446 669; x_wconf 86' lang='lat' dir='ltr'>praeteritae</span> <span class='ocrx_word' id='word_1_64' title='bbox 463 611 680 659; x_wconf 80' lang='lat' dir='ltr'>defideret3</span> <span class='ocrx_word' id='word_1_65' title='bbox 712 614 768 653; x_wconf 88' lang='lat' dir='ltr'>uti</span> <span class='ocrx_word' id='word_1_66' title='bbox 785 610 930 652; x_wconf 60' lang='lat' dir='ltr'>factum</span> <span class='ocrx_word' id='word_1_67' title='bbox 950 611 1093 652; x_wconf 67' lang='lat' dir='ltr'>exactis</span> <span class='ocrx_word' id='word_1_68' title='bbox 1120 612 1257 652; x_wconf 77' lang='lat' dir='ltr'>Romae</span> <span class='ocrx_word' id='word_1_69' title='bbox 1286 612 1459 664; x_wconf 89' lang='lat' dir='ltr'>Regibus</span> <span class='ocrx_word' id='word_1_70' title='bbox 1474 642 1488 661; x_wconf 80' lang='lat'><strong>,</strong></span> <span class='ocrx_word' id='word_1_71' title='bbox 1518 613 1673 664; x_wconf 90' lang='lat' dir='ltr'>quando</span> <span class='ocrx_word' id='word_1_72' title='bbox 1690 624 1765 652; x_wconf 87' lang='lat' dir='ltr'>tam</span> <span class='ocrx_word' id='word_1_73' title='bbox 1789 613 1909 662; x_wconf 86' lang='lat' dir='ltr'>sacra,</span> <span class='ocrx_word' id='word_1_74' title='bbox 1940 613 2054 664; x_wconf 74' lang='lat' dir='ltr'>quam</span> 
     </span>
     <span class='ocr_line' id='line_1_9' title="bbox 247 671 2125 727; baseline -0.001 -15"><span class='ocrx_word' id='word_1_75' title='bbox 247 672 410 727; x_wconf 88' lang='lat' dir='ltr'>profana</span> <span class='ocrx_word' id='word_1_76' title='bbox 426 680 531 713; x_wconf 89' lang='lat' dir='ltr'>tanta</span> <span class='ocrx_word' id='word_1_77' title='bbox 549 685 634 712; x_wconf 91' lang='lat' dir='ltr'>cum</span> <span class='ocrx_word' id='word_1_78' title='bbox 651 671 880 712; x_wconf 86' lang='lat' dir='ltr'>dexteritate</span> <span class='ocrx_word' id='word_1_79' title='bbox 894 671 1050 712; x_wconf 87' lang='lat' dir='ltr'>fuerunt</span> <span class='ocrx_word' id='word_1_80' title='bbox 1068 671 1259 721; x_wconf 86' lang='lat' dir='ltr'>ordinata,</span> <span class='ocrx_word' id='word_1_81' title='bbox 1283 681 1326 711; x_wconf 90' lang='lat' dir='ltr'>ut</span> <span class='ocrx_word' id='word_1_82' title='bbox 1345 672 1492 725; x_wconf 87' lang='lat' dir='ltr'><strong>Reges,</strong></span> <span class='ocrx_word' id='word_1_83' title='bbox 1522 671 1614 726; x_wconf 72' lang='lat' dir='ltr'>(a)</span> <span class='ocrx_word' id='word_1_84' title='bbox 1645 674 1708 724; x_wconf 89' lang='lat' dir='ltr'>qui</span> <span class='ocrx_word' id='word_1_85' title='bbox 1731 672 1780 712; x_wconf 87' lang='lat' dir='ltr'>de</span> <span class='ocrx_word' id='word_1_86' title='bbox 1799 674 1970 724; x_wconf 87' lang='lat' dir='ltr'>utrisque</span> <span class='ocrx_word' id='word_1_87' title='bbox 1992 685 2057 711; x_wconf 91' lang='lat' dir='ltr'>cu-</span> <span class='ocrx_word' id='word_1_88' title='bbox 2124 689 2125 694; x_wconf 46' lang='lat'>¹</span> 
     </span>
     <span class='ocr_line' id='line_1_10' title="bbox 245 730 2058 785; baseline -0.002 -12"><span class='ocrx_word' id='word_1_89' title='bbox 245 733 379 773; x_wconf 83' lang='lat' dir='ltr'>rabant</span> <span class='ocrx_word' id='word_1_90' title='bbox 393 762 406 784; x_wconf 88' lang='lat'>‚</span> <span class='ocrx_word' id='word_1_91' title='bbox 437 733 615 785; x_wconf 81' lang='lat' dir='ltr'>expulsos</span> <span class='ocrx_word' id='word_1_92' title='bbox 632 731 706 772; x_wconf 85' lang='lat' dir='ltr'>effe</span> <span class='ocrx_word' id='word_1_93' title='bbox 727 734 852 772; x_wconf 83' lang='lat' dir='ltr'>notari</span> <span class='ocrx_word' id='word_1_94' title='bbox 881 732 985 772; x_wconf 88' lang='lat' dir='ltr'>haud</span> <span class='ocrx_word' id='word_1_95' title='bbox 1002 730 1155 785; x_wconf 78' lang='lat' dir='ltr'>posset3</span> <span class='ocrx_word' id='word_1_96' title='bbox 1184 743 1351 783; x_wconf 90' lang='lat' dir='ltr'>cumque</span> <span class='ocrx_word' id='word_1_97' title='bbox 1371 730 1505 783; x_wconf 72' lang='lat' dir='ltr'>postea</span> <span class='ocrx_word' id='word_1_98' title='bbox 1533 731 1740 784; x_wconf 86' lang='lat' dir='ltr'>Imperium</span> <span class='ocrx_word' id='word_1_99' title='bbox 1769 733 1808 771; x_wconf 93' lang='lat' dir='ltr'>in</span> <span class='ocrx_word' id='word_1_100' title='bbox 1831 733 2058 783; x_wconf 82' lang='lat' dir='ltr'>Rempubli-</span> 
     </span>
     <span class='ocr_line' id='line_1_11' title="bbox 246 789 2058 846; baseline -0.002 -13"><span class='ocrx_word' id='word_1_101' title='bbox 246 805 330 833; x_wconf 85' lang='lat' dir='ltr'>cam</span> <span class='ocrx_word' id='word_1_102' title='bbox 349 802 566 833; x_wconf 89' lang='lat' dir='ltr'>verteretur</span> <span class='ocrx_word' id='word_1_103' title='bbox 579 823 591 843; x_wconf 82' lang='grc'><strong>,</strong></span> <span class='ocrx_word' id='word_1_104' title='bbox 619 792 730 832; x_wconf 80' lang='lat' dir='ltr'>eadem</span> <span class='ocrx_word' id='word_1_105' title='bbox 760 790 1040 846; x_wconf 67' lang='lat' dir='ltr'>Magistratumn</span> <span class='ocrx_word' id='word_1_106' title='bbox 1053 792 1218 832; x_wconf 69' lang='lat' dir='ltr'>vocabula</span> <span class='ocrx_word' id='word_1_107' title='bbox 1239 789 1480 844; x_wconf 71' lang='lat' dir='ltr'>permansere</span> <span class='ocrx_word' id='word_1_108' title='bbox 1499 821 1510 839; x_wconf 93' lang='lat'>,</span> <span class='ocrx_word' id='word_1_109' title='bbox 1541 791 1646 832; x_wconf 92' lang='lat' dir='ltr'>idem</span> <span class='ocrx_word' id='word_1_110' title='bbox 1670 791 1832 831; x_wconf 90' lang='lat' dir='ltr'>Senatus</span> <span class='ocrx_word' id='word_1_111' title='bbox 1854 792 1953 831; x_wconf 92' lang='lat' dir='ltr'>ordo</span> <span class='ocrx_word' id='word_1_112' title='bbox 1966 793 2058 831; x_wconf 87' lang='lat' dir='ltr'>ima-</span> 
     </span>
     <span class='ocr_line' id='line_1_12' title="bbox 244 849 2058 906; baseline -0.002 -13"><span class='ocrx_word' id='word_1_113' title='bbox 244 854 372 906; x_wconf 88' lang='lat' dir='ltr'>ginem</span> <span class='ocrx_word' id='word_1_114' title='bbox 401 855 564 904; x_wconf 87' lang='lat' dir='ltr'>antiquae</span> <span class='ocrx_word' id='word_1_115' title='bbox 591 853 773 892; x_wconf 78' lang='lat' dir='ltr'>libertatis</span> <span class='ocrx_word' id='word_1_116' title='bbox 794 852 969 904; x_wconf 80' lang='lat' dir='ltr'>praebens</span> <span class='ocrx_word' id='word_1_117' title='bbox 985 882 998 901; x_wconf 86' lang='lat'>‚</span> <span class='ocrx_word' id='word_1_118' title='bbox 1028 852 1067 893; x_wconf 90' lang='lat' dir='ltr'>id</span> <span class='ocrx_word' id='word_1_119' title='bbox 1089 852 1196 904; x_wconf 88' lang='lat' dir='ltr'>quod</span> <span class='ocrx_word' id='word_1_120' title='bbox 1214 854 1293 892; x_wconf 90' lang='lat' dir='ltr'>vim</span> <span class='ocrx_word' id='word_1_121' title='bbox 1310 849 1545 904; x_wconf 70' lang='lat' dir='ltr'>principatus</span> <span class='ocrx_word' id='word_1_122' title='bbox 1559 851 1663 892; x_wconf 88' lang='lat' dir='ltr'>haud</span> <span class='ocrx_word' id='word_1_123' title='bbox 1684 863 1820 904; x_wconf 88' lang='lat' dir='ltr'>parum</span> <span class='ocrx_word' id='word_1_124' title='bbox 1842 850 1915 904; x_wconf 76' lang='lat' dir='ltr'>(b)</span> <span class='ocrx_word' id='word_1_125' title='bbox 1934 850 2058 891; x_wconf 88' lang='lat' dir='ltr'>firma·</span> 
     </span>
     <span class='ocr_line' id='line_1_13' title="bbox 245 909 2122 961; baseline -0.002 -8"><span class='ocrx_word' id='word_1_126' title='bbox 245 914 317 954; x_wconf 87' lang='lat' dir='ltr'>vit.</span> <span class='ocrx_word' id='word_1_127' title='bbox 376 913 483 953; x_wconf 90' lang='lat' dir='ltr'><strong>Idem</strong></span> <span class='ocrx_word' id='word_1_128' title='bbox 503 914 540 952; x_wconf 90' lang='lat' dir='ltr'>in</span> <span class='ocrx_word' id='word_1_129' title='bbox 557 911 715 952; x_wconf 90' lang='lat' dir='ltr'>Ducatu</span> <span class='ocrx_word' id='word_1_130' title='bbox 733 911 958 951; x_wconf 88' lang='lat' dir='ltr'>Florentino</span> <span class='ocrx_word' id='word_1_131' title='bbox 983 909 1113 952; x_wconf 70' lang='lat' dir='ltr'>fecere</span> <span class='ocrx_word' id='word_1_132' title='bbox 1132 912 1297 952; x_wconf 87' lang='lat' dir='ltr'>Toscani</span> <span class='ocrx_word' id='word_1_133' title='bbox 1316 911 1467 955; x_wconf 80' lang='lat' dir='ltr'>Duces.</span> <span class='ocrx_word' id='word_1_134' title='bbox 1523 911 1729 953; x_wconf 84' lang='lat' dir='ltr'>Excellens</span> <span class='ocrx_word' id='word_1_135' title='bbox 1753 911 1792 951; x_wconf 93' lang='lat' dir='ltr'>in</span> <span class='ocrx_word' id='word_1_136' title='bbox 1808 912 1957 950; x_wconf 86' lang='lat' dir='ltr'>ratione</span> <span class='ocrx_word' id='word_1_137' title='bbox 1975 910 2059 950; x_wconf 77' lang='lat' dir='ltr'>Sta·</span> <span class='ocrx_word' id='word_1_138' title='bbox 2104 946 2122 961; x_wconf 58' lang='lat'><em>„</em></span> 
     </span>
     <span class='ocr_line' id='line_1_14' title="bbox 246 969 2132 1027; baseline -0.001 -15"><span class='ocrx_word' id='word_1_139' title='bbox 246 970 309 1013; x_wconf 63' lang='lat' dir='ltr'>tiis</span> <span class='ocrx_word' id='word_1_140' title='bbox 329 971 403 1013; x_wconf 87' lang='lat' dir='ltr'>fuit</span> <span class='ocrx_word' id='word_1_141' title='bbox 419 971 612 1026; x_wconf 83' lang='lat' dir='ltr'>Augustus</span> <span class='ocrx_word' id='word_1_142' title='bbox 630 972 843 1023; x_wconf 78' lang='lat' dir='ltr'>Imperator</span> <span class='ocrx_word' id='word_1_143' title='bbox 861 985 872 1010; x_wconf 89' lang='lat'>:</span> <span class='ocrx_word' id='word_1_144' title='bbox 902 973 1047 1024; x_wconf 88' lang='lat' dir='ltr'>quippe</span> <span class='ocrx_word' id='word_1_145' title='bbox 1065 974 1129 1024; x_wconf 89' lang='lat' dir='ltr'>qui</span> <span class='ocrx_word' id='word_1_146' title='bbox 1149 970 1169 1027; x_wconf 86' lang='lat'>(</span> <span class='ocrx_word' id='word_1_147' title='bbox 1180 974 1230 1026; x_wconf 74' lang='lat' dir='ltr'>c)</span> <span class='ocrx_word' id='word_1_148' title='bbox 1248 986 1311 1012; x_wconf 72' lang='lat' dir='ltr'>non</span> <span class='ocrx_word' id='word_1_149' title='bbox 1330 969 1567 1024; x_wconf 69' lang='lat' dir='ltr'>omniastatim</span> <span class='ocrx_word' id='word_1_150' title='bbox 1582 974 1635 1011; x_wconf 72' lang='lat' dir='ltr'>uti</span> <span class='ocrx_word' id='word_1_151' title='bbox 1659 972 1828 1011; x_wconf 77' lang='lat' dir='ltr'>decretum</span> <span class='ocrx_word' id='word_1_152' title='bbox 1843 978 1922 1010; x_wconf 75' lang='lat' dir='ltr'>erat</span> <span class='ocrx_word' id='word_1_153' title='bbox 1939 1003 1951 1019; x_wconf 83' lang='lat'>‚</span> <span class='ocrx_word' id='word_1_154' title='bbox 1982 984 2058 1011; x_wconf 87' lang='lat' dir='ltr'>exe·</span> <span class='ocrx_word' id='word_1_155' title='bbox 2120 974 2132 1022; x_wconf 53' lang='lat' dir='ltr'>sp</span> 
     </span>
     <span class='ocr_line' id='line_1_15' title="bbox 245 1028 2059 1088; baseline -0.002 -15"><span class='ocrx_word' id='word_1_156' title='bbox 245 1041 345 1073; x_wconf 71' lang='lat' dir='ltr'>cutus</span> <span class='ocrx_word' id='word_1_157' title='bbox 363 1031 409 1088; x_wconf 74' lang='lat' dir='ltr'>cst</span> <span class='ocrx_word' id='word_1_158' title='bbox 427 1061 440 1082; x_wconf 85' lang='lat'><strong>,</strong></span> <span class='ocrx_word' id='word_1_159' title='bbox 472 1034 611 1072; x_wconf 72' lang='lat' dir='ltr'>veritus</span> <span class='ocrx_word' id='word_1_160' title='bbox 627 1063 640 1080; x_wconf 84' lang='lat'>,</span> <span class='ocrx_word' id='word_1_161' title='bbox 668 1046 709 1072; x_wconf 70' lang='lat' dir='ltr'>we</span> <span class='ocrx_word' id='word_1_162' title='bbox 723 1028 1049 1084; x_wconf 61' lang='lat' dir='ltr'>par-amsizccederer</span> <span class='ocrx_word' id='word_1_163' title='bbox 1068 1063 1080 1081; x_wconf 83' lang='grc'>,</span> <span class='ocrx_word' id='word_1_164' title='bbox 1100 1032 1244 1085; x_wconf 74' lang='lat' dir='ltr'>fisimul</span> <span class='ocrx_word' id='word_1_165' title='bbox 1260 1033 1403 1072; x_wconf 71' lang='lat' dir='ltr'>homines</span> <span class='ocrx_word' id='word_1_166' title='bbox 1429 1028 1629 1081; x_wconf 56' lang='lat' dir='ltr'>transferre</span> <span class='ocrx_word' id='word_1_167' title='bbox 1655 1030 1705 1077; x_wconf 71' lang='lat'>&amp;⁹</span> <span class='ocrx_word' id='word_1_168' title='bbox 1721 1033 1897 1071; x_wconf 79' lang='lat' dir='ltr'>invertere</span> <span class='ocrx_word' id='word_1_169' title='bbox 1917 1031 2017 1070; x_wconf 83' lang='lat' dir='ltr'>vellet</span> <span class='ocrx_word' id='word_1_170' title='bbox 2044 1044 2059 1080; x_wconf 79' lang='grc'>,-</span> 
     </span>
     <span class='ocr_line' id='line_1_16' title="bbox 232 1087 2119 1147; baseline -0.003 -16"><span class='ocrx_word' id='word_1_171' title='bbox 232 1090 300 1145; x_wconf 62' lang='lat' dir='ltr'>de</span> <span class='ocrx_word' id='word_1_172' title='bbox 316 1090 471 1144; x_wconf 64' lang='lat' dir='ltr'>quaedam</span> <span class='ocrx_word' id='word_1_173' title='bbox 495 1104 538 1131; x_wconf 79' lang='lat' dir='ltr'>ex</span> <span class='ocrx_word' id='word_1_174' title='bbox 566 1099 710 1144; x_wconf 73' lang='lat' dir='ltr'>tempore</span> <span class='ocrx_word' id='word_1_175' title='bbox 732 1087 904 1143; x_wconf 58' lang='lat' dir='ltr'>dispofitit,</span> <span class='ocrx_word' id='word_1_176' title='bbox 933 1091 1089 1145; x_wconf 66' lang='lat' dir='ltr'>quaedam</span> <span class='ocrx_word' id='word_1_177' title='bbox 1109 1094 1225 1147; x_wconf 63' lang='lat' dir='ltr'>rejecit</span> <span class='ocrx_word' id='word_1_178' title='bbox 1252 1095 1287 1132; x_wconf 71' lang='lat' dir='ltr'>in</span> <span class='ocrx_word' id='word_1_179' title='bbox 1307 1100 1452 1144; x_wconf 67' lang='lat' dir='ltr'>tempus,</span> <span class='ocrx_word' id='word_1_180' title='bbox 1514 1090 1664 1130; x_wconf 81' lang='lat' dir='ltr'>Verum</span> <span class='ocrx_word' id='word_1_181' title='bbox 1680 1092 1813 1142; x_wconf 87' lang='lat' dir='ltr'>majori</span> <span class='ocrx_word' id='word_1_182' title='bbox 1835 1090 1968 1142; x_wconf 87' lang='lat' dir='ltr'>dignus</span> <span class='ocrx_word' id='word_1_183' title='bbox 1993 1089 2055 1129; x_wconf 81' lang='lat' dir='ltr'>ad·</span> <span class='ocrx_word' id='word_1_184' title='bbox 2117 1090 2119 1125; x_wconf 68' lang='grc' dir='ltr'>ἓ</span> 
     </span>
     <span class='ocr_line' id='line_1_17' title="bbox 244 1150 2058 1204; baseline -0.002 -13"><span class='ocrx_word' id='word_1_185' title='bbox 244 1153 447 1192; x_wconf 82' lang='lat' dir='ltr'>miratione</span> <span class='ocrx_word' id='word_1_186' title='bbox 471 1150 625 1191; x_wconf 82' lang='lat' dir='ltr'>Samuel</span> <span class='ocrx_word' id='word_1_187' title='bbox 651 1150 750 1200; x_wconf 88' lang='lat' dir='ltr'>fuit,</span> <span class='ocrx_word' id='word_1_188' title='bbox 779 1153 844 1203; x_wconf 89' lang='lat' dir='ltr'>qui</span> <span class='ocrx_word' id='word_1_189' title='bbox 870 1152 1187 1204; x_wconf 82' lang='lat' dir='ltr'>gubernationem</span> <span class='ocrx_word' id='word_1_190' title='bbox 1205 1152 1241 1191; x_wconf 64' lang='grc' dir='ltr'>ὃς</span> <span class='ocrx_word' id='word_1_191' title='bbox 1261 1152 1433 1203; x_wconf 83' lang='lat' dir='ltr'>politiam</span> <span class='ocrx_word' id='word_1_192' title='bbox 1462 1152 1599 1203; x_wconf 91' lang='lat' dir='ltr'>populi</span> <span class='ocrx_word' id='word_1_193' title='bbox 1623 1150 1704 1191; x_wconf 91' lang='lat' dir='ltr'>Dei</span> <span class='ocrx_word' id='word_1_194' title='bbox 1726 1150 1778 1190; x_wconf 87' lang='lat' dir='ltr'>fic</span> <span class='ocrx_word' id='word_1_195' title='bbox 1806 1150 2024 1190; x_wconf 84' lang='lat' dir='ltr'>immutavit</span> <span class='ocrx_word' id='word_1_196' title='bbox 2044 1179 2058 1199; x_wconf 93' lang='lat'>,</span> 
     </span>
     <span class='ocr_line' id='line_1_18' title="bbox 244 1207 2096 1266; baseline -0.001 -15"><span class='ocrx_word' id='word_1_197' title='bbox 244 1220 288 1251; x_wconf 89' lang='lat' dir='ltr'>ut</span> <span class='ocrx_word' id='word_1_198' title='bbox 306 1213 449 1251; x_wconf 87' lang='lat' dir='ltr'>nemini</span> <span class='ocrx_word' id='word_1_199' title='bbox 468 1210 542 1266; x_wconf 77' lang='lat' dir='ltr'>(d)</span> <span class='ocrx_word' id='word_1_200' title='bbox 573 1210 798 1264; x_wconf 84' lang='lat' dir='ltr'>displiceret.</span> <span class='ocrx_word' id='word_1_201' title='bbox 860 1210 943 1251; x_wconf 88' lang='lat' dir='ltr'>Tali</span> <span class='ocrx_word' id='word_1_202' title='bbox 961 1223 1048 1251; x_wconf 91' lang='lat' dir='ltr'>cum</span> <span class='ocrx_word' id='word_1_203' title='bbox 1069 1211 1272 1263; x_wconf 85' lang='lat' dir='ltr'>prudentia</span> <span class='ocrx_word' id='word_1_204' title='bbox 1298 1212 1429 1251; x_wconf 84' lang='lat' dir='ltr'>sensim</span> <span class='ocrx_word' id='word_1_205' title='bbox 1450 1211 1529 1251; x_wconf 87' lang='lat' dir='ltr'>fine</span> <span class='ocrx_word' id='word_1_206' title='bbox 1546 1211 1650 1251; x_wconf 90' lang='lat' dir='ltr'>sensu</span> <span class='ocrx_word' id='word_1_207' title='bbox 1685 1210 1830 1250; x_wconf 88' lang='lat' dir='ltr'>umbrae</span> <span class='ocrx_word' id='word_1_208' title='bbox 1852 1207 1929 1249; x_wconf 88' lang='lat' dir='ltr'>istae</span> <span class='ocrx_word' id='word_1_209' title='bbox 1947 1209 2059 1248; x_wconf 84' lang='lat' dir='ltr'>liber·</span> <span class='ocrx_word' id='word_1_210' title='bbox 2093 1243 2096 1250; x_wconf 78' lang='grc'>,</span> 
     </span>
     <span class='ocr_line' id='line_1_19' title="bbox 243 1268 2058 1324; baseline -0.003 -12"><span class='ocrx_word' id='word_1_211' title='bbox 243 1272 332 1312; x_wconf 90' lang='lat' dir='ltr'>tatis</span> <span class='ocrx_word' id='word_1_212' title='bbox 348 1271 561 1324; x_wconf 84' lang='lat' dir='ltr'>diffipandae</span> <span class='ocrx_word' id='word_1_213' title='bbox 579 1271 688 1321; x_wconf 78' lang='lat' dir='ltr'>sunt,</span> <span class='ocrx_word' id='word_1_214' title='bbox 719 1281 762 1311; x_wconf 91' lang='lat' dir='ltr'>ut</span> <span class='ocrx_word' id='word_1_215' title='bbox 784 1272 864 1324; x_wconf 88' lang='lat' dir='ltr'>pari</span> <span class='ocrx_word' id='word_1_216' title='bbox 884 1269 987 1323; x_wconf 75' lang='lat' dir='ltr'>passu</span> <span class='ocrx_word' id='word_1_217' title='bbox 1013 1283 1057 1311; x_wconf 87' lang='lat' dir='ltr'>ea</span> <span class='ocrx_word' id='word_1_218' title='bbox 1083 1270 1313 1311; x_wconf 82' lang='lat' dir='ltr'>subducatur</span> <span class='ocrx_word' id='word_1_219' title='bbox 1334 1272 1457 1311; x_wconf 91' lang='lat' dir='ltr'>oculis</span> <span class='ocrx_word' id='word_1_220' title='bbox 1474 1299 1487 1321; x_wconf 83' lang='lat'>‚</span> <span class='ocrx_word' id='word_1_221' title='bbox 1518 1283 1597 1322; x_wconf 92' lang='lat' dir='ltr'>quo</span> <span class='ocrx_word' id='word_1_222' title='bbox 1614 1270 1761 1310; x_wconf 88' lang='lat' dir='ltr'>radices</span> <span class='ocrx_word' id='word_1_223' title='bbox 1794 1271 1869 1321; x_wconf 85' lang='lat' dir='ltr'>agit</span> <span class='ocrx_word' id='word_1_224' title='bbox 1889 1268 2058 1309; x_wconf 87' lang='lat' dir='ltr'>domina-</span> 
     </span>
     <span class='ocr_line' id='line_1_20' title="bbox 247 1328 2097 1385; baseline -0.003 -14"><span class='ocrx_word' id='word_1_225' title='bbox 247 1332 317 1371; x_wconf 88' lang='lat' dir='ltr'>tio.</span> <span class='ocrx_word' id='word_1_226' title='bbox 380 1331 474 1385; x_wconf 89' lang='lat' dir='ltr'>Quo</span> <span class='ocrx_word' id='word_1_227' title='bbox 492 1330 614 1372; x_wconf 91' lang='lat' dir='ltr'>modo</span> <span class='ocrx_word' id='word_1_228' title='bbox 642 1330 710 1385; x_wconf 76' lang='lat' dir='ltr'>(e)</span> <span class='ocrx_word' id='word_1_229' title='bbox 727 1331 892 1383; x_wconf 81' lang='lat' dir='ltr'>Agricola</span> <span class='ocrx_word' id='word_1_230' title='bbox 910 1328 1078 1383; x_wconf 60' lang='lat' dir='ltr'>ad-veffln</span> <span class='ocrx_word' id='word_1_231' title='bbox 1107 1331 1334 1371; x_wconf 69' lang='lat' dir='ltr'>Britanniam</span> <span class='ocrx_word' id='word_1_232' title='bbox 1346 1329 1580 1382; x_wconf 67' lang='lat' dir='ltr'>prqfilturmn</span> <span class='ocrx_word' id='word_1_233' title='bbox 1599 1331 1779 1382; x_wconf 75' lang='lat' dir='ltr'>putabat,</span> <span class='ocrx_word' id='word_1_234' title='bbox 1798 1331 1836 1383; x_wconf 82' lang='lat' dir='ltr'><em>fi</em></span> <span class='ocrx_word' id='word_1_235' title='bbox 1847 1330 2006 1369; x_wconf 70' lang='lat' dir='ltr'>Romana</span> <span class='ocrx_word' id='word_1_236' title='bbox 2020 1340 2065 1367; x_wconf 76' lang='lat' dir='ltr'>u-</span> <span class='ocrx_word' id='word_1_237' title='bbox 2093 1378 2097 1382; x_wconf 30' lang='grc'><strong><em>1</em></strong></span> 
     </span>
     <span class='ocr_line' id='line_1_21' title="bbox 245 1388 2094 1446; baseline -0.004 -15"><span class='ocrx_word' id='word_1_238' title='bbox 245 1391 344 1446; x_wconf 78' lang='lat' dir='ltr'>bique</span> <span class='ocrx_word' id='word_1_239' title='bbox 361 1404 463 1431; x_wconf 77' lang='lat' dir='ltr'>arma</span> <span class='ocrx_word' id='word_1_240' title='bbox 486 1423 498 1441; x_wconf 86' lang='grc'>,</span> <span class='ocrx_word' id='word_1_241' title='bbox 528 1389 579 1436; x_wconf 67' lang='lat'>&amp;³</span> <span class='ocrx_word' id='word_1_242' title='bbox 597 1392 692 1431; x_wconf 70' lang='lat' dir='ltr'>velat</span> <span class='ocrx_word' id='word_1_243' title='bbox 709 1393 726 1431; x_wconf 80' lang='grc' dir='ltr'><em>ὲ</em></span> <span class='ocrx_word' id='word_1_244' title='bbox 745 1388 912 1441; x_wconf 62' lang='grc' dir='ltr'>εοηζῦεῐίιι</span> <span class='ocrx_word' id='word_1_245' title='bbox 924 1390 1067 1430; x_wconf 77' lang='lat' dir='ltr'>libertas</span> <span class='ocrx_word' id='word_1_246' title='bbox 1082 1390 1268 1431; x_wconf 70' lang='lat' dir='ltr'>tolleretur.</span> <span class='ocrx_word' id='word_1_247' title='bbox 1326 1391 1459 1440; x_wconf 87' lang='lat' dir='ltr'>Atque</span> <span class='ocrx_word' id='word_1_248' title='bbox 1486 1390 1569 1428; x_wconf 85' lang='lat' dir='ltr'>haec</span> <span class='ocrx_word' id='word_1_249' title='bbox 1595 1389 1829 1429; x_wconf 85' lang='lat' dir='ltr'>documenta</span> <span class='ocrx_word' id='word_1_250' title='bbox 1854 1389 1933 1428; x_wconf 86' lang='lat' dir='ltr'>sine</span> <span class='ocrx_word' id='word_1_251' title='bbox 1962 1388 2057 1439; x_wconf 87' lang='lat' dir='ltr'>inju-</span> <span class='ocrx_word' id='word_1_252' title='bbox 2088 1421 2094 1424; x_wconf 86' lang='lat'><strong><em>.</em></strong></span> 
     </span>
     <span class='ocr_line' id='line_1_22' title="bbox 245 1447 2132 1500; baseline -0.003 -9"><span class='ocrx_word' id='word_1_253' title='bbox 245 1450 343 1492; x_wconf 87' lang='lat' dir='ltr'>stitia</span> <span class='ocrx_word' id='word_1_254' title='bbox 364 1450 496 1490; x_wconf 90' lang='lat' dir='ltr'>locum</span> <span class='ocrx_word' id='word_1_255' title='bbox 519 1451 663 1490; x_wconf 89' lang='lat' dir='ltr'>habent</span> <span class='ocrx_word' id='word_1_256' title='bbox 679 1452 718 1491; x_wconf 89' lang='lat' dir='ltr'>in</span> <span class='ocrx_word' id='word_1_257' title='bbox 750 1449 920 1489; x_wconf 86' lang='lat' dir='ltr'>Statibus</span> <span class='ocrx_word' id='word_1_258' title='bbox 947 1451 987 1488; x_wconf 92' lang='lat' dir='ltr'>vi</span> <span class='ocrx_word' id='word_1_259' title='bbox 1012 1461 1204 1489; x_wconf 84' lang='lat' dir='ltr'>armorum</span> <span class='ocrx_word' id='word_1_260' title='bbox 1226 1449 1444 1500; x_wconf 79' lang='lat' dir='ltr'>acquisitis:</span> <span class='ocrx_word' id='word_1_261' title='bbox 1472 1447 1634 1489; x_wconf 61' lang='lat' dir='ltr'>victoria</span> <span class='ocrx_word' id='word_1_262' title='bbox 1659 1450 1781 1498; x_wconf 85' lang='lat' dir='ltr'>enim,</span> <span class='ocrx_word' id='word_1_263' title='bbox 1802 1461 1886 1500; x_wconf 84' lang='lat' dir='ltr'>quae</span> <span class='ocrx_word' id='word_1_264' title='bbox 1903 1450 1941 1487; x_wconf 91' lang='lat' dir='ltr'>in</span> <span class='ocrx_word' id='word_1_265' title='bbox 1959 1450 2059 1487; x_wconf 88' lang='lat' dir='ltr'>vitas</span> <span class='ocrx_word' id='word_1_266' title='bbox 2130 1476 2132 1479; x_wconf 75' lang='lat'><em>.</em></span> 
     </span>
     <span class='ocr_line' id='line_1_23' title="bbox 244 1507 2132 1563; baseline -0.002 -13"><span class='ocrx_word' id='word_1_267' title='bbox 244 1509 477 1563; x_wconf 87' lang='lat' dir='ltr'>potestatem</span> <span class='ocrx_word' id='word_1_268' title='bbox 502 1509 628 1558; x_wconf 90' lang='lat' dir='ltr'>dedit,</span> <span class='ocrx_word' id='word_1_269' title='bbox 658 1508 820 1550; x_wconf 88' lang='lat' dir='ltr'>eandem</span> <span class='ocrx_word' id='word_1_270' title='bbox 838 1509 1020 1548; x_wconf 88' lang='lat' dir='ltr'>concedit</span> <span class='ocrx_word' id='word_1_271' title='bbox 1039 1511 1154 1549; x_wconf 86' lang='lat' dir='ltr'>etiam</span> <span class='ocrx_word' id='word_1_272' title='bbox 1180 1509 1228 1548; x_wconf 90' lang='lat' dir='ltr'>ad</span> <span class='ocrx_word' id='word_1_273' title='bbox 1251 1507 1491 1548; x_wconf 82' lang='lat' dir='ltr'>formandam</span> <span class='ocrx_word' id='word_1_274' title='bbox 1521 1521 1594 1560; x_wconf 88' lang='lat' dir='ltr'>pro</span> <span class='ocrx_word' id='word_1_275' title='bbox 1626 1509 1781 1547; x_wconf 84' lang='lat' dir='ltr'>arbitrio</span> <span class='ocrx_word' id='word_1_276' title='bbox 1812 1508 2059 1560; x_wconf 88' lang='lat' dir='ltr'>gubernatio·</span> <span class='ocrx_word' id='word_1_277' title='bbox 2091 1516 2096 1536; x_wconf 70' lang='lat'>2</span> <span class='ocrx_word' id='word_1_278' title='bbox 2131 1514 2132 1517; x_wconf 74' lang='grc'>’</span> 
     </span>
     <span class='ocr_line' id='line_1_24' title="bbox 244 1561 2101 1620; baseline -0.002 -11"><span class='ocrx_word' id='word_1_279' title='bbox 244 1582 348 1610; x_wconf 82' lang='lat' dir='ltr'>nem.</span> <span class='ocrx_word' id='word_1_280' title='bbox 423 1569 467 1609; x_wconf 93' lang='lat' dir='ltr'>In</span> <span class='ocrx_word' id='word_1_281' title='bbox 488 1571 531 1608; x_wconf 90' lang='lat' dir='ltr'>iis</span> <span class='ocrx_word' id='word_1_282' title='bbox 556 1580 683 1609; x_wconf 84' lang='lat' dir='ltr'>tamen</span> <span class='ocrx_word' id='word_1_283' title='bbox 704 1599 717 1619; x_wconf 87' lang='lat'>,</span> <span class='ocrx_word' id='word_1_284' title='bbox 747 1581 831 1620; x_wconf 87' lang='lat' dir='ltr'>quae</span> <span class='ocrx_word' id='word_1_285' title='bbox 846 1568 1075 1608; x_wconf 82' lang='lat' dir='ltr'>succeffione</span> <span class='ocrx_word' id='word_1_286' title='bbox 1101 1569 1317 1608; x_wconf 90' lang='lat' dir='ltr'>obveniunt</span> <span class='ocrx_word' id='word_1_287' title='bbox 1334 1597 1347 1616; x_wconf 85' lang='lat'>‚</span> <span class='ocrx_word' id='word_1_288' title='bbox 1376 1566 1671 1619; x_wconf 84' lang='lat' dir='ltr'>haudquaquam</span> <span class='ocrx_word' id='word_1_289' title='bbox 1702 1568 1848 1607; x_wconf 89' lang='lat' dir='ltr'>licitum</span> <span class='ocrx_word' id='word_1_290' title='bbox 1877 1566 1931 1606; x_wconf 91' lang='lat' dir='ltr'>est</span> <span class='ocrx_word' id='word_1_291' title='bbox 1950 1596 1963 1616; x_wconf 83' lang='lat'>,</span> <span class='ocrx_word' id='word_1_292' title='bbox 1993 1578 2061 1606; x_wconf 90' lang='lat' dir='ltr'>eo·</span> <span class='ocrx_word' id='word_1_293' title='bbox 2090 1561 2101 1612; x_wconf 64' lang='lat' dir='ltr'>J</span> 
     </span>
     <span class='ocr_line' id='line_1_25' title="bbox 245 1623 2132 1680; baseline -0.001 -11"><span class='ocrx_word' id='word_1_294' title='bbox 245 1641 329 1669; x_wconf 88' lang='lat' dir='ltr'>rum</span> <span class='ocrx_word' id='word_1_295' title='bbox 357 1638 534 1669; x_wconf 87' lang='lat' dir='ltr'>evertere</span> <span class='ocrx_word' id='word_1_296' title='bbox 560 1628 643 1679; x_wconf 82' lang='lat' dir='ltr'>jura</span> <span class='ocrx_word' id='word_1_297' title='bbox 661 1640 705 1667; x_wconf 92' lang='lat' dir='ltr'>ac</span> <span class='ocrx_word' id='word_1_298' title='bbox 721 1625 920 1680; x_wconf 87' lang='lat' dir='ltr'>privilegia</span> <span class='ocrx_word' id='word_1_299' title='bbox 941 1657 952 1675; x_wconf 85' lang='lat'>‚</span> <span class='ocrx_word' id='word_1_300' title='bbox 981 1638 1047 1667; x_wconf 90' lang='lat' dir='ltr'>aut</span> <span class='ocrx_word' id='word_1_301' title='bbox 1076 1628 1249 1667; x_wconf 89' lang='lat' dir='ltr'>moribus</span> <span class='ocrx_word' id='word_1_302' title='bbox 1283 1625 1517 1666; x_wconf 87' lang='lat' dir='ltr'>&amp;institutis</span> <span class='ocrx_word' id='word_1_303' title='bbox 1559 1625 1772 1667; x_wconf 87' lang='lat' dir='ltr'>eorundem</span> <span class='ocrx_word' id='word_1_304' title='bbox 1797 1627 1878 1666; x_wconf 89' lang='lat' dir='ltr'>vim</span> <span class='ocrx_word' id='word_1_305' title='bbox 1904 1624 2058 1667; x_wconf 87' lang='lat' dir='ltr'>inferre.</span> <span class='ocrx_word' id='word_1_306' title='bbox 2085 1634 2096 1677; x_wconf 64' lang='lat' dir='ltr'><em>J</em></span> <span class='ocrx_word' id='word_1_307' title='bbox 2129 1623 2132 1659; x_wconf 73' lang='grc' dir='ltr'>ἰ</span> 
     </span>
     <span class='ocr_line' id='line_1_26' title="bbox 244 1678 2132 1757; baseline -0.001 -29"><span class='ocrx_word' id='word_1_308' title='bbox 244 1688 379 1729; x_wconf 79' lang='lat' dir='ltr'>Solum</span> <span class='ocrx_word' id='word_1_309' title='bbox 397 1697 540 1727; x_wconf 89' lang='lat' dir='ltr'>mutuae</span> <span class='ocrx_word' id='word_1_310' title='bbox 560 1687 778 1727; x_wconf 87' lang='lat' dir='ltr'>concordiae</span> <span class='ocrx_word' id='word_1_311' title='bbox 799 1686 906 1726; x_wconf 84' lang='lat' dir='ltr'>causa</span> <span class='ocrx_word' id='word_1_312' title='bbox 928 1716 940 1735; x_wconf 89' lang='lat'>‚</span> <span class='ocrx_word' id='word_1_313' title='bbox 971 1686 1153 1735; x_wconf 85' lang='lat' dir='ltr'>consensu</span> <span class='ocrx_word' id='word_1_314' title='bbox 1172 1688 1369 1727; x_wconf 89' lang='lat' dir='ltr'>communi</span> <span class='ocrx_word' id='word_1_315' title='bbox 1385 1685 1495 1727; x_wconf 89' lang='lat' dir='ltr'>statui</span> <span class='ocrx_word' id='word_1_316' title='bbox 1511 1687 1736 1757; x_wconf 47' lang='lat' dir='ltr'>poteritvt</span> <span class='ocrx_word' id='word_1_317' title='bbox 1755 1688 1973 1726; x_wconf 88' lang='lat' dir='ltr'>communia</span> <span class='ocrx_word' id='word_1_318' title='bbox 1986 1685 2060 1726; x_wconf 85' lang='lat' dir='ltr'>sint</span> <span class='ocrx_word' id='word_1_319' title='bbox 2090 1687 2094 1690; x_wconf 84' lang='grc'><strong>’</strong></span> <span class='ocrx_word' id='word_1_320' title='bbox 2131 1678 2132 1694; x_wconf 68' lang='lat'>³</span> 
     </span>
     <span class='ocr_line' id='line_1_27' title="bbox 243 1745 2090 1802; baseline -0.002 -14"><span class='ocrx_word' id='word_1_321' title='bbox 243 1749 402 1802; x_wconf 85' lang='lat' dir='ltr'>proemia</span> <span class='ocrx_word' id='word_1_322' title='bbox 424 1747 461 1787; x_wconf 90' lang='lat'>&amp;</span> <span class='ocrx_word' id='word_1_323' title='bbox 480 1756 723 1787; x_wconf 85' lang='lat' dir='ltr'>monetarum</span> <span class='ocrx_word' id='word_1_324' title='bbox 741 1747 995 1796; x_wconf 85' lang='lat' dir='ltr'>commercia,</span> <span class='ocrx_word' id='word_1_325' title='bbox 1026 1745 1178 1787; x_wconf 86' lang='lat' dir='ltr'>sublatis</span> <span class='ocrx_word' id='word_1_326' title='bbox 1194 1748 1238 1786; x_wconf 91' lang='lat' dir='ltr'>iis</span> <span class='ocrx_word' id='word_1_327' title='bbox 1263 1747 1559 1796; x_wconf 87' lang='lat' dir='ltr'>controversiis,</span> <span class='ocrx_word' id='word_1_328' title='bbox 1592 1758 1677 1799; x_wconf 89' lang='lat' dir='ltr'>quae</span> <span class='ocrx_word' id='word_1_329' title='bbox 1700 1745 1831 1786; x_wconf 89' lang='lat' dir='ltr'>odium</span> <span class='ocrx_word' id='word_1_330' title='bbox 1851 1746 1890 1786; x_wconf 74' lang='grc' dir='ltr'>δε</span> <span class='ocrx_word' id='word_1_331' title='bbox 1911 1746 2060 1786; x_wconf 66' lang='grc' dir='ltr'>οειῃυῐει-</span> <span class='ocrx_word' id='word_1_332' title='bbox 2086 1760 2090 1766; x_wconf 94' lang='grc'><strong><em>·</em></strong></span> 
     </span>
     <span class='ocr_line' id='line_1_28' title="bbox 244 1804 2087 1859; baseline -0.002 -11"><span class='ocrx_word' id='word_1_333' title='bbox 244 1810 392 1848; x_wconf 88' lang='lat' dir='ltr'>tionem</span> <span class='ocrx_word' id='word_1_334' title='bbox 430 1818 559 1847; x_wconf 90' lang='lat' dir='ltr'>creare</span> <span class='ocrx_word' id='word_1_335' title='bbox 581 1806 731 1853; x_wconf 74' lang='lat' dir='ltr'>solent3</span> <span class='ocrx_word' id='word_1_336' title='bbox 774 1807 831 1845; x_wconf 89' lang='lat' dir='ltr'>uti</span> <span class='ocrx_word' id='word_1_337' title='bbox 855 1807 892 1845; x_wconf 90' lang='lat' dir='ltr'>in</span> <span class='ocrx_word' id='word_1_338' title='bbox 916 1807 1056 1859; x_wconf 86' lang='lat' dir='ltr'>Regno</span> <span class='ocrx_word' id='word_1_339' title='bbox 1079 1805 1266 1847; x_wconf 87' lang='lat' dir='ltr'>Navarrae</span> <span class='ocrx_word' id='word_1_340' title='bbox 1293 1804 1438 1848; x_wconf 61' lang='lat' dir='ltr'>factum</span> <span class='ocrx_word' id='word_1_341' title='bbox 1455 1837 1468 1857; x_wconf 85' lang='lat'><strong>,</strong></span> <span class='ocrx_word' id='word_1_342' title='bbox 1496 1816 1539 1846; x_wconf 90' lang='lat' dir='ltr'>ut</span> <span class='ocrx_word' id='word_1_343' title='bbox 1562 1805 1652 1847; x_wconf 78' lang='lat' dir='ltr'>curn</span> <span class='ocrx_word' id='word_1_344' title='bbox 1677 1817 1796 1846; x_wconf 87' lang='lat' dir='ltr'>unum</span> <span class='ocrx_word' id='word_1_345' title='bbox 1818 1805 1999 1858; x_wconf 90' lang='lat' dir='ltr'>idemque</span> <span class='ocrx_word' id='word_1_346' title='bbox 2015 1805 2062 1846; x_wconf 86' lang='lat' dir='ltr'>sit</span> <span class='ocrx_word' id='word_1_347' title='bbox 2086 1816 2087 1819; x_wconf 70' lang='grc'>’</span> 
     </span>
     <span class='ocr_line' id='line_1_29' title="bbox 244 1865 2058 1917; baseline -0.001 -9"><span class='ocrx_word' id='word_1_348' title='bbox 244 1868 457 1908; x_wconf 87' lang='lat' dir='ltr'>dominium</span> <span class='ocrx_word' id='word_1_349' title='bbox 481 1897 495 1916; x_wconf 79' lang='lat'>,</span> <span class='ocrx_word' id='word_1_350' title='bbox 526 1866 686 1907; x_wconf 90' lang='lat' dir='ltr'>vivendi</span> <span class='ocrx_word' id='word_1_351' title='bbox 703 1869 794 1906; x_wconf 89' lang='lat' dir='ltr'>item</span> <span class='ocrx_word' id='word_1_352' title='bbox 813 1865 952 1906; x_wconf 86' lang='lat' dir='ltr'>modus</span> <span class='ocrx_word' id='word_1_353' title='bbox 970 1866 1208 1908; x_wconf 86' lang='lat' dir='ltr'>subditorum</span> <span class='ocrx_word' id='word_1_354' title='bbox 1228 1865 1427 1907; x_wconf 89' lang='lat' dir='ltr'>uniformis</span> <span class='ocrx_word' id='word_1_355' title='bbox 1454 1867 1573 1917; x_wconf 86' lang='lat' dir='ltr'>s1t,ac</span> <span class='ocrx_word' id='word_1_356' title='bbox 1598 1876 1733 1909; x_wconf 87' lang='lat' dir='ltr'>mutua</span> <span class='ocrx_word' id='word_1_357' title='bbox 1743 1867 1841 1907; x_wconf 87' lang='lat' dir='ltr'>inter</span> <span class='ocrx_word' id='word_1_358' title='bbox 1866 1879 1935 1908; x_wconf 91' lang='lat' dir='ltr'>eos</span> <span class='ocrx_word' id='word_1_359' title='bbox 1950 1877 2058 1907; x_wconf 86' lang='lat' dir='ltr'>com-</span> 
     </span>
     <span class='ocr_line' id='line_1_30' title="bbox 243 1926 657 1971; baseline -0.01 -1"><span class='ocrx_word' id='word_1_360' title='bbox 243 1928 455 1971; x_wconf 82' lang='lat' dir='ltr'>municatio</span> <span class='ocrx_word' id='word_1_361' title='bbox 470 1926 507 1965; x_wconf 89' lang='lat'>&amp;</span> <span class='ocrx_word' id='word_1_362' title='bbox 538 1937 657 1966; x_wconf 87' lang='lat' dir='ltr'>amor.</span> 
     </span>
    </p>

    <p class='ocr_par' dir='ltr' id='par_1_5' title="bbox 243 1982 2132 2877">
     <span class='ocr_line' id='line_1_31' title="bbox 391 1982 2060 2037; baseline 0.001 -13"><span class='ocrx_word' id='word_1_363' title='bbox 391 1985 428 2036; x_wconf 85' lang='lat'>§.</span> <span class='ocrx_word' id='word_1_364' title='bbox 458 1984 579 2024; x_wconf 88' lang='lat' dir='ltr'>Nulla</span> <span class='ocrx_word' id='word_1_365' title='bbox 597 1987 656 2024; x_wconf 91' lang='lat' dir='ltr'>vis</span> <span class='ocrx_word' id='word_1_366' title='bbox 693 1984 844 2025; x_wconf 88' lang='lat' dir='ltr'>suavior</span> <span class='ocrx_word' id='word_1_367' title='bbox 865 1982 1003 2037; x_wconf 73' lang='lat' dir='ltr'>juxta,</span> <span class='ocrx_word' id='word_1_368' title='bbox 1043 1996 1087 2023; x_wconf 87' lang='lat' dir='ltr'>ac</span> <span class='ocrx_word' id='word_1_369' title='bbox 1118 1984 1308 2024; x_wconf 87' lang='lat' dir='ltr'>efficacior</span> <span class='ocrx_word' id='word_1_370' title='bbox 1327 2014 1340 2033; x_wconf 92' lang='lat'><strong>‚</strong></span> <span class='ocrx_word' id='word_1_371' title='bbox 1369 1984 1484 2036; x_wconf 73' lang='lat' dir='ltr'>quam</span> <span class='ocrx_word' id='word_1_372' title='bbox 1521 1984 1754 2025; x_wconf 87' lang='lat' dir='ltr'>beneficium</span> <span class='ocrx_word' id='word_1_373' title='bbox 1776 2015 1787 2033; x_wconf 92' lang='lat'><em>‚</em></span> <span class='ocrx_word' id='word_1_374' title='bbox 1819 1984 1866 2023; x_wconf 83' lang='lat' dir='ltr'>ad</span> <span class='ocrx_word' id='word_1_375' title='bbox 1898 1984 2060 2025; x_wconf 83' lang='lat' dir='ltr'>tuendas</span> 
     </span>
     <span class='ocr_line' id='line_1_32' title="bbox 245 2042 2097 2097; baseline -0.002 -10"><span class='ocrx_word' id='word_1_376' title='bbox 245 2043 603 2097; x_wconf 83' lang='lat' dir='ltr'>conservandasque</span> <span class='ocrx_word' id='word_1_377' title='bbox 626 2044 848 2085; x_wconf 87' lang='lat' dir='ltr'>Provincias</span> <span class='ocrx_word' id='word_1_378' title='bbox 875 2044 1085 2096; x_wconf 61' lang='lat' dir='ltr'>acquisitas</span> <span class='ocrx_word' id='word_1_379' title='bbox 1147 2042 1273 2084; x_wconf 87' lang='lat' dir='ltr'>Etiam</span> <span class='ocrx_word' id='word_1_380' title='bbox 1295 2056 1355 2084; x_wconf 88' lang='lat' dir='ltr'>res</span> <span class='ocrx_word' id='word_1_381' title='bbox 1386 2045 1568 2084; x_wconf 87' lang='lat' dir='ltr'>inanimas</span> <span class='ocrx_word' id='word_1_382' title='bbox 1590 2045 1771 2084; x_wconf 87' lang='lat' dir='ltr'>colebant</span> <span class='ocrx_word' id='word_1_383' title='bbox 1793 2044 1991 2093; x_wconf 87' lang='lat' dir='ltr'>homines,</span> <span class='ocrx_word' id='word_1_384' title='bbox 2019 2044 2058 2084; x_wconf 72' lang='grc' dir='ltr'>δε</span> <span class='ocrx_word' id='word_1_385' title='bbox 2094 2066 2097 2078; x_wconf 73' lang='lat'><em>1</em></span> 
     </span>
     <span class='ocr_line' id='line_1_33' title="bbox 251 2102 2061 2156; baseline -0.001 -10"><span class='ocrx_word' id='word_1_386' title='bbox 251 2106 492 2147; x_wconf 87' lang='lat' dir='ltr'>divinitatem</span> <span class='ocrx_word' id='word_1_387' title='bbox 510 2106 554 2144; x_wconf 91' lang='lat' dir='ltr'>iis</span> <span class='ocrx_word' id='word_1_388' title='bbox 572 2104 806 2153; x_wconf 83' lang='lat' dir='ltr'>tribuebant,</span> <span class='ocrx_word' id='word_1_389' title='bbox 824 2104 852 2144; x_wconf 87' lang='lat' dir='ltr'>si</span> <span class='ocrx_word' id='word_1_390' title='bbox 875 2103 966 2155; x_wconf 90' lang='lat' dir='ltr'>quid</span> <span class='ocrx_word' id='word_1_391' title='bbox 975 2102 1152 2143; x_wconf 86' lang='lat' dir='ltr'>beneficii</span> <span class='ocrx_word' id='word_1_392' title='bbox 1167 2103 1214 2143; x_wconf 87' lang='lat' dir='ltr'>ab</span> <span class='ocrx_word' id='word_1_393' title='bbox 1225 2104 1268 2143; x_wconf 89' lang='lat' dir='ltr'>iis</span> <span class='ocrx_word' id='word_1_394' title='bbox 1287 2105 1518 2156; x_wconf 86' lang='lat' dir='ltr'>acciperent.</span> <span class='ocrx_word' id='word_1_395' title='bbox 1578 2103 1707 2144; x_wconf 81' lang='lat' dir='ltr'>Facile</span> <span class='ocrx_word' id='word_1_396' title='bbox 1721 2104 1902 2144; x_wconf 82' lang='lat' dir='ltr'>mortales</span> <span class='ocrx_word' id='word_1_397' title='bbox 1916 2105 2001 2156; x_wconf 89' lang='lat' dir='ltr'>capi</span> <span class='ocrx_word' id='word_1_398' title='bbox 2022 2104 2061 2144; x_wconf 90' lang='lat' dir='ltr'>se</span> 
     </span>
     <span class='ocr_line' id='line_1_34' title="bbox 245 2156 2132 2217; baseline -0.002 -11"><span class='ocrx_word' id='word_1_399' title='bbox 245 2166 371 2207; x_wconf 86' lang='lat' dir='ltr'>finunt</span> <span class='ocrx_word' id='word_1_400' title='bbox 390 2163 607 2204; x_wconf 86' lang='lat' dir='ltr'>commodis</span> <span class='ocrx_word' id='word_1_401' title='bbox 624 2195 634 2212; x_wconf 89' lang='lat'>,</span> <span class='ocrx_word' id='word_1_402' title='bbox 664 2174 738 2203; x_wconf 89' lang='lat' dir='ltr'>nec</span> <span class='ocrx_word' id='word_1_403' title='bbox 758 2174 993 2217; x_wconf 89' lang='lat' dir='ltr'>magnopere</span> <span class='ocrx_word' id='word_1_404' title='bbox 1012 2162 1216 2202; x_wconf 82' lang='lat' dir='ltr'>attendunt</span> <span class='ocrx_word' id='word_1_405' title='bbox 1242 2163 1290 2201; x_wconf 90' lang='lat' dir='ltr'>ad</span> <span class='ocrx_word' id='word_1_406' title='bbox 1318 2164 1540 2215; x_wconf 85' lang='lat' dir='ltr'>largientem</span> <span class='ocrx_word' id='word_1_407' title='bbox 1568 2162 1635 2202; x_wconf 88' lang='lat' dir='ltr'>ista</span> <span class='ocrx_word' id='word_1_408' title='bbox 1653 2193 1665 2211; x_wconf 87' lang='lat'>‚</span> <span class='ocrx_word' id='word_1_409' title='bbox 1697 2163 1735 2202; x_wconf 90' lang='lat'>&amp;</span> <span class='ocrx_word' id='word_1_410' title='bbox 1752 2164 1899 2213; x_wconf 87' lang='lat' dir='ltr'>sceptra</span> <span class='ocrx_word' id='word_1_411' title='bbox 1921 2164 2058 2203; x_wconf 88' lang='lat' dir='ltr'>mode·</span> <span class='ocrx_word' id='word_1_412' title='bbox 2086 2156 2095 2212; x_wconf 74' lang='lat' dir='ltr'>J]</span> <span class='ocrx_word' id='word_1_413' title='bbox 2128 2174 2132 2178; x_wconf 60' lang='lat'><strong>⁴</strong></span> 
     </span>
     <span class='ocr_line' id='line_1_35' title="bbox 243 2218 2093 2276; baseline -0.004 -8"><span class='ocrx_word' id='word_1_414' title='bbox 243 2234 392 2268; x_wconf 74' lang='lat' dir='ltr'>tantem</span> <span class='ocrx_word' id='word_1_415' title='bbox 413 2253 426 2274; x_wconf 90' lang='lat'>,</span> <span class='ocrx_word' id='word_1_416' title='bbox 457 2235 550 2264; x_wconf 91' lang='lat' dir='ltr'>num</span> <span class='ocrx_word' id='word_1_417' title='bbox 567 2224 776 2276; x_wconf 85' lang='lat' dir='ltr'>alienigena</span> <span class='ocrx_word' id='word_1_418' title='bbox 791 2223 848 2263; x_wconf 86' lang='lat' dir='ltr'>fit.</span> <span class='ocrx_word' id='word_1_419' title='bbox 908 2222 988 2276; x_wconf 91' lang='lat' dir='ltr'>Qui</span> <span class='ocrx_word' id='word_1_420' title='bbox 1013 2221 1208 2262; x_wconf 87' lang='lat' dir='ltr'>beneficiis</span> <span class='ocrx_word' id='word_1_421' title='bbox 1225 2223 1382 2276; x_wconf 84' lang='lat' dir='ltr'>obligari</span> <span class='ocrx_word' id='word_1_422' title='bbox 1403 2223 1440 2262; x_wconf 92' lang='lat' dir='ltr'>se</span> <span class='ocrx_word' id='word_1_423' title='bbox 1454 2222 1599 2271; x_wconf 76' lang='lat' dir='ltr'>sinunt,</span> <span class='ocrx_word' id='word_1_424' title='bbox 1630 2222 1668 2262; x_wconf 72' lang='grc' dir='ltr'>δι</span> <span class='ocrx_word' id='word_1_425' title='bbox 1681 2222 1748 2261; x_wconf 91' lang='lat' dir='ltr'>suo</span> <span class='ocrx_word' id='word_1_426' title='bbox 1765 2219 1899 2262; x_wconf 86' lang='lat' dir='ltr'>desunt</span> <span class='ocrx_word' id='word_1_427' title='bbox 1914 2223 2057 2272; x_wconf 88' lang='lat' dir='ltr'>officio,</span> <span class='ocrx_word' id='word_1_428' title='bbox 2090 2218 2093 2222; x_wconf 80' lang='grc'><strong>’</strong></span> 
     </span>
     <span class='ocr_line' id='line_1_36' title="bbox 245 2280 2056 2338; baseline -0.002 -12"><span class='ocrx_word' id='word_1_429' title='bbox 245 2285 339 2327; x_wconf 88' lang='lat' dir='ltr'>nihil</span> <span class='ocrx_word' id='word_1_430' title='bbox 361 2282 495 2338; x_wconf 89' lang='lat' dir='ltr'>postea</span> <span class='ocrx_word' id='word_1_431' title='bbox 524 2282 708 2323; x_wconf 77' lang='lat' dir='ltr'>adversus</span> <span class='ocrx_word' id='word_1_432' title='bbox 737 2283 952 2335; x_wconf 87' lang='lat' dir='ltr'>Principem</span> <span class='ocrx_word' id='word_1_433' title='bbox 974 2283 1099 2323; x_wconf 90' lang='lat' dir='ltr'>moliri</span> <span class='ocrx_word' id='word_1_434' title='bbox 1124 2280 1277 2333; x_wconf 87' lang='lat' dir='ltr'>possunt</span> <span class='ocrx_word' id='word_1_435' title='bbox 1297 2312 1310 2330; x_wconf 85' lang='lat'>‚</span> <span class='ocrx_word' id='word_1_436' title='bbox 1340 2281 1562 2324; x_wconf 74' lang='lat' dir='ltr'>asseclarum</span> <span class='ocrx_word' id='word_1_437' title='bbox 1602 2280 1786 2331; x_wconf 71' lang='lat' dir='ltr'>defectu,</span> <span class='ocrx_word' id='word_1_438' title='bbox 1818 2280 1908 2323; x_wconf 77' lang='lat' dir='ltr'>curn</span> <span class='ocrx_word' id='word_1_439' title='bbox 1938 2295 2056 2323; x_wconf 88' lang='lat' dir='ltr'>nemo</span> 
     </span>
     <span class='ocr_line' id='line_1_37' title="bbox 247 2341 2057 2398; baseline -0.002 -13"><span class='ocrx_word' id='word_1_440' title='bbox 247 2346 448 2398; x_wconf 87' lang='lat' dir='ltr'>quisquam</span> <span class='ocrx_word' id='word_1_441' title='bbox 474 2344 520 2382; x_wconf 90' lang='lat' dir='ltr'>ab</span> <span class='ocrx_word' id='word_1_442' title='bbox 542 2344 701 2384; x_wconf 89' lang='lat' dir='ltr'>homine</span> <span class='ocrx_word' id='word_1_443' title='bbox 717 2345 865 2396; x_wconf 83' lang='lat' dir='ltr'>ingrato</span> <span class='ocrx_word' id='word_1_444' title='bbox 888 2342 1082 2383; x_wconf 86' lang='lat' dir='ltr'>fortunam</span> <span class='ocrx_word' id='word_1_445' title='bbox 1100 2341 1169 2382; x_wconf 86' lang='lat' dir='ltr'>fibi</span> <span class='ocrx_word' id='word_1_446' title='bbox 1188 2341 1331 2382; x_wconf 88' lang='lat' dir='ltr'>bonam</span> <span class='ocrx_word' id='word_1_447' title='bbox 1349 2343 1585 2394; x_wconf 87' lang='lat' dir='ltr'>polliceatur.</span> <span class='ocrx_word' id='word_1_448' title='bbox 1641 2341 1699 2381; x_wconf 88' lang='lat' dir='ltr'>Ea</span> <span class='ocrx_word' id='word_1_449' title='bbox 1721 2341 1770 2381; x_wconf 93' lang='lat' dir='ltr'>de</span> <span class='ocrx_word' id='word_1_450' title='bbox 1787 2341 1895 2381; x_wconf 88' lang='lat' dir='ltr'>causa</span> <span class='ocrx_word' id='word_1_451' title='bbox 1923 2341 2057 2394; x_wconf 90' lang='lat' dir='ltr'>Scipio</span> 
     </span>
     <span class='ocr_line' id='line_1_38' title="bbox 245 2400 2132 2457; baseline -0.002 -13"><span class='ocrx_word' id='word_1_452' title='bbox 245 2413 466 2457; x_wconf 82' lang='lat' dir='ltr'>expugnata</span> <span class='ocrx_word' id='word_1_453' title='bbox 481 2403 710 2456; x_wconf 81' lang='lat' dir='ltr'>Carthagine</span> <span class='ocrx_word' id='word_1_454' title='bbox 725 2404 829 2443; x_wconf 88' lang='lat' dir='ltr'>bona</span> <span class='ocrx_word' id='word_1_455' title='bbox 845 2403 909 2442; x_wconf 86' lang='lat' dir='ltr'>sua</span> <span class='ocrx_word' id='word_1_456' title='bbox 928 2402 1109 2443; x_wconf 90' lang='lat' dir='ltr'>Dominis</span> <span class='ocrx_word' id='word_1_457' title='bbox 1125 2400 1222 2453; x_wconf 86' lang='lat' dir='ltr'>juffit</span> <span class='ocrx_word' id='word_1_458' title='bbox 1237 2400 1379 2441; x_wconf 88' lang='lat' dir='ltr'>restitui</span> <span class='ocrx_word' id='word_1_459' title='bbox 1401 2414 1414 2451; x_wconf 71' lang='grc' dir='ltr'><strong>ς</strong></span> <span class='ocrx_word' id='word_1_460' title='bbox 1445 2402 1484 2443; x_wconf 88' lang='lat'>&amp;</span> <span class='ocrx_word' id='word_1_461' title='bbox 1507 2401 1697 2442; x_wconf 90' lang='lat' dir='ltr'>Sertorius</span> <span class='ocrx_word' id='word_1_462' title='bbox 1720 2413 1896 2454; x_wconf 87' lang='lat' dir='ltr'>magnam</span> <span class='ocrx_word' id='word_1_463' title='bbox 1916 2402 1963 2441; x_wconf 89' lang='lat' dir='ltr'>ab</span> <span class='ocrx_word' id='word_1_464' title='bbox 1985 2401 2059 2442; x_wconf 75' lang='lat' dir='ltr'>Hi-</span> <span class='ocrx_word' id='word_1_465' title='bbox 2126 2412 2132 2440; x_wconf 69' lang='lat' dir='ltr'><em>z</em></span> 
     </span>
     <span class='ocr_line' id='line_1_39' title="bbox 246 2459 2130 2518; baseline -0.002 -14"><span class='ocrx_word' id='word_1_466' title='bbox 246 2465 368 2518; x_wconf 90' lang='lat' dir='ltr'>spanis</span> <span class='ocrx_word' id='word_1_467' title='bbox 388 2465 469 2503; x_wconf 87' lang='lat' dir='ltr'>iniit</span> <span class='ocrx_word' id='word_1_468' title='bbox 488 2464 643 2515; x_wconf 87' lang='lat' dir='ltr'>gratiam</span> <span class='ocrx_word' id='word_1_469' title='bbox 664 2492 676 2511; x_wconf 85' lang='lat'><strong>‚</strong></span> <span class='ocrx_word' id='word_1_470' title='bbox 707 2463 847 2502; x_wconf 88' lang='lat' dir='ltr'>tributa</span> <span class='ocrx_word' id='word_1_471' title='bbox 864 2461 1104 2502; x_wconf 87' lang='lat' dir='ltr'>moderando</span> <span class='ocrx_word' id='word_1_472' title='bbox 1121 2491 1135 2511; x_wconf 86' lang='lat'>‚</span> <span class='ocrx_word' id='word_1_473' title='bbox 1165 2459 1476 2514; x_wconf 89' lang='lat' dir='ltr'>instituendoque</span> <span class='ocrx_word' id='word_1_474' title='bbox 1488 2461 1746 2514; x_wconf 89' lang='lat' dir='ltr'>Hispanorum</span> <span class='ocrx_word' id='word_1_475' title='bbox 1765 2460 2060 2511; x_wconf 78' lang='lat' dir='ltr'>Senatum3Ro-</span> <span class='ocrx_word' id='word_1_476' title='bbox 2086 2489 2089 2492; x_wconf 52' lang='lat'><strong>&lt;</strong></span> <span class='ocrx_word' id='word_1_477' title='bbox 2128 2463 2130 2467; x_wconf 84' lang='grc'><strong>“</strong></span> 
     </span>
     <span class='ocr_line' id='line_1_40' title="bbox 245 2518 2055 2576; baseline -0.003 -10"><span class='ocrx_word' id='word_1_478' title='bbox 245 2532 362 2567; x_wconf 89' lang='lat' dir='ltr'>mano</span> <span class='ocrx_word' id='word_1_479' title='bbox 380 2523 552 2563; x_wconf 77' lang='lat' dir='ltr'>similem.</span> <span class='ocrx_word' id='word_1_480' title='bbox 637 2521 696 2562; x_wconf 93' lang='lat' dir='ltr'>Ut</span> <span class='ocrx_word' id='word_1_481' title='bbox 717 2524 819 2563; x_wconf 88' lang='lat' dir='ltr'>suam</span> <span class='ocrx_word' id='word_1_482' title='bbox 835 2521 1014 2562; x_wconf 87' lang='lat' dir='ltr'>stabiliret</span> <span class='ocrx_word' id='word_1_483' title='bbox 1039 2533 1224 2563; x_wconf 88' lang='lat' dir='ltr'>coronam</span> <span class='ocrx_word' id='word_1_484' title='bbox 1242 2518 1335 2576; x_wconf 67' lang='lat' dir='ltr'>(f)</span> <span class='ocrx_word' id='word_1_485' title='bbox 1349 2522 1438 2562; x_wconf 88' lang='lat' dir='ltr'>Rex</span> <span class='ocrx_word' id='word_1_486' title='bbox 1463 2522 1656 2575; x_wconf 78' lang='lat' dir='ltr'>EtWigius</span> <span class='ocrx_word' id='word_1_487' title='bbox 1675 2552 1688 2571; x_wconf 88' lang='lat'><strong>‚</strong></span> <span class='ocrx_word' id='word_1_488' title='bbox 1717 2519 1918 2575; x_wconf 71' lang='lat' dir='ltr'>vectigalia</span> <span class='ocrx_word' id='word_1_489' title='bbox 1937 2523 2055 2575; x_wconf 87' lang='lat' dir='ltr'>regia,</span> 
     </span>
     <span class='ocr_line' id='line_1_41' title="bbox 247 2574 2088 2644; baseline -0.002 -20"><span class='ocrx_word' id='word_1_490' title='bbox 247 2595 414 2638; x_wconf 89' lang='lat' dir='ltr'>quorum</span> <span class='ocrx_word' id='word_1_491' title='bbox 440 2584 628 2636; x_wconf 81' lang='lat' dir='ltr'>gravitate</span> <span class='ocrx_word' id='word_1_492' title='bbox 650 2583 906 2635; x_wconf 84' lang='lat' dir='ltr'>provinciales</span> <span class='ocrx_word' id='word_1_493' title='bbox 941 2581 1021 2623; x_wconf 82' lang='lat' dir='ltr'>feffi</span> <span class='ocrx_word' id='word_1_494' title='bbox 1041 2590 1147 2623; x_wconf 86' lang='lat' dir='ltr'>erant</span> <span class='ocrx_word' id='word_1_495' title='bbox 1168 2613 1180 2631; x_wconf 85' lang='lat'><strong>,</strong></span> <span class='ocrx_word' id='word_1_496' title='bbox 1209 2583 1398 2622; x_wconf 89' lang='lat' dir='ltr'>imminuit</span> <span class='ocrx_word' id='word_1_497' title='bbox 1418 2611 1431 2632; x_wconf 83' lang='lat'><strong>,</strong></span> <span class='ocrx_word' id='word_1_498' title='bbox 1461 2582 1499 2623; x_wconf 73' lang='grc' dir='ltr'>δε</span> <span class='ocrx_word' id='word_1_499' title='bbox 1529 2595 1612 2635; x_wconf 88' lang='lat' dir='ltr'>quae</span> <span class='ocrx_word' id='word_1_500' title='bbox 1626 2594 1676 2622; x_wconf 93' lang='lat' dir='ltr'>eo</span> <span class='ocrx_word' id='word_1_501' title='bbox 1699 2583 1857 2622; x_wconf 91' lang='lat' dir='ltr'>nomine</span> <span class='ocrx_word' id='word_1_502' title='bbox 1877 2581 1970 2621; x_wconf 87' lang='lat' dir='ltr'>fisco</span> <span class='ocrx_word' id='word_1_503' title='bbox 1998 2593 2056 2621; x_wconf 90' lang='lat' dir='ltr'>re·</span> <span class='ocrx_word' id='word_1_504' title='bbox 2068 2574 2088 2644; x_wconf 36' lang='grc' dir='ltr'>ἦ]</span> 
     </span>
     <span class='ocr_line' id='line_1_42' title="bbox 246 2635 2078 2700; baseline -0.002 -15"><span class='ocrx_word' id='word_1_505' title='bbox 246 2647 312 2700; x_wconf 89' lang='lat' dir='ltr'>gio</span> <span class='ocrx_word' id='word_1_506' title='bbox 331 2643 594 2693; x_wconf 86' lang='lat' dir='ltr'>debebantur,</span> <span class='ocrx_word' id='word_1_507' title='bbox 623 2642 877 2687; x_wconf 81' lang='lat' dir='ltr'>condonavit.</span> <span class='ocrx_word' id='word_1_508' title='bbox 934 2644 970 2684; x_wconf 91' lang='lat' dir='ltr'>A</span> <span class='ocrx_word' id='word_1_509' title='bbox 1000 2642 1187 2683; x_wconf 87' lang='lat' dir='ltr'>Romanis</span> <span class='ocrx_word' id='word_1_510' title='bbox 1211 2644 1304 2682; x_wconf 90' lang='lat' dir='ltr'>item</span> <span class='ocrx_word' id='word_1_511' title='bbox 1327 2644 1367 2682; x_wconf 89' lang='lat' dir='ltr'>in</span> <span class='ocrx_word' id='word_1_512' title='bbox 1399 2642 1597 2683; x_wconf 90' lang='lat' dir='ltr'>debellatis</span> <span class='ocrx_word' id='word_1_513' title='bbox 1616 2642 1828 2682; x_wconf 88' lang='lat' dir='ltr'>Provinciis</span> <span class='ocrx_word' id='word_1_514' title='bbox 1849 2640 1934 2697; x_wconf 81' lang='lat' dir='ltr'>(g)</span> <span class='ocrx_word' id='word_1_515' title='bbox 1963 2635 2078 2696; x_wconf 64' lang='lat' dir='ltr'>qim-v</span> 
     </span>
     <span class='ocr_line' id='line_1_43' title="bbox 245 2698 2080 2758; baseline -0.002 -13"><span class='ocrx_word' id='word_1_516' title='bbox 245 2705 326 2746; x_wconf 83' lang='lat' dir='ltr'>dam</span> <span class='ocrx_word' id='word_1_517' title='bbox 363 2716 405 2743; x_wconf 80' lang='lat' dir='ltr'>ex</span> <span class='ocrx_word' id='word_1_518' title='bbox 432 2706 537 2756; x_wconf 82' lang='lat' dir='ltr'>regiis</span> <span class='ocrx_word' id='word_1_519' title='bbox 560 2702 703 2743; x_wconf 70' lang='lat' dir='ltr'>tributis</span> <span class='ocrx_word' id='word_1_520' title='bbox 720 2701 895 2743; x_wconf 75' lang='lat' dir='ltr'>dimitzutae</span> <span class='ocrx_word' id='word_1_521' title='bbox 909 2733 922 2751; x_wconf 83' lang='lat'>,</span> <span class='ocrx_word' id='word_1_522' title='bbox 952 2700 1032 2758; x_wconf 70' lang='lat' dir='ltr'>quo!</span> <span class='ocrx_word' id='word_1_523' title='bbox 1046 2704 1162 2743; x_wconf 79' lang='lat' dir='ltr'>mitius</span> <span class='ocrx_word' id='word_1_524' title='bbox 1194 2702 1385 2743; x_wconf 79' lang='lat' dir='ltr'>Romanum</span> <span class='ocrx_word' id='word_1_525' title='bbox 1401 2698 1806 2755; x_wconf 55' lang='lat' dir='ltr'>Inperiumsperaretm.</span> <span class='ocrx_word' id='word_1_526' title='bbox 1894 2702 2053 2743; x_wconf 80' lang='lat' dir='ltr'>Acerbi-</span> <span class='ocrx_word' id='word_1_527' title='bbox 2075 2699 2080 2737; x_wconf 66' lang='lat' dir='ltr'>l</span> 
     </span>
     <span class='ocr_line' id='line_1_44' title="bbox 248 2761 2132 2815; baseline -0.002 -10"><span class='ocrx_word' id='word_1_528' title='bbox 248 2763 294 2805; x_wconf 74' lang='lat' dir='ltr'>iis</span> <span class='ocrx_word' id='word_1_529' title='bbox 312 2764 542 2804; x_wconf 85' lang='lat' dir='ltr'>dominantis</span> <span class='ocrx_word' id='word_1_530' title='bbox 559 2764 754 2803; x_wconf 89' lang='lat' dir='ltr'>avaritiam</span> <span class='ocrx_word' id='word_1_531' title='bbox 778 2762 907 2803; x_wconf 88' lang='lat' dir='ltr'>ferunt</span> <span class='ocrx_word' id='word_1_532' title='bbox 925 2762 1063 2803; x_wconf 90' lang='lat' dir='ltr'>subditi</span> <span class='ocrx_word' id='word_1_533' title='bbox 1084 2793 1097 2812; x_wconf 86' lang='lat'>,</span> <span class='ocrx_word' id='word_1_534' title='bbox 1127 2761 1239 2815; x_wconf 72' lang='lat' dir='ltr'>quam</span> <span class='ocrx_word' id='word_1_535' title='bbox 1263 2762 1380 2814; x_wconf 87' lang='lat' dir='ltr'>ipsam</span> <span class='ocrx_word' id='word_1_536' title='bbox 1404 2762 1627 2804; x_wconf 89' lang='lat' dir='ltr'>servitutem</span> <span class='ocrx_word' id='word_1_537' title='bbox 1648 2775 1662 2809; x_wconf 68' lang='grc' dir='ltr'><strong>ς</strong></span> <span class='ocrx_word' id='word_1_538' title='bbox 1691 2774 1763 2815; x_wconf 89' lang='lat' dir='ltr'>pro</span> <span class='ocrx_word' id='word_1_539' title='bbox 1784 2773 1834 2801; x_wconf 89' lang='lat' dir='ltr'>eo</span> <span class='ocrx_word' id='word_1_540' title='bbox 1856 2774 1900 2801; x_wconf 86' lang='lat' dir='ltr'>ac</span> <span class='ocrx_word' id='word_1_541' title='bbox 1914 2762 2077 2815; x_wconf 69' lang='lat' dir='ltr'>Roma·[</span> <span class='ocrx_word' id='word_1_542' title='bbox 2106 2771 2132 2803; x_wconf 76' lang='lat' dir='ltr'>tu&lt;</span> 
     </span>
     <span class='ocr_line' id='line_1_45' title="bbox 247 2809 2132 2875; baseline -0.001 -9"><span class='ocrx_word' id='word_1_543' title='bbox 247 2826 287 2867; x_wconf 86' lang='lat' dir='ltr'>ni</span> <span class='ocrx_word' id='word_1_544' title='bbox 304 2825 344 2863; x_wconf 88' lang='lat' dir='ltr'>in</span> <span class='ocrx_word' id='word_1_545' title='bbox 362 2822 565 2863; x_wconf 80' lang='lat' dir='ltr'>Frisiorum</span> <span class='ocrx_word' id='word_1_546' title='bbox 590 2824 802 2863; x_wconf 89' lang='lat' dir='ltr'>rebellione</span> <span class='ocrx_word' id='word_1_547' title='bbox 825 2824 975 2875; x_wconf 84' lang='lat' dir='ltr'>experti</span> <span class='ocrx_word' id='word_1_548' title='bbox 1000 2823 1084 2863; x_wconf 89' lang='lat' dir='ltr'>sunt</span> <span class='ocrx_word' id='word_1_549' title='bbox 1105 2853 1118 2872; x_wconf 84' lang='lat'>‚</span> <span class='ocrx_word' id='word_1_550' title='bbox 1147 2824 1210 2875; x_wconf 90' lang='lat' dir='ltr'>qui</span> <span class='ocrx_word' id='word_1_551' title='bbox 1218 2831 1339 2874; x_wconf 78' lang='lat' dir='ltr'>pacem</span> <span class='ocrx_word' id='word_1_552' title='bbox 1362 2824 1485 2864; x_wconf 62' lang='lat' dir='ltr'>exzoe‘re</span> <span class='ocrx_word' id='word_1_553' title='bbox 1500 2855 1512 2873; x_wconf 87' lang='lat'><strong>,</strong></span> <span class='ocrx_word' id='word_1_554' title='bbox 1542 2823 1809 2863; x_wconf 86' lang='lat' dir='ltr'>Romanorum</span> <span class='ocrx_word' id='word_1_555' title='bbox 1837 2820 1926 2875; x_wconf 78' lang='lat' dir='ltr'>(h)</span> <span class='ocrx_word' id='word_1_556' title='bbox 1946 2823 2055 2872; x_wconf 75' lang='lat' dir='ltr'>magis</span> <span class='ocrx_word' id='word_1_557' title='bbox 2079 2809 2084 2862; x_wconf 66' lang='grc' dir='ltr'><strong><em>ἶ</em></strong></span> <span class='ocrx_word' id='word_1_558' title='bbox 2105 2821 2132 2864; x_wconf 80' lang='lat' dir='ltr'>Sal</span> 
     </span>
    </p>
   </div>
   <div class='ocr_carea' id='block_1_4' title="bbox 2078 545 2132 3327">
    <p class='ocr_par' dir='ltr' id='par_1_6' title="bbox 2078 545 2132 3327">
     <span class='ocr_line' id='line_1_46' title="bbox 2085 545 2132 2734; baseline 0 -57"><span class='ocrx_word' id='word_1_559' title='bbox 2085 545 2132 2734; x_wconf 95' lang='lat' dir='ltr'>      </span> 
     </span>
     <span class='ocr_line' id='line_1_47' title="bbox 2078 2911 2098 3047; baseline 0 683"><span class='ocrx_word' id='word_1_560' title='bbox 2078 2911 2098 3047; x_wconf 95' lang='lat' dir='ltr'> </span> 
     </span>
     <span class='ocr_line' id='line_1_48' title="bbox 2082 3160 2097 3327; baseline 0 403"><span class='ocrx_word' id='word_1_561' title='bbox 2082 3160 2097 3327; x_wconf 95' lang='lat' dir='ltr'> </span> 
     </span>
    </p>
   </div>
   <div class='ocr_carea' id='block_1_5' title="bbox 1796 3026 2051 3038">
    <p class='ocr_par' dir='ltr' id='par_1_7' title="bbox 1796 3026 2051 3038">
     <span class='ocr_line' id='line_1_49' title="bbox 1796 3026 2051 3038; baseline 0 692"><span class='ocrx_word' id='word_1_562' title='bbox 1796 3026 2051 3038; x_wconf 95' lang='lat' dir='ltr'> </span> 
     </span>
    </p>
   </div>
   <div class='ocr_carea' id='block_1_6' title="bbox 247 3075 2132 3337">
    <p class='ocr_par' dir='ltr' id='par_1_8' title="bbox 247 3075 2132 3337">
     <span class='ocr_line' id='line_1_50' title="bbox 350 3075 2131 3132; baseline -0.002 -17"><span class='ocrx_word' id='word_1_563' title='bbox 350 3080 407 3127; x_wconf 87' lang='lat' dir='ltr'>(a)</span> <span class='ocrx_word' id='word_1_564' title='bbox 432 3080 555 3117; x_wconf 85' lang='lat' dir='ltr'>Tac.1.</span> <span class='ocrx_word' id='word_1_565' title='bbox 577 3088 608 3117; x_wconf 72' lang='grc' dir='ltr'>Χ.</span> <span class='ocrx_word' id='word_1_566' title='bbox 624 3084 721 3119; x_wconf 86' lang='lat' dir='ltr'>Ann.</span> <span class='ocrx_word' id='word_1_567' title='bbox 777 3084 845 3132; x_wconf 86' lang='lat' dir='ltr'>(b)</span> <span class='ocrx_word' id='word_1_568' title='bbox 871 3080 938 3119; x_wconf 85' lang='lat' dir='ltr'>Sed</span> <span class='ocrx_word' id='word_1_569' title='bbox 949 3079 1104 3118; x_wconf 72' lang='lat' dir='ltr'>Tiberius</span> <span class='ocrx_word' id='word_1_570' title='bbox 1116 3081 1195 3117; x_wconf 86' lang='lat' dir='ltr'>vim</span> <span class='ocrx_word' id='word_1_571' title='bbox 1206 3076 1506 3132; x_wconf 75' lang='lat' dir='ltr'>principatusfibi</span> <span class='ocrx_word' id='word_1_572' title='bbox 1513 3078 1670 3129; x_wconf 79' lang='lat' dir='ltr'>firmans</span> <span class='ocrx_word' id='word_1_573' title='bbox 1688 3076 1879 3127; x_wconf 81' lang='lat' dir='ltr'>imaginem</span> <span class='ocrx_word' id='word_1_574' title='bbox 1894 3076 2068 3128; x_wconf 58' lang='lat' dir='ltr'>antiqui-&#39;¹&#39;</span> <span class='ocrx_word' id='word_1_575' title='bbox 2105 3075 2131 3106; x_wconf 60' lang='grc' dir='ltr'>Μ</span> 
     </span>
     <span class='ocr_line' id='line_1_51' title="bbox 250 3127 2064 3186; baseline -0.002 -19"><span class='ocrx_word' id='word_1_576' title='bbox 250 3132 342 3168; x_wconf 75' lang='lat' dir='ltr'>tatis</span> <span class='ocrx_word' id='word_1_577' title='bbox 360 3134 506 3170; x_wconf 79' lang='lat' dir='ltr'>senatui</span> <span class='ocrx_word' id='word_1_578' title='bbox 547 3130 730 3186; x_wconf 63' lang='lat' dir='ltr'>prabebant.</span> <span class='ocrx_word' id='word_1_579' title='bbox 802 3134 902 3172; x_wconf 88' lang='lat' dir='ltr'>Idem</span> <span class='ocrx_word' id='word_1_580' title='bbox 923 3134 984 3171; x_wconf 84' lang='lat' dir='ltr'>lib.</span> <span class='ocrx_word' id='word_1_581' title='bbox 1008 3147 1038 3181; x_wconf 70' lang='lat'>3.</span> <span class='ocrx_word' id='word_1_582' title='bbox 1054 3134 1150 3169; x_wconf 86' lang='lat' dir='ltr'>Ann.</span> <span class='ocrx_word' id='word_1_583' title='bbox 1205 3140 1214 3173; x_wconf 91' lang='lat'>(</span> <span class='ocrx_word' id='word_1_584' title='bbox 1227 3135 1263 3176; x_wconf 85' lang='lat' dir='ltr'>c)</span> <span class='ocrx_word' id='word_1_585' title='bbox 1289 3131 1402 3168; x_wconf 84' lang='lat' dir='ltr'>Dion.</span> <span class='ocrx_word' id='word_1_586' title='bbox 1457 3132 1518 3175; x_wconf 92' lang='lat' dir='ltr'>(d)</span> <span class='ocrx_word' id='word_1_587' title='bbox 1539 3130 1740 3168; x_wconf 70' lang='lat' dir='ltr'>Renovavit</span> <span class='ocrx_word' id='word_1_588' title='bbox 1770 3130 1954 3180; x_wconf 82' lang='lat' dir='ltr'>Imperium</span> <span class='ocrx_word' id='word_1_589' title='bbox 1969 3155 1978 3168; x_wconf 90' lang='lat'><strong>,</strong></span> <span class='ocrx_word' id='word_1_590' title='bbox 2009 3127 2064 3170; x_wconf 67' lang='lat' dir='ltr'>&amp;J</span> 
     </span>
     <span class='ocr_line' id='line_1_52' title="bbox 247 3181 2132 3239; baseline -0.001 -21"><span class='ocrx_word' id='word_1_591' title='bbox 247 3186 358 3221; x_wconf 69' lang='lat' dir='ltr'>unxit</span> <span class='ocrx_word' id='word_1_592' title='bbox 379 3185 552 3238; x_wconf 63' lang='lat' dir='ltr'>Principffl</span> <span class='ocrx_word' id='word_1_593' title='bbox 572 3188 612 3224; x_wconf 82' lang='lat' dir='ltr'>in</span> <span class='ocrx_word' id='word_1_594' title='bbox 627 3196 736 3239; x_wconf 82' lang='lat' dir='ltr'>gente</span> <span class='ocrx_word' id='word_1_595' title='bbox 747 3184 819 3232; x_wconf 71' lang='lat' dir='ltr'>sim</span> <span class='ocrx_word' id='word_1_596' title='bbox 832 3214 840 3227; x_wconf 94' lang='lat'>,</span> <span class='ocrx_word' id='word_1_597' title='bbox 867 3186 913 3230; x_wconf 60' lang='lat' dir='ltr'>(jv</span> <span class='ocrx_word' id='word_1_598' title='bbox 935 3200 1001 3222; x_wconf 84' lang='lat' dir='ltr'>non</span> <span class='ocrx_word' id='word_1_599' title='bbox 1016 3184 1198 3230; x_wconf 76' lang='lat' dir='ltr'>accufizvit</span> <span class='ocrx_word' id='word_1_600' title='bbox 1213 3184 1309 3221; x_wconf 75' lang='lat' dir='ltr'>illum</span> <span class='ocrx_word' id='word_1_601' title='bbox 1327 3181 1423 3220; x_wconf 82' lang='lat' dir='ltr'>homo</span> <span class='ocrx_word' id='word_1_602' title='bbox 1437 3184 1532 3219; x_wconf 88' lang='lat' dir='ltr'>Eccl.</span> <span class='ocrx_word' id='word_1_603' title='bbox 1550 3194 1613 3233; x_wconf 84' lang='lat'>45.</span> <span class='ocrx_word' id='word_1_604' title='bbox 1631 3185 1686 3218; x_wconf 82' lang='lat'>16.</span> <span class='ocrx_word' id='word_1_605' title='bbox 1715 3182 1750 3218; x_wconf 87' lang='lat'>&amp;</span> <span class='ocrx_word' id='word_1_606' title='bbox 1772 3194 1832 3217; x_wconf 85' lang='lat'>22.</span> <span class='ocrx_word' id='word_1_607' title='bbox 1889 3181 1952 3229; x_wconf 83' lang='lat' dir='ltr'>(e)</span> <span class='ocrx_word' id='word_1_608' title='bbox 1964 3182 2051 3217; x_wconf 82' lang='lat' dir='ltr'>Tac.</span> <span class='ocrx_word' id='word_1_609' title='bbox 2080 3197 2081 3200; x_wconf 43' lang='lat'>¹</span> <span class='ocrx_word' id='word_1_610' title='bbox 2116 3200 2132 3210; x_wconf 50' lang='grc' dir='ltr'>κ</span> 
     </span>
     <span class='ocr_line' id='line_1_53' title="bbox 252 3232 2060 3288; baseline -0.001 -18"><span class='ocrx_word' id='word_1_611' title='bbox 252 3234 291 3271; x_wconf 88' lang='lat' dir='ltr'>in</span> <span class='ocrx_word' id='word_1_612' title='bbox 303 3236 378 3273; x_wconf 82' lang='lat' dir='ltr'>vita</span> <span class='ocrx_word' id='word_1_613' title='bbox 400 3238 524 3288; x_wconf 84' lang='lat' dir='ltr'>Agric.</span> <span class='ocrx_word' id='word_1_614' title='bbox 575 3245 593 3287; x_wconf 94' lang='lat'><em>(</em></span> <span class='ocrx_word' id='word_1_615' title='bbox 603 3238 642 3286; x_wconf 81' lang='lat' dir='ltr'>f)</span> <span class='ocrx_word' id='word_1_616' title='bbox 669 3239 760 3277; x_wconf 84' lang='lat' dir='ltr'>Mar.</span> <span class='ocrx_word' id='word_1_617' title='bbox 790 3240 880 3277; x_wconf 84' lang='lat' dir='ltr'>Hist.</span> <span class='ocrx_word' id='word_1_618' title='bbox 894 3239 992 3288; x_wconf 84' lang='lat' dir='ltr'>Hisp.</span> <span class='ocrx_word' id='word_1_619' title='bbox 1012 3237 1073 3275; x_wconf 89' lang='lat' dir='ltr'>lib.</span> <span class='ocrx_word' id='word_1_620' title='bbox 1087 3242 1120 3274; x_wconf 76' lang='lat'>6.</span> <span class='ocrx_word' id='word_1_621' title='bbox 1139 3250 1169 3273; x_wconf 85' lang='lat' dir='ltr'>c.</span> <span class='ocrx_word' id='word_1_622' title='bbox 1186 3249 1241 3287; x_wconf 89' lang='lat'>17.</span> <span class='ocrx_word' id='word_1_623' title='bbox 1298 3239 1364 3286; x_wconf 84' lang='lat' dir='ltr'>(g)</span> <span class='ocrx_word' id='word_1_624' title='bbox 1387 3235 1504 3273; x_wconf 83' lang='lat' dir='ltr'>Tacit.</span> <span class='ocrx_word' id='word_1_625' title='bbox 1528 3235 1590 3274; x_wconf 81' lang='lat' dir='ltr'>lib.</span> <span class='ocrx_word' id='word_1_626' title='bbox 1611 3248 1647 3271; x_wconf 82' lang='lat'>2.</span> <span class='ocrx_word' id='word_1_627' title='bbox 1666 3236 1762 3272; x_wconf 74' lang='lat' dir='ltr'>Arm·</span> <span class='ocrx_word' id='word_1_628' title='bbox 1796 3233 1859 3280; x_wconf 79' lang='lat' dir='ltr'>(h)</span> <span class='ocrx_word' id='word_1_629' title='bbox 1875 3234 1974 3271; x_wconf 89' lang='lat' dir='ltr'>Idem</span> <span class='ocrx_word' id='word_1_630' title='bbox 1988 3232 2060 3270; x_wconf 51' lang='lat' dir='ltr'>lib«</span> 
     </span>
     <span class='ocr_line' id='line_1_54' title="bbox 251 3292 1100 3337; baseline 0.001 -11"><span class='ocrx_word' id='word_1_631' title='bbox 251 3300 288 3337; x_wconf 85' lang='lat'>4·</span> <span class='ocrx_word' id='word_1_632' title='bbox 305 3292 434 3328; x_wconf 79' lang='lat' dir='ltr'>Annal.</span> <span class='ocrx_word' id='word_1_633' title='bbox 1097 3295 1100 3298; x_wconf 59' lang='lat'><strong>⁴</strong></span> 
     </span>
    </p>
   </div>
  </div>
 </body>
</html>
