2132 3730
255 185 283 230 8
687 170 1045 218 DIDACI
1102 169 1633 216 SAAVEDRAE

432 261 565 314 Quare
583 260 675 300 huic
689 259 793 297 malo
810 255 971 296 vitando
986 255 1160 297 solebant
1181 255 1350 297 Romani
1371 265 1588 297 matronam
1618 257 1783 307 aliquam
1813 254 1835 295 ὲ
1854 256 1918 296 sua
1931 255 2074 297 familia

253 322 361 362 annis
390 319 427 360 &
450 321 623 361 moribus
651 326 809 369 gravem
836 316 1022 370 deligere,
1047 324 1134 367 quae
1162 314 1249 356 filiis
1274 315 1448 369 praeesset
1471 314 1730 363 moderatrix,
1756 315 1921 356 &bonae
1936 327 2075 358 eorum

254 380 477 422 educationi
497 380 602 420 omni
623 374 714 417 cura
728 377 965 426 intenderet,
987 374 1063 431 (a)
1078 386 1191 415 coram
1209 386 1280 431 qua
1302 389 1409 431 neque
1424 375 1533 417 dicere
1536 372 1609 427 fas
1620 383 1725 424 erat,
1740 375 1833 429 quod
1842 384 1944 428 turpe
1957 375 2076 425 dicim,-

251 437 504 496 nequefacere,
522 436 618 493 'quod
636 435 841 491 inhonestum
852 434 964 487 saera
984 435 1184 481 {videretzm
1237 435 1336 494 Ὢρῃεε
1359 433 1538 489 disciplina-
1549 449 1590 475 ac
1599 431 1774 487 severitas
1793 449 1832 475 eo
1851 435 2074 487 pertinebat,

251 510 293 542 ut
302 499 438 552 finirem
456 498 508 543 &²
523 500 682 551 integra,
702 496 755 543 &⁹
776 500 875 538 nullis
881 495 1132 549 pravitatibus
1150 492 1287 535 detorta
1304 491 1553 550 uniustujzfsqzoe
1575 502 1707 535 natura
1723 502 1792 535 toto
1804 493 2073 551 statimpeaeiore

244 562 427 612 arriperet
444 565 548 598 *artes
565 555 731 612 honestas.
788 560 923 609 Atque
942 557 1042 597 hanc
1070 554 1262 596 educandi
1281 567 1411 597 curam
1442 554 1511 595 suo
1531 555 1609 606 jam
1633 563 1812 606 tempore
1830 556 1968 609 negligi
1998 566 2074 594 coe-

249 618 363 672 pisse:
385 619 527 658 liberos
547 617 645 658 vero
664 619 764 658 inter
785 618 918 658 servos
939 616 1095 657 educari
1121 615 1272 664 solitos,
1294 625 1459 667 quorum
1473 617 1568 655 vitia
1594 614 1781 654 discerent
1800 615 1936 655 imitari
1950 616 2074 668 gravi—

246 677 427 719 tetidem
445 678 656 718 illeauttor
684 679 956 730 conqueritur.
1016 672 1088 732 sb)
1128 675 1206 717 Nec
1233 671 1425 730 quisquam,
1451 674 1596 728 inquit,
1626 672 1662 715 in
1682 681 1758 720 tota
1780 673 1873 715 domo
1894 674 1992 727 penfi
2011 675 2077 715 ha-

246 739 325 788 bet,
347 737 435 794 quid
452 751 566 779 coram
581 734 716 788 inflante
736 737 888 787 domino,
904 744 969 777 aut
982 736 1094 784 dicat,
1113 742 1178 774 aut
1187 731 1334 786 faciat:
1367 734 1502 789 quando
1522 737 1625 775 etiam
1646 732 1903 787 &liparen-er,
1925 743 2074 786 necpro-

246 798 353 839 hitati
360 827 372 847 ,
387 811 493 853 neque
513 795 676 849 modestice
682 797 860 850 parvulos
877 793 1122 850 assuefaciunt,
1149 794 1194 834 ed
1207 791 1353 846 Iaſsiviae
1368 793 1420 839 ὃ)
1439 794 1603 836 libertati.
1663 793 1708 834 Id
1728 793 1834 845 quod
1848 793 1968 834 hodie
1981 794 2075 834 dum

249 859 290 898 in
304 858 493 911 plerisque
513 857 735 910 Principum
749 859 842 896 aulis
863 856 1071 896 usu-venit„
1131 853 1225 895 Nec
1242 854 1345 894 aliud
1364 852 1422 894 isti
1445 853 1547 893 malo
1562 853 1776 895 remedium
1805 853 1877 902 est,
1902 852 2017 905 quam
2031 862 2075 894 ut

247 919 550 959 submoveantur
573 918 683 957 aulici
704 918 799 957 tales
826 917 930 956 vitiis
948 915 1092 963 dediti,
1118 913 1158 955 δι
1174 916 1212 955 in
1226 924 1364 954 eorum
1390 915 1523 954 locum
1552 913 1797 967 surrogentur
1819 915 1879 954 alii
1899 914 2075 967 probatae

248 980 422 1028 virtutis,
449 979 515 1029 qui
537 977 721 1029 Principis
745 977 915 1017 animum
930 976 980 1016 ad
999 973 1240 1024 honestiora,
1267 974 1306 1014 &
1328 986 1398 1024 ea,
1431 986 1517 1026 quae
1543 984 1674 1013 veram
1698 975 1852 1026 pariunt
1885 975 2044 1026 gloriam
2061 1002 2075 1023 ,

247 1039 483 1078 inflammare
508 1038 660 1089 poffint.
720 1035 789 1091 (c)
818 1036 946 1090 Neque
960 1037 1046 1076 enim
1069 1034 1216 1074 auribus
1227 1029 1385 1087 jucunda
1397 1035 1555 1074 convenit
1580 1031 1710 1081 dicere,
1718 1029 1780 1084 sed
1797 1047 1841 1073 ex
1863 1047 1931 1087 ⁴quo
1947 1034 2073 1088 aliquis

242 1094 402 1153 gloriofits
416 1094 502 1150 fiat.
576 1096 657 1137 Ubi
673 1098 758 1136 aula
774 1096 796 1136 a
814 1097 961 1136 virtute
973 1095 1089 1135 semel
1110 1094 1321 1142 defecerit,
1335 1096 1473 1134 mutari
1493 1090 1574 1146 ipsa
1591 1091 1707 1142 solet,
1726 1104 1807 1133 non
1830 1094 1986 1146 corrigi,
1999 1104 2074 1133 nec

246 1160 465 1211 Principem
486 1158 687 1197 meliorem
704 1155 903 1197 desiderat.
963 1152 1046 1209 (d)
1079 1153 1135 1195 Ita
1160 1155 1315 1195 Neronis
1329 1154 1414 1194 aula
1430 1163 1474 1193 ut
1489 1152 1615 1193 Taciti
1637 1153 1766 1193 verbis
1781 1162 1882 1201 utar,
1908 1155 1944 1193 in
1962 1153 2074 1194 Otho·

241 1232 320 1259 uem
329 1228 447 1271 prona
461 1224 566 1267 erat,
587 1215 784 1269 utfimilem.
846 1214 971 1269 Quod
995 1215 1025 1256 st
1045 1223 1177 1256 tamen
1204 1210 1299 1254 illud
1324 1213 1490 1267 Principi
1517 1211 1645 1253 facere
1675 1224 1757 1253 non
1789 1214 1955 1261 licuerit,
1978 1211 2074 1266 sugi-

244 1279 391 1319 endum
411 1277 544 1330 potins
577 1278 626 1317 ab
654 1276 722 1316 ista
747 1277 833 1317 aula
858 1276 1018 1326 censeo,
1061 1276 1118 1314 uti
1150 1270 1280 1315 fecisse
1307 1276 1550 1315 meminimus
1580 1272 1769 1325 jacobum
1801 1272 1868 1326 (e)
1898 1272 2074 1313 Primum

247 1341 492 1392 Arragonum
507 1337 673 1390 Regem:
687 1337 777 1377 cum
797 1338 928 1388 inique
950 1336 988 1376 se
1005 1336 1173 1388 opprimi
1200 1333 1376 1374 cerneret
1390 1335 1437 1374 ab
1459 1334 1525 1382 iis,
1541 1334 1606 1385 qui
1636 1332 1760 1385 ipsum
1784 1332 2002 1373 educabant
2034 1332 2074 1372 δε

246 1397 497 1440 constrictum
520 1397 626 1450 quali
651 1398 836 1437 tenebant
866 1398 905 1436 in
920 1407 1086 1436 carcere.
1147 1394 1296 1446 Neque
1309 1396 1418 1434 aliter
1442 1395 1543 1434 aulas
1568 1391 1654 1432 istas
1681 1394 1978 1446 appellaverim,
2005 1393 2074 1432 ubi

245 1461 286 1500 in
309 1471 359 1499 eo
378 1457 610 1510 potiffimnm
632 1457 870 1506 elaboratur,
893 1465 938 1495 ut
965 1456 1147 1496 voluntas
1174 1454 1211 1494 δε
1239 1455 1436 1495 arbitrium
1467 1453 1651 1505 Principis
1677 1455 1717 1493 in
1748 1462 1903 1504 turpem
1929 1451 2074 1505 rediga-

246 1530 308 1561 tur
324 1519 549 1560 servitutem
564 1547 576 1567 ,
601 1528 732 1569 neque
750 1519 789 1557 in
812 1518 932 1557 ullam
964 1515 1044 1556 sese
1069 1514 1171 1555 ultro
1197 1524 1372 1567 partem,
1401 1514 1439 1554 δι
1466 1525 1538 1567 pro
1563 1513 1673 1553 libitu
1691 1514 1723 1553 is
1739 1511 1898 1553 flectere
1921 1512 2074 1561 siniturg

249 1579 316 1621 sed
340 1580 406 1619 vel
428 1579 574 1618 invitus
593 1578 776 1626 trahitur,
804 1575 884 1629 quo
908 1578 1048 1616 volunt
1070 1576 1202 1625 aulici,
1227 1574 1275 1614 ad
1293 1586 1383 1616 eum
1407 1572 1531 1615 ferme
1557 1571 1741 1623 modum,
1773 1585 1853 1625 quo
1876 1583 1973 1624 aqua
2003 1584 2073 1625 per

244 1638 427 1680 occultos
454 1640 604 1677 canales
622 1637 704 1677 solo
726 1637 794 1676 usu
819 1637 858 1676 δε
880 1637 957 1688 agri
975 1634 1170 1676 beneficio
1199 1634 1363 1675 ducitur.
1425 1633 1534 1687 Quid
1558 1632 1754 1685 proderit,
1777 1633 1941 1682 amabo,
1969 1633 2076 1672 bona

246 1700 398 1740 indoles
418 1697 456 1736 &
478 1696 682 1745 educatio,
705 1695 733 1734 fi
758 1696 923 1746 Principi
939 1693 1096 1742 videre,
1119 1695 1274 1741 audire,
1292 1695 1404 1741 scire,
1430 1696 1499 1733 alia
1518 1694 1730 1742 nonlicet,
1758 1692 1875 1745 quam
1895 1703 1980 1744 quae
2007 1703 2075 1732 cu·-

244 1762 359 1813 piunt
376 1759 425 1807 ii,
460 1758 527 1808 quvi
543 1757 661 1796 latera
684 1754 800 1807 ipsius
824 1752 993 1807 stipant?
1023 1752 1131 1807 Quid
1146 1754 1230 1792 miri
1250 1749 1350 1806 (f)
1379 1752 1530 1805 Regem
1546 1751 1782 1800 Henricum,
1802 1753 1885 1803 ejus
1906 1754 2075 1792 nominis

245 1819 465 1872 Quartum,
490 1814 662 1854 Castellae
684 1814 836 1865 Regem
858 1823 936 1853 tam
956 1812 1114 1852 evai'lffe
1130 1811 1354 1859 socordem,
1381 1820 1460 1850 tam
1486 1813 1534 1850 in·
1546 1812 1626 1849 aliis
1645 1811 1825 1852 omnibus
1854 1811 1991 1863 Joanni
2008 1809 2075 1852 Se-

242 1877 380 1919 cundo
406 1872 508 1916 Patri
525 1874 594 1914 suo
614 1873 713 1925 Regi
737 1872 916 1919 similem,
942 1869 1193 1923 posteaquam
1211 1871 1309 1910 inter
1335 1869 1492 1909 eosdem
1518 1868 1736 1909 adulatores
1766 1873 1954 1911 enutritus
1975 1870 2074 1920 fuit,

246 1940 316 1992 qui
335 1934 464 1977 eidem
483 1933 601 1989 ipsius
618 1931 719 1973 Patri
737 1934 843 1985 regni
859 1929 958 1971 male
975 1929 1220 1971 administrati
1239 1929 1363 1970 caussa
1392 1925 1581 1970 extitere?
1610 1929 1705 1969 mihi
1726 1929 1806 1969 hoc
1831 1930 1975 1981 modo,
1992 1930 2074 1973 tam

247 1996 400 2042 άδόνᾰίον
415 1993 494 2044 est,
517 1996 557 2034 in
577 1994 662 2034 aula
677 1990 777 2033 male
802 1990 973 2032 instituta
995 1991 1212 2043 Principem
1235 1986 1393 2030 formari
1409 1991 1586 2037 bonum,
1608 1987 1725 2040 quam
1748 1987 1894 2029 rectam
1916 1989 2006 2030 duci
2031 1992 2074 2030 li-

246 2069 360 2099 neam
382 2055 432 2097 ad
456 2053 655 2095 distortam
674 2053 856 2106 regulam.
918 2049 1062 2091 Nullus
1082 2052 1135 2090 ibi
1148 2049 1207 2090 est
1226 2052 1374 2103 paries,
1396 2061 1513 2102 quem
1534 2060 1669 2089 manus
1690 2048 1828 2088 lasciva
1850 2049 2074 2090 obscoenita-

247 2119 352 2159 tibus
370 2116 443 2157 suis
458 2127 540 2156 non
557 2114 746 2167 denigret,
806 2110 952 2152 Nullus
969 2109 1149 2164 angulus,
1174 2111 1238 2163 qui
1265 2110 1457 2163 perditam
1479 2108 1640 2149 vivendi
1672 2110 1865 2150 licentiam
1895 2121 1966 2162 per
1990 2122 2073 2151 rno-

248 2178 343 2218 dum
361 2173 482 2218 echas
503 2186 586 2217 non
611 2173 776 2214 resonet.
841 2171 1055 2226 Quotquot
1071 2173 1196 2211 aulam
1217 2169 1466 2222 frequentant
1479 2200 1492 2219 ,
1512 2169 1678 2210 totidem
1703 2167 1889 2222 magistri,
1907 2169 1946 2210 δι
1963 2172 2073 2210 velut

248 2238 347 2279 ideae
367 2237 452 2277 sunt
468 2236 678 2287 Principist
708 2235 828 2284 longo
845 2234 949 2272 enim
970 2231 1037 2271 usu
1069 2230 1108 2271 ’δε
1129 2231 1425 2271 conversatione
1452 2228 1584 2285 singuli
1610 2230 1650 2270 in
1679 2239 1729 2269 eo
1752 2231 1978 2281 imprimunt
2008 2231 2073 2270 ali·

251 2297 363 2351 quid,
384 2295 492 2349 quod
518 2305 583 2335 aut
604 2292 783 2346 prodeffe
814 2293 945 2345 poffit,
971 2302 1037 2331 aut
1057 2301 1223 2338 nocere3
1248 2290 1287 2331 &
1314 2299 1460 2342 quanto
1476 2300 1609 2332 natura
1631 2290 1670 2329 in
1685 2289 1767 2341 ipso
1787 2292 1903 2343 magis
1923 2288 1979 2330 est
2003 2290 2072 2330 do-

247 2359 352 2406 cilis,
374 2355 485 2397 tanto
505 2354 652 2395 facilius
664 2350 855 2405 citiusque
883 2363 1014 2393 mores
1038 2351 1273 2392 domesticos
1296 2351 1459 2391 imbibit.
1521 2349 1653 2391 Aussm
1676 2348 1781 2402 pene
1809 2349 1960 2399 dicere,
1987 2359 2071 2391 tum

249 2416 471 2470 Principem
497 2414 583 2456 fore
602 2415 752 2454 bonum
767 2442 780 2462 ,
800 2413 890 2454 cum
914 2413 1043 2452 bonos
1065 2412 1243 2452 habuerit
1266 2409 1477 2458 ministros;
1493 2412 1658 2460 malum,
1678 2410 1766 2449 cuin
1783 2411 1918 2450 malos.
1979 2409 2071 2451 Gal-

250 2477 302 2518 ba
321 2477 536 2530 Imperator
553 2473 656 2515 testis
674 2472 747 2514 est:
778 2472 852 2526 (g)
881 2473 1103 2522 Amicorum,
1123 2472 1407 2526 libertormnqzae,
1424 2471 1482 2511 ubi
1502 2474 1538 2512 in
1562 2470 1660 2512 bonos
1690 2467 1850 2524 incidiffi’t
1863 2468 1938 2522 fine
1955 2479 2072 2523 repre-

251 2534 397 2591 hetfflone
410 2538 573 2590 patiens;
583 2533 620 2587 fi
635 2535 716 2574 mali
727 2530 874 2585 forent,
891 2529 992 2587 usque
1010 2531 1062 2572 ad
1075 2533 1208 2584 culpam
1222 2534 1377 2584 ignarus.

368 2595 404 2649 §.
435 2595 528 2637 Nec
544 2596 629 2635 satis
640 2596 713 2635 erit
725 2594 830 2634 sicin
842 2594 926 2633 aula
939 2591 1162 2632 reformasse
1180 2590 1317 2644 figuras
1336 2593 1447 2632 vivas
1468 2600 1584 2643 atque
1604 2591 1808 2639 animatas,
1829 2588 1878 2630 ad
1886 2590 2067 2631 inanimas

254 2666 414 2711 quoque
431 2655 687 2704 veniendum,
713 2655 791 2695 hoc
807 2652 862 2694 est
878 2682 890 2703 ,
916 2662 961 2693 ut
977 2651 1118 2693 statuas
1136 2652 1174 2692 δι
1193 2651 1379 2705 picturas:
1406 2653 1581 2704 quamvis
1597 2652 1698 2691 enim
1723 2652 1861 2690 coelurn
1886 2659 1950 2690 aut
1961 2652 2069 2702 peni-

251 2718 362 2758 cillus
378 2728 459 2758 non
484 2716 555 2757 nisi
581 2724 698 2756 mutae
715 2713 788 2755 sint
806 2715 943 2768 linguae
959 2740 973 2762 ‚
1004 2713 1244 2766 experientia
1267 2721 1397 2752 tamen
1422 2713 1556 2753 docuit
1575 2710 1623 2751 ad
1645 2710 1952 2763 persuadendum
1971 2712 2069 2750 mul-

253 2777 299 2818 to
321 2776 396 2818 esse
414 2772 702 2817 facundissimas.
762 2771 893 2828 Quam
906 2773 953 2813 ad
968 2775 1097 2826 gloriae
1114 2772 1367 2826 cupiditatem
1386 2771 1600 2813 exstimulat
1619 2771 1827 2812 Alexandri
1847 2769 1984 2823 Magni
1999 2769 2069 2810 sta·

254 2835 343 2881 tua!
375 2837 505 2891 Quam
525 2835 763 2876 inflammant
795 2833 842 2874 ad
860 2833 1058 2874 libidinem
1079 2834 1217 2886 impuri
1242 2831 1350 2884 Jovis
1369 2844 1519 2873 amores
1536 2830 1682 2885 depicti
1701 2834 1739 2872 in
1753 2830 1901 2871 tabula!
1961 2830 2069 2883 Quin

254 2896 338 2938 imo
355 2898 393 2938 in
411 2896 600 2948 ejusmodi
617 2897 812 2948 plerisque
830 2895 945 2934 rebus
968 2893 1087 2946 magis
1105 2920 1119 2943 ,
1151 2891 1265 2945 quam
1289 2891 1329 2932 in
1354 2892 1522 2933 honestis
1543 2901 1687 2933 naturae
1708 2889 1844 2930 nostrae
1874 2901 2067 2943 corruptae

255 2958 356 2998 vitio
380 2957 589 3008 triumphat
604 2967 690 3006 ars,
721 2955 760 2995 &
778 2954 945 3008 primum
970 2952 1127 3005 quidem
1142 2953 1371 2993 excellentia
1391 2953 1539 2994 artificii
1560 2963 1677 3005 opera
1697 2949 1764 2989 ista
1775 2947 1945 2991 aestimari
1958 2950 2066 3000 facit,

255 3016 346 3070 post
361 3017 458 3058 vero
478 3016 628 3057 lascivia
647 3015 695 3056 ad
715 3017 852 3056 oculos
874 3016 988 3055 etiam
1007 3012 1260 3055 oblectandos
1281 3012 1415 3054 iisdem
1434 3015 1599 3067 parietes
1614 3009 1752 3052 vestire
1782 3008 1906 3063 gestit.
1975 3007 2068 3111 gh)

2010 3083 2068 3111 um

354 3162 411 3203 (a)
436 3135 590 3209 Quintil.
617 3155 699 3193 dial.
718 3158 762 3192 de
784 3156 889 3193 ora-t.
947 3157 1012 3204 (b)
1041 3153 1170 3206 Quint.
1194 3153 1281 3190 ibid.
1333 3158 1391 3202 (c)
1416 3152 1588 3203 Eurip.in
1608 3151 1756 3201 Hippoi.
1808 3153 1870 3198 (a)
1895 3150 2013 3189 Tacit.
2038 3152 2064 3189 1.

266 3220 297 3246 ι.
318 3208 397 3247 hist.
448 3214 506 3259 (e)
533 3211 627 3247 Mar.
650 3208 739 3246 Hist.
759 3208 858 3257 Hisp.
881 3209 905 3245 l.
931 3219 987 3245 xz.
1006 3220 1037 3244 c.
1060 3219 1093 3253 5.
1145 3205 1212 3256 (f)
1238 3209 1326 3245 Mar.
1351 3207 1440 3246 Hist.
1460 3205 1558 3257 Hisp.
1575 3203 1638 3243 lib.
1658 3217 1719 3243 22„
1737 3216 1770 3241 c.
1796 3216 1853 3249 ις.
1904 3206 1971 3255 (g)
1996 3205 2063 3241 Ta-

261 3260 322 3300 cit,
340 3261 402 3300 lib.
425 3274 454 3301 1.
474 3262 551 3301 hist.
601 3262 663 3308 (h)
690 3260 795 3298 Arist.
818 3273 854 3308 7.
872 3259 975 3311 polit.
995 3273 1026 3298 c.
1050 3271 1109 3307 17.
