2132 3730
269 242 350 274 120
723 221 1072 266 DJDACJ
1124 223 1657 269 SAAVEDRAE.

664 285 1603 298 *Qm—
1729 293 1736 299 ,
1850 292 1974 300 -ο-
1983 294 1987 299 ,
2034 292 2063 301 ..—

255 314 351 354 iilud
372 313 445 361 est,
470 322 511 351 ut
528 322 596 362 per
623 308 896 357 experientiam
912 305 1018 346 nosse
1048 305 1267 346 condiscant
1294 308 1494 347 hominum
1517 309 1745 363 singulorum
1769 323 1941 360 naturaS‚
1973 324 2064 362 quas

254 386 310 413 ex
334 372 493 420 amffiu,
524 380 573 407 ex
596 365 771 417 aspectu,
802 378 850 406 ex
884 366 1104 415 actionum,
1125 368 1404 419 oculorumque
1428 377 1538 407 motu
1553 398 1565 421 a
1592 381 1645 409 >ex
1669 372 1797 412 verbis
1827 371 1999 421 deniq-ue
2025 372 2067 409 li.

255 434 363 473 cebit
392 429 466 482 (a)
494 427 729 479 perspicere:
759 425 866 478 quod
881 426 1060 465 indicium
1080 435 1156 466 tam
1173 426 1346 466 humanae
1376 429 1658 469 conversationi
1684 433 1925 471 conveniens
1957 430 2067 469 duxit

256 493 337 544 ipse
356 491 485 535 Deus,
511 496 554 525 ut
580 485 672 526 illud
687 487 725 525 in
751 486 980 538 singulorum
998 487 1217 537 inscriptum
1234 485 1426 526 frontibus
1451 487 1575 538 palam
1596 490 1824 530 intuentium
1853 491 1973 529 oculis
2003 500 2067 528 ex-.

256 558 435 604 poneret.
494 547 656 597 Absque
678 557 749 594 eo,
778 558 851 585 nec
867 545 1047 597 Princeps
1071 543 1177 584 reste
1205 547 1391 596 imperare
1419 552 1596 598 noverit,
1626 561 1699 588 nec
1725 552 1790 601 qui
1816 552 1970 599 negotia
2000 560 2067 588 cu-

255 619 336 657 rat,
360 607 436 647 fine
454 607 520 646 suo
543 607 672 657 potiri.
732 605 946 645 Hominum
965 607 1077 645 animi
1102 603 1210 656 aeque
1232 607 1324 644 varii
1343 607 1447 655 sunt,
1469 619 1513 646 ac
1535 609 1686 655 vultus3
1720 608 1798 663 (b)
1831 610 1869 649 δι
1894 611 1984 648 licet
2014 619 2070 647 ra·

258 670 314 708 tio
341 669 380 706 in
401 665 438 706 se
454 678 529 706 una
545 665 583 705 &
604 665 740 705 eadem
763 666 830 715 ⁴sit,
862 665 1018 704 diversae
1043 674 1170 703 tamen
1186 665 1269 703 sunt
1287 666 1386 715 viae,
1412 678 1485 718 per
1515 680 1608 719 quas
1639 669 1878 707 ratiocinatio
1901 680 1984 707 eam
2015 670 2080 707 inu!

256 725 437 780 vestigat:
467 726 504 766 δε
518 726 639 765 solent
655 725 845 766 illusiones
866 726 924 764 vis
942 725 1299 777 imaginatricistam
1321 724 1400 766 effe
1423 728 1603 778 grandes,
1630 736 1678 766 >ut
1707 728 1882 767 homines
1900 727 2069 767 nonnul-

257 788 284 826 li
314 787 416 826 bruti
432 786 584 839 prorsus
609 785 646 824 δε
665 785 821 825 rationis
854 795 1032 836 expertes
1055 784 1270 825 videantur.
1334 784 1465 836 Quare
1490 799 1569 827 uno
1600 786 1638 826 δε
1666 787 1805 826 eodem
1829 786 1950 827 modo
1980 798 2071 825 cum

253 847 439 886 omnibus
462 847 520 898 agi
535 857 616 886 non
633 844 781 897 potest,
810 844 876 884 sed
895 846 1039 884 variare
1059 856 1153 884 reum
1171 853 1349 896 oportet,
1368 855 1441 895 pro
1455 843 1675 886 diversitate
1691 858 1834 886 naturae
1854 846 1973 893 illius,
1989 847 2070 896 qui—
2092 855 2095 859 ’

253 918 348 946 cum
364 908 520 959 negotia
545 904 739 945 tractanda
760 908 843 944 sunt
859 933 872 953 ,
896 904 1102 944 non-secus
1131 916 1175 943 ac
1204 915 1313 943 oreas
1331 904 1371 943 in
1390 902 1517 943 fraenis
1532 917 1604 956 pro
1621 909 1807 945 varietate
1840 907 1916 945 oris
1941 905 2071 956 equini

255 975 406 1006 mutare
427 967 624 1012 convenit,
681 964 836 1017 Ingenia
857 963 1030 1015 quaedam
1044 964 1226 1017 generosa
1245 963 1357 1012 sunt,
1386 963 1425 1002 &
1440 964 1488 1002 ad
1506 976 1641 1016 magna
1665 968 1934 1006 connituntur:
1968 963 2072 1015 apud

258 1025 325 1065 ista
340 1027 470 1065 valent
482 1026 688 1077 plurimum
703 1025 830 1066 media
855 1023 1016 1063 ‘honoris
1035 1024 1072 1064 δε
1097 1025 1239 1076 gloriae.
1300 1024 1385 1062 Alia
1410 1025 1569 1065 humilia
1593 1024 1635 1063 -&
1663 1025 1832 1076 abJeeta,
1863 1037 1947 1076 quae
1974 1024 2072 1062 utili=¹

255 1086 401 1124 tatibus
424 1083 546 1124 solum
569 1084 605 1123 ἃ
624 1083 841 1124 commodis
865 1085 1031 1135 propriis
1046 1085 1132 1135 capi
1157 1083 1195 1122 se
1225 1082 1362 1123 sinunt.
1423 1082 1612 1136 Quaedam
1636 1084 1797 1135 superba
1820 1084 1929 1131 sunt,
1959 1083 1997 1122 &
2023 1078 2072 1120 ad

254 1144 479 1184 audendum
509 1142 701 1196 projecta:
731 1156 821 1183 curn
850 1143 907 1183 his
931 1143 982 1183 fic
1011 1142 1224 1195 agendum,
1254 1151 1297 1181 ut
1330 1140 1351 1181 a
1382 1144 1595 1194 praecipitio
1626 1142 1862 1187 abducantur
1891 1143 2067 1181 suaviter.

257 1204 344 1244 Alia
367 1205 504 1257 ignava
522 1216 566 1242 ac
583 1203 737 1252 timida,
766 1203 804 1242 &
827 1203 909 1242 haec
927 1203 974 1242 ad
987 1204 1143 1255 negotia
1163 1204 1214 1241 ita
1233 1201 1495 1242 manuducere
1512 1212 1677 1255 oportet
1691 1233 1703 1251 ‚
1723 1213 1766 1242 ut
1781 1203 1942 1254 periculi
1968 1202 2076 1239 vani*

256 1273 379 1304 tatem
405 1263 618 1317 agnoscant.
678 1261 872 1316 'Quaedam
892 1262 1034 1302 servilis
1061 1261 1293 1301 conditionis
1308 1261 1413 1301 sunt:
1442 1262 1480 1301 δε
1509 1262 1612 1314 apud
1628 1261 1698 1302 ista
1724 1263 1810 1314 plus
1838 1262 1975 1301 virium
2003 1261 2070 1300 ha·

256 1324 380 1372 bent,
409 1325 520 1363 minae
553 1323 590 1362 ὅτ
616 1333 813 1374 poenarum
844 1331 994 1372 metus,
1025 1320 1140 1373 quam
1168 1332 1316 1373 preces.
1380 1322 1466 1360 Alia
1491 1323 1721 1373 arrogantia:
1753 1331 1870 1372 atque
1889 1321 1974 1359 vhaec
2002 1332 2073 1358 au·
2110 1314 2112 1317 ’

256 1382 440 1422 >ctoritate
464 1384 502 1422 in
520 1384 622 1421 viam
640 1382 772 1422 reduci
788 1380 963 1433 poffunt3
992 1381 1230 1421 submissione
1247 1380 1406 1420 omnino
1420 1379 1566 1432 peffum
1583 1392 1688 1420 eunt.
1749 1380 2074 1430 Nonnullaignea

258 1442 363 1491 sunt,
392 1442 487 1482 &in
514 1440 663 1494 agendo
681 1450 757 1482 tarn
779 1440 978 1492 expedita,
1007 1451 1052 1480 ut
1068 1440 1203 1481 eadem
1226 1440 1443 1491 celeritate,
1475 1452 1548 1491 qua
1569 1441 1769 1492 negotium
1787 1440 1948 1490 aliquod
1964 1451 2073 1489 pera-

257 1513 378 1555 ·gunt,
409 1501 568 1542 eosdem
586 1500 678 1540 'faciti
694 1512 787 1541 mox
803 1502 1003 1552 poeniteat:
1034 1499 1071 1539 &
1091 1500 1150 1539 his
1173 1500 1372 1539 consilium
1403 1498 1492 1538 dare
1522 1499 1672 1539 difficile
1698 1499 1766 1539 est.
1825 1498 1910 1538 Alia
1928 1498 2073 1536 tardio-
2121 1507 2127 1514 “

258 1575 302 1602 ra
323 1562 425 1610 sunt,
456 1561 494 1600 δε
515 1561 619 1612 quasi
645 1562 792 1612 semper
806 1561 843 1598 in
862 1560 1013 1611 ancipiti
1028 1560 1191 1598 haerent:
1222 1559 1304 1598 haec
1319 1559 1473 1598 suismet
1489 1558 1658 1607 damnis,
1690 1571 1778 1598 cum
1795 1566 1975 1609 tempore
1989 1568 2073 1595 eru—2
2122 1560 2125 1564 '

258 1621 330 1660 diri
351 1621 521 1666 debent3
549 1632 638 1658 nam
658 1619 723 1658 ista
744 1619 958 1670 siurgeant,
987 1619 1168 1669 paulatim
1194 1618 1268 1657 sese
1286 1618 1503 1658 demittunt.
1562 1620 1702 1669 Aliqua
1722 1617 1828 1657 rudia
1849 1617 1932 1656 sunt
1950 1615 2073 1655 &stus

256 1680 369 1733 pida:
400 1680 482 1718 haec
499 1677 767 1717 convincenda
787 1686 867 1716 non
889 1678 1121 1728 argumentis
1141 1677 1357 1724 subtilibus,
1389 1677 1453 1718 sed
1477 1686 1561 1728 quae
1586 1679 1762 1718 manibus
1787 1677 1887 1728 tangi
1924 1675 2073 1726 possint.

261 1741 348 1782 Alia
364 1740 403 1778 in
424 1737 742 1789 disceptationem
761 1737 1073 1785 vocant‘omnia1,
1106 1735 1144 1774 &
1167 1737 1343 1775 acumine
1356 1736 1477 1774 nimio
1501 1747 1607 1775 extra
1633 1738 1773 1776 limites
1797 1737 1961 1775 abeunt:
1993 1736 2077 1773 haec

260 1800 332 1840 fibi
348 1795 595 1849 relinquenda
609 1826 621 1845 ‚
651 1804 694 1835 ut
716 1795 828 1835 instar
843 1793 1065 1843 falconum,
1094 1796 1145 1834 ita
1169 1794 1326 1834 sublime
1347 1793 1538 1845 ferantur,
1571 1795 1698 1835 donec
1715 1794 1988 1848 defatigemur,
2004 1805 2076 1846 po*

262 1858 341 1900 stea
360 1858 516 1897 demum
539 1856 585 1895 ad
604 1855 898 1894 tintinnabulum
915 1856 1069 1893 rationis
1089 1854 1310 1893 revocanda
1342 1854 1446 1902 sunt,
1475 1854 1513 1893 δε
1539 1855 1586 1894 ad
1611 1856 1832 1907 negotium,
1863 1853 1968 1905 quod
1998 1865 2077 1905 prta
2122 1874 2124 1877 f

262 1918 437 1959 manibus
457 1915 522 1955 est.
585 1913 771 1967 Quaedam
801 1924 916 1952 omne
942 1914 1101 1951 aliorum
1115 1912 1301 1962 judicium
1325 1912 1505 1962 respuunt
1530 1914 1569 1952 δε
1597 1916 1665 1953 suo
1688 1916 1848 1965 proprio
1879 1913 2078 1954 dumtaxat

262 1978 394 2018 innixa
421 1975 496 2014 sese
519 1974 704 2025 dirigunt:
733 1973 792 2011 his
814 1971 1016 2010 consilium
1047 1971 1135 2009 dare
1149 1983 1229 2010 non
1247 1969 1406 2022 expedit
1422 2000 1434 2019 ‚
1464 1970 1528 2010 sed
1545 1971 1666 2010 solum
1695 1973 1797 2022 quasi
1816 1974 1936 2023 digito
1954 1975 1991 2010 in
2013 1973 2075 2010 illa

265 2035 486 2083 intendere,
516 2035 592 2073 late
608 2034 651 2072 iis
670 2044 749 2072 rem
762 2040 915 2071 omnem
933 2030 1168 2082 exponendo
1181 2060 1192 2079 ,
1223 2040 1267 2069 ut
1285 2029 1388 2069 ultro
1408 2031 1451 2069 iis
1468 2040 1689 2079 occurrant,
1721 2030 1759 2069 &
1776 2040 1869 2069 tunc
1891 2040 2076 2080 tanquam
2121 2041 2123 2046 ·

266 2096 382 2138 foetus
399 2095 486 2134 suos
510 2093 711 2145 proprios,
742 2091 780 2131 δε
804 2091 1042 2142 approbent,
1073 2089 1110 2128 δε
1132 2099 1384 2140 exequantur.
1443 2090 1527 2128 Alia
1549 2101 1622 2128 nec
1649 2100 1758 2142 agere
1781 2092 1982 2140 quicquam
2010 2088 2077 2128 scie

267 2167 359 2206 unt,
388 2165 462 2194 nec
491 2153 569 2191 fine
591 2152 748 2191 consilio
765 2152 889 2190 alieno
905 2151 998 2189 certi
1016 2148 1155 2200 aliquid
1169 2148 1333 2188 statuere
1347 2177 1359 2196 ‚
1371 2147 1472 2199 apud
1489 2148 1672 2198 ejusmodi
1687 2148 1863 2188 homines
1874 2148 2003 2188 frustra
2021 2147 2075 2187 est

269 2215 394 2255 omnis
410 2212 624 2265 persuafio‚
656 2210 834 2262 adeoque
857 2208 962 2261 quod
980 2221 1067 2248 cum
1087 2210 1130 2248 iis
1145 2207 1384 2247 tractandum
1406 2207 1551 2257 fuerat,
1582 2207 1717 2247 melius
1727 2219 1796 2260 per
1820 2219 1954 2248 eorum
1970 2207 2074 2248 Con³
2123 2207 2129 2251 ;ἶ

269 2275 446 2322 siliarios,
473 2274 641 2320 aliosve,
676 2282 774 2322 quos
792 2269 860 2322 ipsi
889 2282 967 2321 prae
984 2270 1136 2320 reliquis
1155 2280 1263 2308 caros
1294 2268 1455 2316 habent‚
1486 2270 1651 2307 accurari
1678 2269 1836 2319 poterit.
2124 2267 2127 2277 '

419 2333 457 2384 §.
488 2331 635 2372 Eadem
644 2332 828 2378 varietas,
839 2341 922 2380 quoe
935 2331 972 2369 in
986 2330 1142 2383 ingeniis
1160 2330 1338 2376 cernitur,
1354 2328 1493 2379 pariter
1511 2329 1549 2367 in
1565 2329 1728 2379 negotiis
1741 2329 1939 2379 reperitur,
1956 2325 2077 2378 Quae*

271 2395 360 2436 dam
383 2393 492 2432 initio
513 2390 638 2431 facilia
658 2390 741 2430 sunt
762 2420 775 2438 ‚
804 2388 937 2441 postea
956 2389 1051 2428 verb
1067 2388 1277 2428 fluviorum
1301 2386 1412 2426 instar
1431 2388 1707 2427 incrementum
1738 2387 1888 2427 fiununt
1906 2417 1916 2433 ‚
1949 2387 2076 2424 varim

271 2466 358 2495 rum
387 2449 725 2492 incommodorum
757 2449 795 2489 &
823 2448 1104 2497 difficultatum,
1136 2448 1237 2500 quasi
1255 2449 1464 2487 rivulorum
1494 2445 1661 2487 acceffu:
1690 2447 1772 2485 haec
1799 2447 1994 2485 celeritate
2018 2445 2075 2483 su·

271 2520 454 2567 petantur
473 2541 485 2560 ,
509 2519 552 2550 ut
571 2521 640 2562 per
667 2518 820 2561 tempus
849 2510 892 2548 iis
925 2510 1092 2548 crescere
1110 2520 1189 2548 non
1210 2509 1332 2547 liceat.
1389 2508 1473 2545 Alia
1492 2517 1624 2548 contra
1656 2506 1780 2546 ventis
1811 2506 1894 2545 sunt
1923 2503 2074 2552 similia,

276 2574 342 2625 qui
360 2571 562 2613 nascuntur
582 2580 670 2609 cum
698 2571 846 2621 impetu
863 2598 875 2617 ‚
906 2567 944 2606 &
963 2569 1097 2607 leniter
1117 2567 1307 2607 desinunt:
1338 2567 1375 2606 in
1395 2567 1436 2605 iis
1456 2567 1653 2606 tolerantia
1671 2564 1955 2616 constantiaque
1973 2573 2073 2614 opus

274 2632 341 2677 est,
402 2630 488 2672 Alia
505 2641 586 2670 non
610 2628 678 2669 nisi
693 2639 780 2668 cum
800 2627 1068 2668 incertitudine
1088 2628 1125 2667 &
1154 2624 1324 2679 periculo
1337 2635 1554 2674 tentantur3
1586 2626 1671 2678 quia
1688 2626 1755 2665 ubi
1779 2623 1935 2665 minime
1946 2633 2072 2675 putes,
2124 2636 2129 2658 ς

274 2692 538 2733 difficultatum
568 2688 710 2728 fundus
735 2688 810 2728 sese
841 2689 961 2739 aperit
987 2697 1002 2739 3
1046 2689 1083 2726 in
1118 2689 1175 2727 his
1209 2684 1322 2726 caute
1348 2685 1638 2738 procedendum
1666 2685 1703 2725 &
1732 2684 1904 2732 fortiter,
1926 2683 2073 2732 semper
2124 2695 2127 2739 j

275 2761 509 2792 cum‘conto
527 2751 565 2790 in
582 2761 696 2788 manu
713 2778 726 2798 ‚
758 2747 796 2788 ὃς
814 2749 940 2787 animo
960 2747 1137 2787 adversus
1158 2758 1427 2799 quemcunque
1460 2749 1584 2786 casum
1606 2746 1768 2785 munito.
1827 2744 1868 2783 ln
1889 2742 2072 2792 aliquibus
2122 2746 2127 2795 ζ

275 2813 465 2859 secretum
494 2808 679 2861 expedit:
708 2809 771 2848 hic
794 2808 977 2847 cuniculis
999 2805 1235 2847 clandestinis
1261 2805 1449 2858 agendum
1467 2835 1480 2854 ‚
1509 2815 1554 2846 ut
1580 2804 1762 2845 successus
1781 2803 1928 2844 felicior
1951 2812 2077 2839 eruina
2122 2806 2126 2842 J

275 2880 344 2925 pat
366 2868 480 2918 ante,
511 2868 624 2921 quam
643 2868 792 2907 adverti
811 2868 934 2919 polilt.
992 2869 1077 2906 Alia
1104 2867 1267 2906 obtineri
1284 2874 1500 2917 nequeunt,
1528 2865 1596 2906 nisi
1614 2875 1716 2905 certa
1734 2863 1915 2915 temporis
1931 2868 2077 2911 oppet-
2124 2860 2129 2914 ζ’

277 2931 439 2970 tunitate
455 2960 467 2979 ‚
497 2930 534 2968 in
566 2929 623 2967 his
644 2927 769 2967 media
790 2929 917 2966 omnia
939 2925 985 2965 ad
1006 2938 1157 2966 manum
1182 2926 1323 2966 habere
1337 2935 1496 2977 oportet
1512 2955 1524 2974 ‚
1554 2925 1592 2965 &
1611 2924 1806 2977 disposita,
1836 2930 1880 2960 ut
1899 2920 2008 2960 simul
2022 2930 2078 2960 at-

279 3001 355 3043 que
370 2988 612 3029 secundiores
637 2989 743 3027 venti
766 2987 858 3027 flare
876 2989 1060 3039 coeperint
1076 3016 1088 3037 ,
1119 2997 1212 3026 mox
1230 2985 1443 3037 pandantur
1464 2987 1562 3026 vela.
1640 2983 1838 3024 Nonnulla
1862 2976 1995 3021 sensim
2018 2994 2077 3020 ra-

2021 3040 2076 3080 di-

383 3188 440 3233 (a)
464 3183 627 3220 AmiHus
649 3183 792 3230 corporis
806 3180 851 3223 ὠ
866 3180 952 3226 ristas
969 3181 1143 3219 dentium,
1170 3177 1215 3221 (jv
1232 3179 1395 3229 ingnffits
1415 3178 1560 3216 hominis
1581 3178 1770 3214 enuntiant
1794 3176 1835 3213 de
1852 3177 1918 3213 illo.
1945 3177 2075 3213 Eccles.

284 3248 342 3281 19.
367 3248 428 3284 27.
484 3237 545 3284 (b)
572 3240 627 3272 Ex
641 3233 720 3281 visit
735 3232 940 3286 cognostitur
953 3236 1032 3272 vir,
1053 3231 1098 3275 ᾧ
1115 3229 1159 3269 ab
1175 3231 1306 3279 occttrfit
1320 3231 1438 3282 faciei
1450 3228 1655 3283 cognosc'itur
1663 3227 1832 3276 stafiatus.
1859 3229 1987 3266 Ecclcs.
2018 3240 2073 3274 19.

278 3299 341 3335 »27-
