2132 3730
485 171 1443 218 SYMBOLAPOLJTJCA.
1784 180 1837 230 69

0 281 3 313 ;
72 270 158 303 toto
174 258 393 310 orbdosue
412 267 554 296 nomen
571 255 644 309 (a)
672 254 765 295 fecit
796 255 1048 294 inclarescere.
1110 254 1208 294 Boni
1234 255 1414 307 Principis
1442 254 1609 296 actiones
1640 269 1773 297 omnes
1801 260 1839 299 δε

0 331 3 349 ³
71 320 225 361 consilia
241 328 327 357 curn
347 314 476 368 plausu
502 317 638 368 accipit
651 314 841 366 populus,
870 313 908 353 &
935 315 997 366 pia
1022 315 1182 366 quadam
1212 325 1299 353 curn
1325 314 1462 354 fiducia
1482 315 1683 368 prosperos
1705 328 1841 359 eorum

1 371 3 395 ³
69 377 250 421 success'us
267 374 333 415 sibi
348 376 571 426 pollicetur,
601 373 706 426 quod
719 373 748 413 fi
763 374 934 413 evenerit
948 375 1051 413 aliter
1064 403 1076 423 ‚
1095 370 1207 426 plane
1226 371 1293 411 fibi
1312 373 1528 424 persuadet,
1545 377 1596 414 ob
1615 374 1708 415 fines
1725 388 1840 427 quos-

0 461 3 464 <
70 438 156 479 dam
177 436 325 475 altiores
353 433 390 473 &
414 435 628 486 incognitos
650 434 703 472 ita
718 434 834 485 magis
864 433 1091 472 conducere.
1151 430 1321 470 Eandem
1355 432 1406 471 ob
1438 433 1595 474 caussam
1625 434 1726 487 apud
1755 435 1838 475 Na-

71 499 192 538 tiones
209 492 389 546 quasdam
409 492 534 545 Reges
552 490 620 548 (b)
640 492 771 531 summi
798 491 1024 531 Sacerdotes
1057 500 1181 538 erant,
1212 498 1254 528 ut
1283 489 1373 530 dum
1400 494 1566 542 populus
1598 496 1840 535 caeremonias

0 592 1 607 ἶ
68 557 203 602 sacrm,
233 553 270 592 &
292 553 436 592 cultum
455 552 625 591 divinum
643 551 749 590 abiis
766 553 978 603 acciperet,
1008 550 1225 603 agnosceret
1244 549 1282 587 in
1301 550 1434 589 iisdem
1457 561 1624 592 naturam
1650 553 1840 605 quandam

0 618 2 642 ³
68 614 316 656 sublimiorem
335 641 348 660 ‚
375 612 568 664 magisque
587 611 839 662 propinquam
858 622 902 650 ac
924 609 1144 650 familiarem
1160 607 1229 659 ipfi
1249 607 1366 658 Deo,
1397 621 1470 660 qua
1496 619 1672 660 tanquam
1698 613 1840 653 media..

0 711 1 727 χ
77 674 170 714 trice
184 674 221 711 in
231 671 406 723 precibus
423 671 492 710 suis
502 672 555 710 uti
568 669 712 722 poss‘et,
725 669 902 709 &contra
915 680 1025 720 quam
1036 668 1127 707 nihil
1137 666 1280 706 temere
1298 677 1481 707 attentare
1500 667 1565 721 (c)
1586 672 1841 720 praesumeret.

0 730 1 741 ¹
70 729 526 781 CoronaAaronis.super
542 732 688 769 mitram
709 726 777 784 (d)
794 729 990 768 attollebat
1016 728 1172 775 oculos,
1202 726 1239 765 &
1269 725 1448 766 desideria
1479 729 1661 769 omnium.
1719 730 1840 781 Jacob

66 790 316 832 venerabatur
339 788 494 840 Josephi
510 788 593 844 (e)
622 791 828 841 sceptrum,
858 799 962 838 cujus
993 788 1140 838 apicem
1157 785 1314 826 Ciconia
1329 785 1511 827 insidebat
1525 816 1538 836 ,
1566 789 1715 839 pietatis
1735 789 1845 837 &re-g

3 856 5 879 ἰ
63 848 211 904 ligionis
227 849 466 899 Symbolum.

3 909 5 915 ⁴
233 912 270 960 §.
303 906 437 947 Nemo
456 905 660 955 existimet,
689 903 786 947 male
805 903 912 957 perdi
931 913 1081 956 tempus
1109 904 1226 953 illud,
1258 904 1363 956 quod
1389 904 1568 958 Princeps
1596 906 1635 945 in
1657 907 1846 948 virtutum

3 1000 6 1018 ι
63 969 174 1022 ponit
194 968 398 1016 exercitio,
427 966 544 1007 immo
563 966 673 1006 Deus
689 966 838 1005 interim
855 965 917 1004 vel
937 962 1101 1003 maxime
1124 976 1249 1004 rerum
1278 974 1440 1004 eventus
1454 966 1671 1005 moderatur
1694 977 1739 1005 ac
1755 966 1844 1006 diri-

4 1028 5 1033 ’
61 1030 128 1082 git.
188 1025 416 1066 Sanctiffimo
446 1024 636 1065 Sacrificio
666 1022 731 1075 pie
751 1025 928 1063 intererat
956 1022 1211 1063 Ferdinandus
1236 1024 1512 1073 Antolinefius,
1544 1024 1635 1064 dum
1656 1024 1703 1064 ad
1720 1024 1840 1064 Duri.

5 1096 6 1135 j
65 1099 128 1127 um
147 1097 294 1126 amnem
323 1085 464 1124 Comes
499 1083 645 1123 Garfias
666 1082 936 1123 Femandefius
965 1095 1050 1122 cum
1076 1082 1222 1122 Mauris
1247 1082 1467 1122 decerneret
1494 1085 1645 1135 praelio,
1677 1083 1715 1124 δι
1746 1095 1843 1124 ecce

62 1147 230 1199 Angelus
251 1146 380 1196 aliquis
397 1156 440 1183 os
456 1144 701 1194 habitumque
722 1143 772 1182 illi
802 1142 926 1182 similis
939 1172 952 1190 ,
970 1143 1094 1182 vicem
1116 1142 1194 1192 ejus
1217 1143 1393 1194 tantisper
1417 1144 1454 1182 in
1477 1154 1603 1194 pugna
1624 1144 1740 1191 obiit,
1762 1155 1849 1195 quo,

63 1204 227 1253 fatitum,
259 1214 302 1242 ut
323 1202 513 1242 infamiam
538 1202 615 1253 ipse
632 1214 712 1242 non
748 1200 933 1254 effugeret
956 1200 1097 1250 solum,
1125 1201 1189 1240 sed
1207 1201 1245 1240 δι
1265 1201 1486 1253 potiffimam
1504 1200 1674 1241 victoriae
1689 1201 1845 1244 laudem

3 1282 7 1293 2
62 1264 271 1316 &gloriam
296 1261 587 1314 indipisceretur.
645 1260 773 1300 Simile
789 1261 981 1312 quippiam
1013 1260 1174 1300 refertur
1205 1260 1253 1299 de
1280 1260 1536 1314 gloriofiffimo
1563 1259 1847 1313 Archistratego

61 1323 216 1363 Comite
236 1320 369 1370 Tillio,
399 1318 509 1371 Josue
535 1316 628 1359 vere
646 1318 876 1368 Christiano,
906 1331 985 1358 non
1007 1319 1128 1359 minus
1151 1319 1300 1368 sansto,
1330 1319 1443 1370 quarn
1457 1319 1550 1359 forti
1576 1332 1620 1359 ac
1636 1319 1842 1370 bellicoso,

5 1381 7 1412 j
56 1383 109 1424 ab
132 1384 204 1422 alio
229 1380 353 1431 aliquo
372 1378 567 1430 personam
588 1378 665 1428 ejus
691 1377 900 1426 referente,
930 1376 1145 1418 instructam
1162 1377 1270 1418 fuisse
1287 1380 1427 1427 aciem,
1458 1379 1548 1418 dum
1566 1379 1644 1430 ipse
1659 1379 1846 1419 Sacerdo-

6 1451 7 1471 1
63 1440 154 1482 tiad
174 1451 273 1479 aram
287 1437 439 1478 facienti
457 1449 529 1489 pro
550 1448 657 1477 more
685 1436 797 1476 dabat
821 1449 989 1489 operam.
1048 1436 1287 1478 Ferdinando
1319 1437 1499 1477 Secundo
1523 1437 1746 1490 Imperatori
1778 1439 1848 1480 sub

61 1501 149 1554 ipfis
181 1499 310 1539 officiis
339 1497 473 1538 divinis
510 1498 617 1549 plura
647 1496 774 1536 oblata
803 1493 911 1537 fuere
938 1498 1097 1548 vexilla,
1131 1496 1480 1549 victoriaevinfignia
1515 1497 1553 1537 &
1588 1500 1849 1549 monimenta,

63 1559 178 1612 quam
198 1560 306 1598 multi
328 1567 376 1597 ex
403 1554 709 1596 Antecefforibus
726 1554 825 1596 hosti
850 1557 1066 1608 eripuerint.
1127 1556 1283 1596 Otiosus
1299 1556 1419 1597 stabat
1432 1556 1650 1597 lsrae’liticus
1679 1554 1758 1613 (f)
1776 1570 1850 1610 po.

6 1658 7 1661 ,
65 1622 195 1672 pulus,
212 1618 250 1658 &
272 1618 363 1657 mira
382 1615 492 1656 Deus
509 1617 548 1656 in
563 1614 736 1656 favorem
763 1616 859 1656 illius
883 1614 1089 1658 factitabat,
1147 1616 1350 1657 AEternum
1386 1617 1528 1656 lucebit
1562 1616 1737 1666 Corona,
1762 1630 1850 1669 quae

63 1678 159 1718 ficut
174 1677 234 1717 illa
254 1675 324 1730 (g)
348 1675 518 1717 Ariadnae
532 1674 798 1726 fulgentiffimis
816 1676 1001 1715 virtutum
1017 1673 1128 1714 stellis
1141 1675 1354 1719 radiaverit.
1414 1674 1619 1725 Septimius
1633 1675 1847 1727 Imperator

63 1737 147 1779 filiis
167 1738 236 1777 suis
258 1735 354 1775 dixit
371 1735 553 1775 moriens:
571 1730 714 1784 firmum
730 1729 796 1782 fist
820 1733 864 1772 iis
893 1731 1117 1786 derelinquere
1148 1732 1352 1785 Imperium,
1367 1731 1405 1784 fi
1432 1732 1507 1774 boni
1532 1731 1650 1785 effent,·
1679 1731 1849 1786 lapstcrum

65 1796 185 1844 brevi,
205 1792 242 1846 fi
262 1794 350 1835 mali.
408 1792 438 1832 F
440 1790 663 1832 erdinandus
681 1791 786 1838 Rex,
815 1791 879 1842 qui
906 1790 928 1829 a
953 1792 1155 1830 virtutibus
1184 1792 1256 1830 suis
1279 1792 1421 1842 magnis
1446 1791 1582 1843 Magni
1609 1804 1846 1845 cognomen.

7 1881 8 1886 =
62 1864 144 1895 tum
169 1854 334 1901 invenit,
362 1849 454 1892 mire
471 1851 601 1890 iisdem
619 1851 722 1899 regni
738 1849 790 1886 sui
806 1849 961 1898 gloriam
983 1851 1104 1896 auxit,
1122 1848 1159 1887 δε
1176 1848 1456 1888 Succefforibus
1474 1848 1663 1889 stabilivit.
1721 1851 1847 1891 Tanta

63 1916 94 1955 is
116 1923 194 1954 erat
210 1913 369 1963 pietate,
389 1919 432 1948 ut
448 1909 535 1947 cum
554 1917 692 1957 corpus
710 1904 746 1943 S.
762 1904 892 1944 Isidori
912 1904 1054 1956 Hispali
1067 1905 1278 1958 Legionem
1295 1906 1558 1947 transferretur
1570 1937 1583 1956 ,
1613 1909 1693 1960 ipse
1723 1909 1760 1948 δι
1781 1909 1850 1951 filii

63 1973 143 2024 ejus
173 1971 258 2010 suos
289 1968 395 2006 oneri
423 1967 646 2017 subjicerent
673 1965 874 2013 humeros,
910 1963 948 2003 &
982 1963 1099 2004 sacras
1114 1966 1286 2016 reliquias
1309 1964 1330 2004 a
1360 1965 1481 2005 fluvio
1502 1965 1628 2005 Durio
1648 1967 1766 2020 usque
1799 1961 1850 2010 ad

62 2032 181 2084 ipsum
201 2028 301 2068 urbis
323 2028 506 2078 templum
531 2024 605 2079 (h)
634 2023 689 2064 D.
715 2022 848 2075 Juanni
873 2023 1015 2064 sacrum
1036 2024 1147 2064 nudis
1173 2024 1335 2077 pedibus
1363 2025 1693 2077 prosequerentur.
1752 2027 1848 2068 Ete-

67 2093 144 2132 nim
161 2087 247 2129 cirm
264 2086 374 2125 Deus
402 2084 466 2133 sit,
485 2083 546 2139 (i)
567 2093 635 2135 per
659 2095 754 2136 quem
778 2083 889 2135 Reges
901 2089 1061 2135 regnant,
1092 2084 1129 2124 &
1157 2083 1176 2123 a
1208 2094 1285 2135 quo
1308 2086 1431 2124 omnis
1455 2096 1589 2124 eorum
1611 2085 1780 2138 potestas
1807 2087 1849 2128 δε

8 2166 11 2175 ¹
62 2150 220 2191 felicitas
246 2144 438 2198 dependet
458 2175 471 2193 ,
499 2143 577 2184 falli
605 2153 797 2193 nunquam
828 2152 1009 2194 poterunt
1032 2173 1045 2193 ,
1089 2143 1120 2183 si
1151 2143 1199 2183 ad
1222 2144 1343 2196 ipsum
1370 2144 1456 2183 suos
1489 2143 1697 2185 identidem
1732 2145 1846 2186 refle-

7 2203 11 2222 “’
68 2208 168 2249 §tant
182 2207 330 2249 oculos.
385 2203 531 2244 Lunam
552 2202 650 2242 Solis
671 2200 762 2242 radii
775 2213 852 2241 non
871 2201 1075 2242 destituunt
1091 2218 1104 2249 ς
1121 2213 1166 2242 ea
1185 2203 1367 2254 siquidem
1382 2202 1536 2243 minime
1556 2205 1680 2256 ignara
1689 2216 1848 2247 omnem

9 2295 11 2297 -
68 2268 142 2308 sese
158 2266 179 2307 a
206 2266 295 2305 Sole
323 2266 446 2305 lucem
461 2275 504 2303 ac
532 2264 657 2314 pere,
686 2263 869 2302 continuo
887 2273 974 2302 eum
991 2263 1161 2314 respicit,
1192 2271 1234 2301 ut
1250 2263 1296 2302 ab
1314 2262 1455 2304 eodem
1471 2263 1848 2315 illuminetur:quod

67 2326 300 2377 Principibus
318 2324 368 2364 fic
385 2325 513 2364 imitar
542 2334 605 2361 um
618 2330 660 2360 ut
675 2322 811 2361 oculos
828 2320 973 2373 semper
993 2321 1092 2362 fixos
1110 2322 1275 2361 habeant
1305 2323 1343 2361 in
1378 2332 1520 2362 aeterno
1546 2324 1610 2362 illo
1651 2321 1848 2364 Luminari

68 2385 177 2438 quod
201 2387 325 2424 lucem
342 2384 380 2423 &
407 2391 556 2423 motum
575 2381 739 2432 impertit
755 2381 933 2429 orbibus,
964 2380 1000 2420 δε
1025 2380 1047 2420 ὲ
1067 2392 1146 2433 quo
1163 2390 1361 2434 augmenta
1381 2382 1444 2421 sua
1467 2381 1505 2421 &
1530 2381 1774 2422 decrementa
1791 2383 1850 2423 su-

72 2455 180 2486 munt
201 2443 378 2495 Imperia,
406 2451 523 2495 prout
539 2442 577 2480 in
597 2439 833 2480 Emblemate
846 2440 1017 2492 praesenti
1030 2451 1098 2493 per
1122 2439 1313 2492 sceptrum
1340 2441 1529 2491 innuitur,
1557 2443 1596 2481 in
1623 2441 1728 2492 cujus
1760 2454 1849 2482 ver-

9 2506 11 2508 ’
73 2505 150 2544 tice
167 2502 275 2542 Luna
297 2503 425 2543 visitur
445 2499 656 2553 respecsstans
675 2499 821 2549 Solem,
851 2501 1048 2552 proprium
1075 2498 1154 2539 Dei
1183 2501 1431 2550 Symbolum,-
1461 2510 1542 2541 tum
1558 2501 1644 2552 quia
1658 2500 1760 2540 nulla
1777 2502 1849 2541 alia

73 2575 133 2603 res
146 2561 195 2601 ad
209 2561 375 2612 ejusdem
390 2561 702 2612 omnipotentiam
722 2558 869 2601 accedit
890 2560 1066 2613 propius,
1096 2568 1178 2601 tum
1196 2561 1309 2601 etiam
1334 2561 1421 2612 quia
1443 2559 1541 2599 solus
1568 2561 1632 2600 ille
1653 2561 1780 2601 lucem
1806 2560 1848 2601 δε

75 2624 247 2673 vigorem
268 2621 381 2662 rebus
401 2621 576 2661 omnibus
594 2619 735 2660 tribuit:

917 2678 940 2714 S
1789 2678 1850 2726 (a)

165 2755 223 2799 (a)
253 2755 334 2790 Fuit
352 2765 430 2804 ergo
453 2756 716 2795 Dominuslcum
731 2752 835 2803 Jofite
854 2751 900 2796 ὠ*
926 2763 1045 2789 nomen
1064 2754 1136 2800 ejus
1159 2751 1388 2804 divulgatum
1402 2751 1448 2803 est
1468 2754 1507 2789 in
1527 2753 1619 2789 omni
1641 2762 1752 2789 terra.
1779 2750 1850 2802 Joss

75 2819 108 2846 c.
127 2811 162 2844 6.
190 2818 251 2843 21.
301 2806 362 2856 (b)
385 2810 458 2842 Rex
472 2807 563 2843 enim
586 2809 671 2843 Dux
689 2816 768 2843 erat
790 2808 828 2842 in
847 2804 945 2846 hedo,
970 2802 1015 2847 ό*
1031 2804 1148 2851 judex
1170 2801 1216 2846 ὠ·
1241 2805 1280 2840 in
1303 2805 1348 2841 iis
1380 2817 1446 2857 qua
1472 2803 1523 2841 ad
1545 2804 1676 2841 cultum
1700 2809 1853 2842 Deorum

67 2859 299 2913 pertinerent.
315 2855 489 2903 summam
497 2855 698 2909 potestatem
711 2856 861 2896 habebat
876 2883 884 2898 ‚
902 2856 996 2893 Arist
1007 2855 1068 2892 lib.
1091 2870 1122 2903 3.
1138 2856 1216 2893 Pol.
1241 2868 1272 2893 c.
1296 2868 1309 2892 1
1322 2868 1353 2892 1.
1403 2857 1460 2904 (c)
1485 2857 1673 2908 Minusque
1685 2855 1853 2904 insidiam

76 2920 139 2947 tur
151 2911 218 2951 eis,
239 2910 299 2963 qui
311 2914 397 2945 Deos
421 2907 618 2945 auxiliares
640 2903 779 2946 hubent.
807 2909 911 2947 Arist.
928 2908 1035 2947 Polit.
1087 2909 1148 2953 (d)
1177 2913 1304 2944 Corona
1328 2921 1439 2945 aurea
1452 2906 1556 2960 super
1584 2909 1733 2946 mitram
1763 2908 1853 2957 ejus.

75 2960 226 3014 expreffit
234 2960 336 3014 signo
344 2959 573 3008 fanHitatis‚
593 2958 638 3003 ό·
645 2959 762 3012 gloria
779 2959 932 3002 honoris,
948 2959 994 3004 όν
1012 2969 1089 3012 opus
1101 2961 1270 2999 virtutis,
1290 2958 1335 3003 ό·
1353 2958 1522 3010 destderia
1531 2960 1700 2998 oculorum
1710 2969 1850 2998 ornata.

76 3013 170 3050 Eccl.
185 3026 248 3062 45.
268 3027 325 3062 ¹4·
375 3014 432 3058 (e)
456 3013 501 3049 Et
519 3007 884 3066 adoravitfastigium
897 3014 1006 3065 virga
1024 3014 1104 3060 ejus.
1132 3011 1230 3050 Paul.
1247 3012 1310 3062 Ep.
1333 3012 1377 3048 ad
1398 3013 1491 3048 Heb.
1520 3025 1552 3049 c.
1581 3025 1636 3049 11.
1656 3026 1717 3050 21.
1789 3009 1852 3056 (ἱ)

77 3064 193 3103 Nolite
204 3067 347 3104 timere:
361 3064 476 3118 state,
498 3064 543 3107 ὦ
557 3063 678 3102 videte
705 3065 888 3117 magnalia
909 3065 1072 3106 Domini,
1098 3077 1166 3117 quae
1177 3061 1351 3115 fac'lurus
1374 3062 1420 3117 est
1441 3061 1550 3102 hodie.
1577 3065 1687 3103 Exod.
1713 3076 1769 3109 14.
1794 3072 1851 3109 13.

78 3118 242 3155 Dominus
266 3119 358 3156 enim
380 3123 473 3154 Deus
493 3114 601 3164 Istael
614 3118 794 3170 pqnavit
810 3127 873 3170 pro
896 3129 943 3153 eo.
971 3116 1039 3167 Jos.
1072 3129 1129 3155 10.
1151 3131 1212 3166 42.
1262 3119 1324 3167 (g)
1349 3122 1467 3169 Neque
1490 3115 1634 3154 declinet
1654 3116 1693 3151 in
1710 3122 1852 3166 partem

79 3167 280 3222 danuam,
294 3170 359 3207 vel
363 3167 563 3221 finistram,
587 3179 629 3205 ut
651 3170 748 3221 longo
772 3178 916 3222 tempore
934 3178 1056 3223 regnet
1083 3168 1169 3222 ipsi,-
1194 3166 1239 3211 ὠ
1247 3168 1325 3220 filii
1338 3170 1422 3217 ejus.
1447 3171 1555 3207 Deut.
1583 3178 1638 3213 17·
1663 3177 1723 3204 20.
1786 3167 1852 3216 (h)

82 3221 172 3258 Mar.
194 3219 282 3260 Hist.
300 3221 397 3275 Hisp.
448 3219 498 3270 (i)
522 3223 629 3259 Prov.
655 3235 686 3269 3.
712 3233 768 3267 13.
