2132 3730
265 258 319 299 32
690 242 1040 288 DJDACJ
1093 244 1628 303 SAAVEDRAE.

1292 312 2060 328 ..—.-——-..-.—.-.-....-.-...-.-...—.-,.1

260 337 378 374 nones.
436 332 541 372 Nam
564 328 767 380 prudentia
792 338 953 380 urgente
972 327 1188 368 necestitate
1211 359 1225 379 ,
1254 330 1292 371 &
1323 332 1480 370 naturali
1501 331 1684 373 suadente
1717 337 1859 377 lumine
1884 337 2060 377 homines

259 395 298 433 in
322 394 474 433 civilem
497 390 626 440 coegit
646 388 868 428 societatem
891 420 903 438 ,
934 387 1049 428 ubi&
1067 388 1228 429 virtutes
1250 400 1477 431 exercerent
1499 421 1512 441 ,
1543 392 1590 431 ad
1615 406 1707 445 quas
1723 396 1799 447 ipsa
1827 396 1987 448 impellit
2006 409 2064 435 ra·

262 455 317 493 tio
339 482 351 502 ‚
381 452 418 490 &
440 458 637 489 uterentur
656 460 757 488 voce
776 451 991 497 articulata,
1017 460 1130 499 quam
1153 447 1302 490 Natura
1334 452 1377 490 iis
1401 452 1530 505 largita
1553 451 1705 503 fuerat,
1735 465 1777 494 ut
1796 456 1896 496 sensa
1922 457 2062 495 mentis

259 513 299 552 &
323 511 475 550 consilia
495 511 663 550 invicem
685 510 814 550 verbis
837 508 1068 562 explicando
1088 539 1100 559 ,
1130 510 1224 548 alter
1251 512 1409 550 alterurn
1431 510 1506 567 (a)
1521 511 1742 564 instrueret,
1754 514 1916 565 juvaret,
1931 514 2063 555 defen-

258 572 378 611 deret.

409 627 445 680 §.
480 627 697 670 Constituta
717 629 846 681 itaque
874 629 976 668 civili
996 627 1061 668 ista
1087 627 1309 677 Societate‚
1340 630 1447 670 simul
1477 633 1674 671 communi
1699 632 1736 671 &
1753 636 1866 674 tacita
1890 636 2063 675 omnium

257 689 507 730 consensione
528 720 541 739 ,
572 692 610 729 in
628 700 711 730 tota
738 691 797 730 illa
814 688 975 729 Naturae
1001 691 1143 730 lumine
1160 687 1336 729 illustrata
1355 720 1367 739 ,
1386 701 1521 731 exorta
1539 691 1593 732 est
1618 691 1788 733 Potestas
1818 695 1988 746 quaedam
2012 695 2062 733 al·

256 752 332 790 tior
350 749 396 789 ad
417 752 582 802 partium
614 750 947 790 conservationem
962 749 1183 797 necessaria,
1220 761 1304 802 quae
1334 751 1510 793 nimirum
1543 753 1605 792 sua
1634 753 1836 794 sceleribus
1860 754 2063 807 supplicia,

255 809 294 850 &
315 810 521 850 virtutibus
547 812 704 863 proemia
731 809 977 850 decernendo
998 812 1036 851 in
1059 810 1220 862 justitia,
1240 810 1277 850 &
1300 822 1399 862 pace
1423 824 1556 853 omnes
1580 824 1780 854 tueretur:
1823 815 1914 867 quin
1933 823 2062 855 tamen

255 869 427 911 Potestas
447 869 511 910 ista
531 883 600 923 per
620 870 837 910 universum
858 882 998 923 corpus
1016 871 1149 911 diffusa
1166 870 1240 911 effe
1267 883 1348 911 non
1373 874 1524 924 potuit,
1539 886 1589 912 ne
1607 873 1695 914 alias
1714 874 1857 914 summa
1884 876 1921 914 in
1949 872 2065 913 statua

253 930 358 971 endo
383 931 420 970 &
441 929 672 982 exequendo
692 930 907 970 nasceretur
923 931 1101 972 confusio
1120 944 1134 980 3
1165 933 1253 984 quia
1268 933 1360 971 item
1386 930 1537 972 necesse
1560 943 1665 984 erat,
1697 933 1790 974 alius
1826 935 2031 987 imperaret
2047 963 2063 983 ,

255 991 432 1031 obediret
450 992 542 1029 alius
564 1020 577 1040 ,
608 989 710 1030 ultro
728 989 805 1030 sese
821 989 891 1042 ipsi
915 1001 960 1030 ea
980 991 1227 1042 abdicarunt,
1244 993 1282 1032 in
1307 1004 1426 1032 unum
1445 993 1628 1043 aliquem,
1643 997 1708 1033 a'ut
1723 1006 1870 1047 paucos
1883 1024 1895 1043 ,
1911 1003 1975 1033 aut
1992 994 2061 1033 eti-

252 1063 314 1090 am
340 1050 466 1102 plures
485 1061 568 1090 eam
588 1048 861 1091 transferentes
876 1081 889 1101 ,
919 1063 1004 1101 quae
1034 1052 1120 1091 sunt
1143 1054 1212 1091 tria
1242 1053 1303 1091 illa
1329 1052 1570 1104 Reipublicae
1593 1065 1733 1106 genera
1751 1084 1764 1103 ,
1800 1053 2030 1094 Monarchia
2048 1082 2062 1102 ,

254 1110 517 1160 Aristocratia,
548 1109 861 1151 &Democratia.
922 1109 974 1149 Et
991 1113 1113 1163 prima
1145 1113 1318 1151 omnium
1336 1112 1492 1162 quidem
1517 1111 1590 1152 fuit
1607 1112 1856 1152 Monarchia:
1886 1125 1973 1152 nam
1990 1114 2058 1152 ini-

254 1171 309 1210 tio
325 1172 362 1210 in
382 1172 451 1210 suis
471 1172 613 1223 quique
637 1170 786 1211 familiis
808 1182 820 1217 ;
852 1168 994 1211 deinde
1026 1171 1130 1224 apud
1154 1172 1372 1211 universum
1393 1173 1556 1223 aliquem
1582 1174 1772 1225 populum
1795 1184 1885 1213 eum
1906 1172 1975 1213 fibi
1991 1172 2061 1211 ho-

251 1232 374 1271 mines
394 1230 651 1283 praeficiebant
669 1259 682 1280 ,
711 1231 776 1282 qui
792 1230 870 1270 aliis
885 1231 923 1269 in
943 1229 1100 1271 Virtute
1114 1231 1152 1271 δε
1172 1231 1368 1284 probitate
1392 1231 1621 1282 excelleret,
1643 1232 1749 1283 cujus
1760 1231 1934 1272 dextram
1954 1230 2060 1286 (cre-

250 1292 379 1332 scente
394 1293 574 1345 paulatim
594 1289 821 1331 auctoritate
838 1291 865 1345 J
895 1291 1046 1343 sceptro
1077 1292 1337 1338 honorarunt,
1354 1291 1392 1331 &
1417 1291 1588 1332 frontem
1610 1292 1844 1341 diademate,
1859 1293 1897 1331 in
1916 1291 2062 1345 iignum

251 1353 467 1391 eminentiae
483 1381 496 1401 ,
527 1351 565 1392 &
588 1351 770 1404 supremae
786 1351 825 1390 in
840 1352 934 1390 alios
966 1350 1165 1403 potestatis
1189 1363 1302 1403 quam
1329 1352 1366 1390 in
1389 1352 1510 1403 ipsum
1532 1353 1774 1392 contulerant
1791 1382 1806 1401 ,
1835 1363 1997 1403 quaeque
2022 1352 2063 1391 in

247 1411 386 1465 justitia
404 1411 632 1464 potisfimum
651 1408 896 1458 consisteret,
923 1423 998 1462 qua
1015 1411 1209 1450 mediante
1230 1412 1419 1463 populum
1431 1411 1500 1450 sibi
1523 1410 1734 1464 subjectum
1755 1412 1792 1451 in
1817 1423 1913 1463 pace
1937 1421 2064 1450 tuere-

249 1482 312 1512 tur
329 1484 371 1511 ac
391 1471 645 1515 conservaret,
724 1469 797 1524 (h)
834 1469 908 1510 Ubi
923 1472 1023 1510 enirn
1041 1471 1126 1523 leges
1138 1483 1203 1511 non
1222 1478 1338 1511 tenent
1359 1473 1560 1523 imperium,
1590 1471 1682 1511 nulla
1702 1469 1749 1523 est
1772 1468 1992 1524 Respublica,
2021 1469 2061 1509 δε

249 1530 364 1572 cessat
388 1531 627 1584 omneRegis
648 1530 839 1579 officium,
871 1529 1199 1581 quemadmodum
1209 1532 1247 1570 in
1266 1529 1333 1585 (c)
1350 1529 1560 1570 Castellana
1582 1530 1788 1570 Provincia
1804 1529 1955 1579 accidit,
1972 1541 2059 1581 quae

246 1602 410 1645 propter
422 1589 616 1642 injustitias
634 1589 800 1631 Ordonii
827 1588 867 1629 &
892 1588 1029 1630 Froilae
1043 1589 1169 1630 exacti
1187 1591 1361 1644 Regibus
1382 1621 1396 1641 ,
1423 1602 1494 1644 per
1517 1590 1672 1644 Judices
1689 1589 1830 1631 deinde
1852 1590 2063 1643 gubernata

246 1651 333 1693 fuit.

365 1709 387 1761 §
430 1707 574 1760 Justitia
588 1706 716 1747 isthaec
733 1706 811 1746 sola
833 1707 918 1759 lege
936 1702 1140 1755 Naturali,
1164 1709 1310 1758 absque
1320 1708 1452 1761 infigni
1468 1709 1710 1761 Reipublicae
1731 1708 1927 1760 periculo,
1955 1703 2063 1747 recte

248 1768 492 1809 administrari
518 1781 596 1807 non
619 1764 774 1819 poss'et:
805 1777 894 1806 cum
917 1766 1020 1805 enim
1038 1767 1099 1806 illa
1118 1766 1164 1808 sit
1179 1765 1334 1820 corssans
1350 1767 1587 1821 &perpetua
1627 1768 1788 1807 voluntas
1809 1763 1910 1817 filum
1944 1768 2064 1820 cuique

248 1829 323 1884 (d)
343 1830 406 1882 jus
427 1827 600 1868 tribuendi
611 1859 624 1875 ,
654 1828 782 1866 multis
797 1825 972 1877 expofita
986 1824 1091 1865 foret
1103 1828 1284 1877 periculis
1303 1857 1317 1875 ,
1348 1827 1377 1867 fi
1396 1829 1442 1866 ab
1456 1828 1643 1879 opinione
1658 1825 1853 1879 &judicio
1877 1826 2062 1879 Principis

249 1887 487 1940 dependeret
505 1916 519 1935 ,
549 1886 587 1925 &
608 1885 746 1937 scripta
769 1896 850 1925 non
878 1882 984 1922 effer.
1042 1883 1190 1935 Neque
1210 1885 1289 1923 sola
1305 1887 1402 1924 ratio
1425 1887 1604 1925 naturalis
1632 1886 1660 1939 ζ
1671 1887 1919 1937 quantumvis
1940 1886 1987 1925 ab
2005 1884 2060 1926 af„

243 1948 415 1991 secribus
438 1946 475 1986 &
498 1945 727 1998 pastionibus
754 1942 910 1997 libera)
941 1942 1127 1983 sufficeret
1151 1942 1199 1982 ad
1218 1941 1324 1982 recte
1349 1942 1499 1996 semper
1515 1944 1765 1995 judicandum
1783 1947 1822 1984 in
1838 1955 1941 1984 tanta
1959 1945 2071 1991 casm³

247 2020 314 2048 um
341 2008 526 2047 varietate
545 2035 559 2054 ,
588 2006 653 2057 qui
673 2004 802 2058 paffim
826 2001 1000 2043 incidunt
1022 2015 1035 2050 ς
1067 2013 1183 2054 atque
1200 2002 1298 2042 adeo
1320 2004 1517 2043 necessbm
1538 2002 1633 2052 fuit,
1649 2012 1691 2043 ut
1709 2005 1828 2055 longo
1849 2015 1976 2044 rerum
1992 2005 2062 2044 usu

248 2079 365 2120 atque
387 2066 623 2118 experientia
648 2065 760 2104 certis
788 2062 1018 2115 quibusdam
1035 2063 1182 2114 legibus
1208 2071 1286 2102 tam
1309 2064 1522 2114 poenalibus
1548 2061 1663 2112 quarn
1700 2060 1949 2102 distributivis
1983 2063 2062 2103 sese

249 2137 437 2169 armarent
462 2125 716 2177 Respublicae.
778 2122 853 2162 Illis
873 2120 1031 2174 quidem
1056 2121 1104 2160 ad
1125 2120 1337 2175 castiganda
1355 2121 1515 2169 delicta3
1545 2121 1603 2160 his
1621 2121 1720 2160 vero
1737 2121 1783 2160 ad
1802 2121 1909 2162 suum
1919 2124 2059 2175 cuique

248 2186 509 2228 tribuendum.
572 2184 743 2224 Poenales
758 2184 860 2235 leges
879 2181 1152 2221 adumbrantur
1173 2193 1243 2234 per
1258 2181 1446 2234 gladium,
1462 2179 1612 2232 justitiae
1631 2180 1882 2231 Symbolum,
1899 2180 1939 2222 id
1948 2180 2056 2234 quod

247 2247 430 2299 Trajanus
452 2243 663 2299 fignificare
683 2244 809 2283 voluit
822 2272 835 2292 ,
853 2241 941 2282 cum
957 2241 1127 2282 strictum
1141 2241 1344 2293 aliquando
1355 2241 1483 2282 ensem
1500 2238 1688 2280 Praefeesto
1704 2240 1887 2281 Praetorio
1904 2243 1943 2281 in
1963 2253 2057 2282 con·

247 2307 381 2361 speetu
396 2308 568 2346 omnium
590 2306 802 2356 porrigeret
816 2333 830 2351 ,
860 2302 1083 2354 diceretque
1103 2301 1169 2356 (e)
1189 2303 1317 2354 Accipe
1322 2298 1469 2353 fi’rrttm
1491 2300 1549 2340 hoc
1565 2331 1577 2350 ,
1605 2297 1657 2344 &⁹
1665 2300 1832 2355 siquidem
1849 2301 1940 2340 reci&
1958 2303 2058 2353 impe..

246 2370 339 2410 rimn
365 2363 485 2419 geffi'ro
503 2396 515 2414 ,
537 2374 671 2417 prome
694 2378 707 2413 ,-
726 2364 783 2417 fin
809 2363 912 2403 aliter
934 2393 947 2413 ,
977 2369 1096 2402 contra
1111 2375 1160 2401 me
1176 2363 1233 2401 hoc
1256 2368 1360 2401 utere.
1418 2360 1591 2412 AEqualis
1622 2360 1674 2399 illi
1693 2361 1872 2411 utrinque
1887 2361 1986 2400 acies
1999 2359 2056 2401 est

249 2437 327 2467 tam
355 2415 428 2479 pro
454 2425 601 2473 divite,
632 2435 745 2475 quam
771 2434 910 2476 egeno.
968 2420 1068 2461 Non
1091 2434 1140 2461 ex
1173 2419 1248 2461 unii
1270 2431 1379 2473 parte
1402 2420 1559 2460 obtusus
1575 2449 1588 2468 ‚
1623 2428 1756 2459 acutus
1780 2431 1830 2459 ex
1853 2421 1986 2469 altera,
2010 2429 2056 2460 ut

250 2489 315 2527 uni
336 2494 489 2538 parcat,
507 2484 546 2525 &
561 2483 672 2524 laedat
703 2484 875 2524 alterum.
924 2481 1063 2535 Leges
1089 2482 1186 2522 vero
1209 2480 1455 2521 distributivae
1474 2480 1703 2520 denotantur
1719 2491 1790 2532 per
1807 2480 1975 2532 regulam
1991 2479 2055 2520 seu

249 2546 416 2586 amussim
440 2574 453 2594 ,
483 2556 569 2596 quae
594 2541 810 2596 promiscue
827 2541 999 2581 actiones
1024 2543 1195 2582 omnium
1220 2541 1257 2581 &
1275 2538 1466 2595 jurasf)
1488 2540 1692 2580 dimetitur.
1755 2539 1820 2579 Ad
1836 2540 1935 2579 hanc
1951 2539 2056 2591 justi-

247 2608 309 2646 tiae
330 2606 497 2658 regulam
528 2615 587 2643 res
609 2615 744 2643 omnes
761 2601 921 2654 dirigere
940 2612 1099 2654 oportet
1119 2632 1132 2652 ‚
1163 2614 1243 2641 non
1262 2611 1396 2641 contra
1410 2601 1597 2652 Regulam
1614 2601 1728 2639 rebus
1744 2598 2053 2649 accommodare,

249 2664 577 2718 quemadmodum
597 2665 726 2717 regula
741 2661 903 2712 Lesbia,
935 2662 1041 2714 quod
1060 2661 1082 2701 e
1097 2661 1260 2714 plumbo
1272 2660 1382 2710 esset,
1399 2661 1539 2701 inflexa
1552 2657 1665 2700 facile
1687 2661 1865 2699 omnibus
1881 2657 2053 2710 lapidum

247 2726 376 2779 figuris
395 2723 469 2765 sese
489 2724 657 2776 aptabat.
718 2720 906 2776 Utrisque
922 2723 1068 2775 legibus
1081 2723 1249 2775 spiritum
1267 2730 1382 2772 atque
1403 2723 1575 2774 vigorem
1591 2719 1772 2772 Princeps
1784 2720 1962 2768 *tribuere
1981 2718 2051 2758 de.

246 2787 368 2827 buere
388 2785 518 2825 debet.
578 2784 665 2824 Rex
687 2783 906 2836 Alphonsus
927 2782 1085 2835 Sapiens
1117 2782 1244 2822 dicere
1268 2781 1432 2831 solebat,
1462 2781 1610 2832 Regem
1634 2793 1702 2820 cor
1731 2778 1768 2818 &
1792 2778 1951 2818 animam
1976 2777 2052 2818 effe

247 2846 512 2897 Reipublicae:
541 2843 629 2898 (g)
663 2844 713 2883 Ca
728 2842 780 2895 ast
790 2856 875 2883 como
890 2855 980 2896 yaze
995 2843 1026 2882 el
1037 2843 1126 2883 alma
1150 2854 1191 2882 en
1212 2841 1242 2882 el
1259 2854 1403 2882 coi-uzon
1424 2840 1479 2881 del
1507 2840 1614 2889 Ome,
1646 2854 1663 2879 e
1674 2846 1742 2892 por
1775 2838 1837 2879 ella
1858 2837 1937 2877 bive
1948 2838 1979 2877 el
1995 2841 2053 2878 c'u-

247 2914 328 2958 erpo
344 2935 357 2955 ,
386 2918 403 2943 e
409 2902 447 2954 st?
461 2906 628 2945 mantiene
645 2917 659 2952 ,·
686 2902 738 2956 ast
749 2917 790 2943 etz
814 2903 844 2943 el
856 2903 934 2957 Rey
946 2915 1036 2956 yaze
1053 2903 1087 2943 Ia
1096 2899 1237 2958 justicia
1251 2933 1264 2951 ,
1294 2916 1358 2956 que
1374 2915 1412 2942 es
1434 2899 1521 2940 vida
1539 2931 1551 2949 ,
1581 2912 1598 2939 e
1613 2898 1878 2940 mantenimiento
1901 2895 1954 2936 del
1962 2906 2050 2949 pue-

244 2966 306 3007 blo'
323 2995 337 3014 ‚
367 2963 437 3005 ide
453 2961 497 3012 fis
511 2964 682 3005 Sennorio.
750 2964 815 3004 Uti
830 2966 917 3004 enim
934 2966 971 3004 in
996 2962 1094 3004 corde
1110 2963 1249 3003 hominis
1286 2963 1401 3002 anima
1422 2959 1542 3015 refidet
1558 2991 1571 3009 ,
1599 2972 1676 3014 quae
1702 2958 1813 2998 vitam
1833 2958 1897 2997 toti
1921 2958 2053 3025 corpori

252 3045 257 3048 ·
1138 3040 1141 3043 s
1930 3025 2051 3069 wiper-

267 3121 1779 3138 ——ss——m—-mffl-——ffl-

344 3167 403 3214 (a)
428 3168 541 3199 sermo
565 3162 650 3199 verb
675 3162 783 3200 datus
804 3161 852 3215 est
872 3160 1006 3201 homini
1031 3162 1082 3199 asi
1096 3161 1186 3198 utile
1201 3189 1209 3204 ,
1228 3161 1272 3205 (ἐν
1290 3163 1420 3200 inutile
1437 3188 1446 3202 ,
1469 3174 1511 3203 ac
1520 3157 1664 3213 proinde
1671 3155 1806 3205 justum
1829 3153 1875 3199 ὠ·
1886 3150 2052 3206 injustum

249 3215 512 3261 declarandum.
538 3214 643 3252 Arist.
667 3215 688 3252 1.
705 3229 733 3252 1.
753 3218 831 3253 1³01.
851 3230 883 3253 c.
897 3231 931 3253 2.
986 3217 1048 3265 (b)
1067 3216 1164 3251 Idem
1184 3215 1291 3253 Polit.
1308 3216 1330 3252 l.
1342 3228 1378 3263 4.
1403 3227 1433 3251 c.
1451 3228 1488 3262 4.
1539 3213 1595 3260 (c)
1610 3213 1700 3248 Mar.
1722 3209 1788 3246 hist
1821 3207 1919 3257 Hisp.
1932 3207 1954 3244 l.
1969 3214 2046 3248 Βιθ-

255 3281 286 3321 3.
337 3265 574 3320 (d)J1stitia
594 3269 686 3304 enim
696 3278 869 3321 perpetua
893 3266 940 3319 est
955 3295 964 3309 ,
989 3266 1035 3311 ό*
1057 3267 1280 3304 immortalis.
1308 3270 1387 3316 Sap.
1414 3278 1442 3302 1.
1473 3276 1528 3309 15.
1582 3264 1638 3309 (e)
1658 3261 1740 3299 Nic.
1767 3261 1860 3298 Call.
1877 3260 1902 3297 l.
1931 3273 1963 3307 3.
1986 3259 2047 3295 Ec.

246 3325 326 3370 hist.
342 3336 373 3363 c.
397 3335 460 3371 232
500 3320 556 3368 (f)
577 3324 701 3374 Legem
712 3318 959 3372 stsmusjusti.
983 3318 1165 3373 irq‘ustique
1181 3318 1341 3375 regulam
1362 3317 1434 3368 iffi.
1460 3319 1540 3355 Sen.
1601 3319 1662 3367 (Ὲὲ)
1684 3313 1765 3354 Lib.
1785 3326 1819 3363 5.
1835 3324 1883 3354 tr.
1904 3324 1935 3349 ¹·-
1952 3324 1988 3363 Ρ·
2008 3323 2048 3355 2⁹
