2132 3730
470 245 1442 296 SYMBOLAPOLITICA.
1766 269 1852 311 24⁷

56 347 118 378 tur
141 335 317 388 fingulae,
346 343 389 373 ut
422 334 470 373 ab
498 336 604 375 annis
631 343 788 375 centum
811 334 849 374 &
877 335 1067 386 amplius,
1098 336 1119 375 a
1158 349 1237 389 quo
1269 339 1379 378 altius
1400 340 1461 378 illa
1493 340 1609 390 coepit
1639 337 1851 391 assurgere,

52 399 122 436 vix
164 393 259 433 ullus
308 394 441 446 aliquis
474 396 599 447 gravis
635 406 740 435 error
770 395 811 434 in
853 406 898 434 ea
937 395 1117 436 acciderit
1151 426 1164 446 ,
1222 399 1329 449 quod
1359 407 1486 439 tamen
1520 400 1558 439 in
1581 409 1748 452 corpore
1774 407 1853 439 tam

52 454 161 496 vasto
180 481 194 501 ‚
237 451 344 503 cujus
375 463 504 505 partes
531 465 608 493 tam
639 453 766 494 diffitae
801 454 885 494 sunt
909 456 1007 495 inter
1041 455 1107 506 se,
1152 459 1329 507 proclive
1362 457 1419 498 est
1438 457 1533 499 fieri.
1605 459 1734 512 Magis
1770 460 1853 497 uni-

51 525 90 554 ta
123 511 195 552 fuit
213 510 483 553 Romanorum
512 513 767 564 Monarchia,
806 515 843 554 &
865 515 979 568 poene
1016 516 1190 567 quotidie
1234 529 1369 570 graves
1410 520 1448 558 in
1493 530 1538 558 ea
1564 530 1693 560 motus
1721 531 1765 559 ac
1793 529 1853 558 tu-

49 573 190 612 multus
213 573 434 613 oriebantur
457 587 467 613 :
498 574 658 614 evidens
678 574 764 614 sane
782 573 1045 628 argumentum
1065 605 1077 624 ,
1107 576 1206 615 hanc
1221 576 1386 617 nostram
1402 577 1660 620 fundamentis
1683 581 1754 619 suis
1771 580 1856 619 lon-

49 630 98 684 ge
121 632 172 670 illi
189 630 386 683 praestare,
415 632 454 673 ἃ
480 632 501 673 a
517 633 622 675 Viris
653 633 744 675 fidei
764 637 881 688 magis
899 635 1072 688 probatae
1088 663 1100 683 ‚
1121 636 1273 687 majoris
1296 639 1390 677 item
1417 638 1549 689 judicii
1573 651 1617 679 ac
1643 638 1857 692 prudentiae

48 691 262 745 gubernari.

219 751 253 802 §.
285 751 553 806 Quamobrem
571 751 660 793 cum
671 754 812 794 summa
828 765 954 793 rerum
973 753 1021 793 ad
1038 753 1254 806 Principem
1280 754 1436 796 tandem
1468 755 1674 797 derivanda
1698 756 1764 805 fit,
1790 757 1856 797 de·

45 819 110 850 cet
133 813 315 862 omnino,
346 823 389 853 ut
423 825 504 854 non
537 826 670 855 amore
697 813 841 862 solum,
871 813 938 854 sed
972 812 1213 863 oeconomia,
1244 816 1359 855 etiam
1382 816 1625 869 Reipublicae
1656 820 1767 859 Pater
1791 817 1858 867 sit,

0 882 2 925 g
43 880 172 921 neque
200 871 285 912 satis
307 872 382 913 effe
408 874 544 923 ducat,
574 874 604 915 fi
633 873 878 914 Confiliarios
910 874 1074 923 habeat,
1106 874 1143 913 δε
1166 874 1391 925 Ministros,
1423 878 1487 928 qui
1515 889 1641 917 rerum
1665 876 1859 930 satagunt3

44 929 108 971 sed
123 930 306 973 secretam
324 933 508 986 praeterea
532 934 738 974 earundem
755 934 931 974 notitiam
952 934 1022 974 sibi
1044 945 1264 987 comparet,
1294 933 1369 986 qua
1387 936 1425 976 se
1445 938 1484 977 in
1505 938 1684 977 omnibus
1704 936 1860 989 dirigat;

43 992 99 1031 uti
117 1002 350 1033 mercatores
371 993 480 1035 certo
511 995 664 1046 aliquo,
694 994 896 1034 &secreto
913 993 1013 1033 libro
1031 1025 1041 1042 ‚
1073 995 1111 1033 in
1145 1006 1225 1046 quo
1250 998 1482 1036 commercia
1511 997 1549 1037 δε
1578 998 1862 1051 negotiationes

46 1049 127 1090 suas
150 1051 350 1099 adnotant.
407 1053 608 1106 Ejusmodi
640 1056 778 1094 librum
805 1053 999 1106 Augustus
1017 1054 1230 1106 Imperator
1252 1055 1412 1105 habuit,
1441 1057 1480 1096 in
1503 1069 1582 1109 quo
1604 1057 1682 1113 (a)
1705 1066 1780 1109 opes
1793 1066 1863 1109 pu·

45 1109 139 1150 hlicae
158 1113 417 1153 continebantur
442 1122 610 1168 quantum
626 1117 773 1163 civium,
793 1111 1023 1167 fficioruquoe
1042 1116 1078 1153 in
1098 1117 1230 1163 armis,
1260 1122 1343 1168 quot
1369 1113 1501 1169 clcffls,
1529 1117 1676 1169 Regna,
1706 1117 1865 1157 Provin-

42 1172 125 1219 ciae,
149 1172 304 1222 tributa,
334 1173 385 1218 &³
405 1173 627 1227 rieccffitates,
657 1186 697 1212 ac
713 1174 932 1226 largitiones,
961 1187 1040 1227 quae
1061 1175 1185 1214 canava
1193 1172 1262 1225 fiai
1277 1172 1643 1227 manupetsc'rfflffirczt.
1705 1176 1864 1216 Memo-

42 1232 95 1268 ria
121 1234 441 1283 experientiaruni
464 1234 568 1286 quasi
587 1233 784 1286 quoddam
807 1233 1027 1285 depositum
1045 1233 1119 1284 est,
1148 1234 1212 1274 sed
1229 1234 1418 1275 caducum
1436 1234 1473 1274 &
1491 1235 1642 1288 fragile,
1672 1237 1740 1276 nisi
1762 1235 1783 1275 a
1804 1249 1865 1276 ca-

43 1290 146 1328 lamo
158 1290 316 1340 juvetur
331 1294 396 1343 qui
416 1293 497 1332 illas
515 1295 553 1333 in
576 1295 706 1333 charta
729 1304 943 1343 perennare
956 1292 1092 1333 saciat.
1155 1294 1364 1333 Plurimum
1383 1293 1549 1335 addiscet
1562 1325 1575 1344 ,
1607 1297 1776 1348 quisquis
1795 1308 1838 1336 ea
1852 1325 1865 1346 ,

44 1360 128 1400 quae
147 1349 254 1389 redte
281 1350 382 1390 faeta
412 1351 574 1396 fuerint,
605 1362 690 1401 quae
715 1349 847 1396 secus,
878 1350 1076 1388 memoriae
1095 1349 1277 1399 juvandae
1309 1350 1444 1402 causa,
1474 1355 1514 1393 in
1539 1356 1708 1395 libellum
1728 1358 1867 1395 retule-

42 1410 103 1448 rit.
166 1408 294 1463 Quam
312 1409 543 1462 diligentiam
572 1407 600 1447 si
627 1408 810 1448 adhibere
833 1409 1048 1460 neglexerit
1084 1408 1275 1450 Serenitas
1305 1410 1463 1461 Vestra,
1492 1413 1540 1453 ad
1565 1415 1698 1454 solium
1722 1417 1868 1468 regium

43 1467 247 1521 aliquando
269 1468 428 1518 eversta,
454 1471 730 1521 putaveritque
749 1479 995 1520 nequaquam
1019 1468 1163 1508 debere
1181 1468 1423 1521 Majestatem
1447 1475 1587 1526 regiam
1607 1474 1657 1514 eo
1676 1486 1798 1526 usque
1814 1477 1870 1515 se-

43 1527 81 1567 se
105 1528 334 1579 demittere,
363 1529 428 1569 sed
444 1530 632 1577 sufficere,
662 1528 691 1568 fi
713 1525 789 1568 sola
811 1525 874 1568 su&
892 1526 1120 1580 praesentia,
1148 1541 1229 1569 non
1252 1539 1381 1571 autem
1410 1530 1515 1572 tanta
1540 1535 1654 1574 animi
1688 1536 1869 1574 attentio-

42 1600 93 1628 ne
127 1589 304 1641 Regnum
327 1589 569 1637 moderetur,
601 1587 871 1628 Ministrorum
903 1588 1060 1628 arbitrio
1092 1589 1186 1628 illud
1221 1592 1510 1642 permittendo,
1549 1592 1663 1633 facile
1687 1595 1869 1646 equidem

42 1648 134 1688 mihi
159 1648 369 1701 persuadeo
403 1649 452 1689 de
483 1651 632 1701 optima
657 1647 933 1688 constitutione
957 1678 970 1696 ‚
999 1647 1037 1687 &
1062 1648 1198 1688 ordine
1223 1649 1466 1691 Monarchiae
1494 1653 1604 1704 hujus
1630 1655 1669 1692 in
1702 1654 1866 1694 consiliis

43 1708 114 1748 suis
129 1739 141 1758 ‚
173 1709 210 1748 &
233 1708 503 1749 Tribunalibus
537 1707 644 1758 fore,
675 1717 718 1747 ut
737 1707 927 1747 Serenitas
951 1706 1089 1747 Vestra
1110 1708 1255 1760 absque
1274 1713 1439 1761 graviori
1461 1710 1589 1763 aliquo
1609 1715 1783 1764 periculo
1798 1713 1867 1753 do-

43 1770 260 1809 minationis
296 1770 369 1809 suae
393 1768 552 1808 stadium
582 1767 785 1807 decursura
818 1767 894 1814 s1t;
926 1766 1194 1808 verumtamen
1225 1770 1319 1809 nihil
1347 1772 1418 1810 erit
1445 1768 1545 1810 aliud
1563 1802 1575 1820 ,
1608 1783 1722 1824 quam
1751 1773 1869 1814 index

44 1828 167 1868 solum
191 1830 406 1882 horologii,
432 1830 561 1868 alienis
581 1829 716 1868 rotulis
737 1828 921 1880 agitatus,
951 1839 1080 1879 neque
1100 1830 1305 1879 quicquam
1320 1831 1359 1869 in
1384 1830 1463 1882 ejus
1485 1833 1764 1884 gubernatione
1786 1835 1866 1873 elu-

45 1889 150 1928 cebit
180 1891 363 1929 eximium
383 1918 395 1937 ,
425 1888 463 1927 &
495 1887 724 1940 gloriosum-3.
755 1883 1086 1937 quemadmodum
1116 1887 1292 1929 futurum
1331 1889 1448 1940 effet,
1478 1892 1506 1930 fi
1537 1891 1566 1943 ζ
1574 1893 1681 1943 quod
1714 1893 1866 1947 spero)

46 1948 236 1988 Serenitas
260 1948 396 1988 Vestra
411 1946 626 1999 Augustum
642 1946 788 1985 imitata
811 1947 850 1986 in
873 1956 982 1985 certo
1003 1948 1132 1998 aliquo
1151 1947 1275 1997 libro,
1306 1950 1386 1989 illas
1414 1949 1510 2002 ipsas
1527 1962 1588 1990 res
1618 1952 1789 1992 adnotari
1810 1951 1867 1992 fe-

45 2009 141 2047 cerit
164 2009 368 2059 quotannis
385 2036 397 2056 ,
428 2008 466 2047 in
493 2007 670 2057 quolibet
686 2005 828 2057 Regno
859 2005 1078 2058 separatim,
1115 2006 1273 2058 adjedtis
1307 2010 1423 2049 etiam
1447 2012 1715 2050 munitioribus
1749 2014 1865 2062 locis,

45 2080 130 2120 quae
160 2066 182 2107 a
205 2069 353 2108 militari
384 2065 559 2119 praesidio
597 2064 882 2105 custodiuntur:
913 2077 1012 2118 quos
1041 2068 1133 2107 item
1163 2067 1282 2108 Viros
1305 2069 1469 2121 insignes
1496 2071 1658 2120 habeat,
1688 2082 1765 2111 tam
1792 2084 1866 2124 pro

44 2129 170 2180 pacis,
200 2127 313 2180 quam
336 2127 425 2167 belli
442 2128 683 2174 muneribus,
714 2137 851 2165 eorum
881 2127 1109 2177 qualitates,
1140 2126 1254 2167 dotes
1271 2158 1285 2178 ,
1306 2129 1507 2181 obsequia,
1539 2132 1685 2182 aliaque
1709 2132 1837 2172 similia
1847 2142 1864 2183 3

44 2189 220 2229 notando
246 2189 396 2240 insuper
412 2187 607 2226 memoriae
633 2186 743 2225 causa
762 2187 917 2237 negotia
945 2186 1098 2237 majoris
1119 2190 1334 2237 momenti,
1370 2201 1485 2240 quem
1512 2200 1556 2229 ea
1579 2200 1764 2231 eventum
1788 2192 1864 2231 sor-

45 2249 114 2287 tita
135 2246 295 2296 fuerint,
325 2246 416 2300 quid
432 2245 558 2286 aCtum
593 2247 631 2285 in
649 2246 693 2284 iis
723 2245 846 2294 bene,
878 2244 971 2296 quid
1003 2256 1196 2296 erratum,
1226 2248 1264 2288 δε
1289 2248 1398 2301 plura
1424 2250 1509 2288 talia
1536 2249 1604 2289 usu
1638 2251 1864 2301 observata,

44 2319 130 2359 quae
149 2309 196 2347 ad
213 2307 284 2348 rite
311 2306 601 2360 gubernandum
614 2303 771 2357 possunt
803 2305 1038 2346 conducere.
1098 2307 1162 2346 Ab
1181 2309 1260 2348 hac
1290 2321 1379 2348 cura
1411 2309 1448 2348 &
1475 2311 1686 2350 attentione
1713 2311 1866 2363 profici-

44 2368 158 2409 scitur
192 2368 341 2421 infignis
363 2365 423 2407 illa
445 2365 937 2419 gubernationisharmonia
952 2367 989 2406 in
1007 2366 1203 2407 Societate
1220 2367 1491 2420 JESU,quam
1513 2369 1716 2422 tantopere
1727 2382 1862 2411 omnes

49 2426 301 2477 admirantur,
332 2427 517 2480 siquidem
535 2426 582 2465 ad
604 2424 760 2465 Ordinis
781 2427 899 2465 totius
923 2425 1155 2467 Generalem
1175 2430 1290 2468 tertio
1311 2441 1469 2481 quoque
1493 2441 1593 2468 anno
1621 2432 1867 2482 particulares

47 2486 145 2526 fiunt
166 2488 369 2527 relationes
393 2487 441 2527 de
460 2487 575 2525 rebus
594 2485 793 2534 omnibus,
825 2496 891 2524 aut
917 2488 1118 2539 praecipuis
1139 2487 1265 2537 certe,
1297 2502 1382 2541 quae
1408 2489 1654 2539 acciderunt,
1685 2490 1760 2530 una
1775 2502 1865 2532 cum

45 2547 199 2587 secretis
227 2548 469 2598 personarum
486 2546 699 2599 Catalogis:
728 2547 817 2597 quia
837 2545 934 2585 vero
951 2548 1022 2586 illae
1051 2547 1185 2588 sensim
1207 2547 1245 2588 δε
1268 2561 1357 2589 cum
1379 2558 1557 2600 tempore
1573 2560 1765 2598 naturam,
1782 2563 1865 2590 mo-

27 2618 186 2658 ¹resque
202 2617 371 2656 mutant,
404 2606 579 2658 quolibet
603 2607 769 2645 triennio
795 2606 846 2645 illi
864 2606 1122 2656 innovantur,
1148 2618 1401 2661 praeterquam
1436 2608 1542 2659 quod
1579 2610 1683 2648 annis
1714 2609 1866 2662 singulis

48 2667 96 2706 ad
119 2666 288 2706 eundem
315 2667 594 2718 perscribantur
621 2665 914 2706 informationes
947 2666 1144 2717 quaedam,
1169 2680 1250 2706 non
1276 2678 1354 2708 tam
1387 2669 1606 2721 generales,
1642 2668 1706 2707 sed
1739 2669 1788 2708 de
1821 2670 1865 2711 iis

47 2726 171 2768 solum
190 2727 329 2774 rebus,
358 2738 450 2777 quas
472 2726 595 2778 ipsum
624 2725 716 2766 scire
735 2727 852 2779 magis
872 2724 1118 2766 necessarium
1138 2725 1274 2767 fuerit:
1305 2740 1383 2779 quo
1399 2726 1465 2776 fit,
1495 2737 1538 2766 ut
1557 2726 1767 2768 eleffiones
1786 2731 1865 2780 ple-

49 2781 212 2838 rumque
227 2787 327 2826 bene
345 2786 545 2833 eveniant,
576 2786 820 2838 personarum
835 2787 1086 2838 capacitatem
1104 2787 1235 2826 officiis
1249 2787 1440 2839 aptando,
1469 2799 1547 2827 non
1565 2796 1710 2828 contra.
1742 2789 1865 2842 Quod

51 2848 80 2890 fi
103 2847 297 2900 Principes
322 2845 510 2898 ejusmodi
527 2855 639 2885 notas
658 2858 783 2887 rerum
809 2846 1133 2899 personarumque
1152 2847 1359 2897 haberent,
1388 2860 1470 2888 non
1505 2845 1727 2888 fallerentur
1749 2851 1864 2889 toties

52 2900 382 2954 in'relationibus,
415 2905 853 2958 consultationibusque:
885 2906 1020 2946 melius
1055 2907 1237 2960 regnandi
1276 2918 1394 2948 artem
1429 2907 1720 2958 condiscerent,
1749 2921 1799 2949 ne
1824 2911 1865 2948 in

51 2965 450 3009 omnibusaMinistris
472 2965 693 3017 dependere
719 2966 821 3007 foret
844 2977 966 3019 opust
996 2967 1130 3017 majori
1158 2979 1248 3007 cura
1270 2980 1314 3008 ac
1340 2967 1592 3008 sollicitudine
1613 2969 1653 3008 hi
1682 2969 1865 3008 servirent

50 3027 242 3081 Principi,
265 3030 410 3080 quippe
435 3027 499 3077 qui
524 3025 684 3072 scirent,
713 3028 840 3067 omnia
870 3027 918 3066 ad
942 3027 1038 3067 illius
1062 3029 1269 3080 pervenire
1293 3030 1490 3079 notitiam,
1520 3028 1555 3068 &
1575 3029 1621 3068 ab
1639 3040 1687 3068 eo
1709 3027 1868 3067 adnota-

54 3089 107 3136 ri,
137 3087 316 3140 ade'oque
330 3098 525 3138 nunquam
547 3088 878 3127 committerentur
899 3097 975 3127 tam
995 3099 1131 3141 graves
1154 3086 1350 3138 defeetus,
1380 3099 1423 3128 ut
1440 3101 1542 3130 nunc
1558 3088 1639 3128 fieri
1663 3087 1865 3136 videmus,

25 3171 27 3177 ,
57 3146 149 3187 dum
179 3151 346 3202 tempori
369 3159 448 3189 non
481 3156 681 3195 curantur3
714 3159 798 3199 quae
825 3147 873 3187 ad
897 3148 1066 3194 bellum,
1097 3157 1161 3188 aut
1188 3151 1328 3201 pacem
1364 3149 1448 3190 lunt
1475 3147 1689 3190 necessaria.
1729 3146 1864 3186 Virtus

937 3207 1052 3262 Qqq
1075 3219 1103 3249 2
1757 3206 1864 3247 deni-

575 3284 830 3298 *ἡ

154 3322 213 3371 (a)
237 3325 352 3365 Tacit.
378 3327 442 3370 lib.
465 3341 497 3367 1.
514 3326 644 3371 Amal.
