2132 3730
253 211 310 268 63
713 215 1061 257 DJDACJ
1113 215 1646 262 SAAVEDRAE

251 300 356 341 certe
381 314 462 341 non
479 297 670 346 deessent,
700 310 784 348 quae
806 299 873 338 sub
898 300 1023 351 specie
1039 300 1196 340 honoris
1216 312 1280 341 aut
1305 304 1432 355 gratiae
1459 302 1648 355 singularis
1668 304 1856 344 moderari
1887 305 2041 355 poss'ent

250 361 466 400 divitiarum
481 360 659 409 copiam,
691 357 897 408 quaerendo
914 360 1244 410 opportunitatem
1271 374 1336 401 eas
1363 364 1400 401 in
1432 362 1654 413 obsequium
1685 363 1866 417 Principis
1890 364 1928 403 &
1951 366 2046 406 boni

249 421 392 472 publici
411 416 670 469 impendendi.
727 419 909 458 Attamen
929 419 1147 471 sumptuum
1174 422 1318 461 vanitas
1345 422 1394 461 eo
1411 421 1605 473 progressa
1627 422 1703 472 jam
1725 422 1802 472 est,
1832 435 1873 463 ut
1894 425 1938 463 iis
1959 427 2045 464 arti-=

249 479 343 519 ficiis
360 490 458 529 opus
476 490 556 518 non
577 477 642 516 fit:
669 478 914 528 potentissirni
944 480 1045 518 enim
1069 480 1211 530 quique
1228 483 1400 520 maximis
1426 486 1640 529 {onerantur
1666 480 1822 531 debitis,
1853 483 1890 523 ἃ
1917 485 2045 524 neces-

248 539 295 579 fit
309 538 431 576 atibus
447 546 694 588 premuntur,
724 547 767 577 ut
784 537 908 577 media
927 537 1092 590 'amplius
1111 550 1191 578 non
1216 539 1440 591 suppetant,
1468 541 1608 592 quibus
1629 550 1706 580 tam
1716 542 1883 582 sublimia
1901 545 2044 596 cogita·

250 611 292 639 ta
308 600 447 649 exequi
470 598 629 651 polluit,
654 606 719 636 aut
742 599 961 638 molitiones
986 610 1107 638 novas
1136 598 1351 640 machinari.
1411 599 1520 640 Dum
1544 600 1699 651 quidem
1723 602 1807 653 pius
1840 601 1914 642 effe
1937 604 2045 654 cupi=

247 670 336 708 unt,
367 657 481 709 quam
505 655 680 710 possunt,
709 659 834 698 minus
859 659 994 706 etiarn,
1021 657 1134 709 quain
1152 659 1255 707 sunt,
1277 658 1358 698 fieri
1384 661 1583 712 incipiunt.
1646 659 1720 714 (a)
1750 660 1866 700 Certe
1880 659 2045 714 ditesfa-

247 720 346 759 miliae
372 718 566 767 Mhilimn,
593 724 657 757 aut
676 716 876 758 claritudine
906 716 1062 770 insignes,
1080 716 1196 772 studio
1215 715 1464 771 nzagmflcentice
1483 720 1621 772 prolabi
1644 720 1780 764 solent.
1849 720 2042 762 Caeterum

246 779 317 818 etsi
342 779 483 819 divitiae
499 778 623 816 nimiae
647 777 866 829 periculosae
890 778 981 825 fint,
1010 778 1113 818 idem
1133 787 1259 818 tamen
1276 780 1314 817 in
1340 789 1511 819 extrema
1537 781 1651 819 etiam
1664 780 1795 832 inopia
1819 779 1951 823 Iocum
1974 781 2041 821 ha-

244 838 339 891 bet,
365 850 454 880 nam
473 837 546 894 (b)
574 849 648 877 cum
667 850 709 877 ex
719 839 906 892 primariis
930 837 1035 890 aliqui
1056 839 1142 879 hona
1162 836 1387 892 diffiparmzt,
1418 838 1453 878 hi
1485 851 1542 878 res
1571 851 1681 883 novas
1704 839 1901 882 molimatur.

616 992 617 995 ‘
679 1010 723 1078 s
755 1010 1332 1085 YMBOLUM
1393 1011 1611 1079 XVIII.

386 2476 488 2519 Ultis
503 2477 713 2533 Jmperium
728 2482 851 2522 virtus
875 2482 1058 2536 contulit,
1087 2486 1219 2538 paucis
1245 2487 1405 2529 malitiat
1423 2488 1462 2527 in
1491 2487 1548 2527 his
1569 2485 1704 2537 sceptri
1734 2484 1927 2536 usurpatio
1950 2483 2027 2527 fuit

413 2540 606 2589 violenta,
621 2541 659 2582 &
679 2541 793 2594 plena
814 2544 994 2596 periculi,
1012 2548 1051 2585 in
1072 2548 1141 2587 illis
1168 2548 1296 2586 titulus
1313 2544 1453 2596 justus,
1487 2546 1523 2586 &
1541 2545 1712 2585 constans
1731 2543 1915 2597 possess-io.
1949 2544 2029 2586 Oc-

411 2601 515 2639 culta
528 2601 691 2652 quadam
710 2602 1003 2655 pulchritudinis
1020 2605 1093 2644 suae
1113 2607 1153 2646 vi
1172 2605 1219 2646 ad
1242 2607 1295 2645 sui
1315 2617 1485 2646 amorem
1520 2606 1557 2645 &
1584 2604 1729 2645 cultum
1753 2605 1875 2643 virtus
1899 2605 2026 2645 allicit.

227 2657 430 2700 Elementa
457 2662 640 2702 coelorum
669 2673 806 2715 parent
834 2665 1017 2716 imperio,
1048 2666 1101 2704 ob
1131 2665 1410 2718 perfectionem
1443 2663 1654 2705 eorundem
1686 2664 1724 2704 &
1750 2663 2026 2717 praestantiam3

226 2720 405 2760 homines
436 2732 593 2771 quoque
619 2734 700 2762 non
715 2722 785 2763 nisi
812 2734 902 2763 eum
926 2725 990 2775 qui
1006 2723 1159 2775 justitia,
1190 2727 1412 2777 caeterisque
1437 2725 1641 2765 virtutibus
1673 2724 1824 2776 praestat
1849 2723 1947 2772 aliis,
1968 2724 2028 2763 su-

227 2791 361 2830 prema
387 2779 578 2830 potestate
594 2781 634 2820 δε
663 2781 862 2823 dominatu
884 2783 1038 2836 dignum
1061 2795 1250 2838 reputant.
1312 2785 1369 2825 Ea
1396 2785 1445 2825 de
1460 2784 1581 2825 cauffa
1602 2784 1726 2834 Cyrus
1759 2782 1829 2841 (c)
1857 2794 1922 2822 non
1952 2796 2026 2824 cen-

216 2834 316 2888 ftbat
345 2841 523 2879 convenire
551 2843 705 2895 cuiquam
733 2843 934 2895 Imperium,
962 2847 1104 2896 quinon
1133 2845 1246 2885 melior
1273 2842 1348 2899 effit
1370 2848 1437 2893 iis,
1466 2845 1588 2899 quibus
1621 2846 1813 2896 imperaret.
1872 2841 2026 2883 Subditi

226 2897 345 2947 magis
364 2897 590 2949 observant,
621 2900 659 2941 δε
689 2912 915 2942 reverentur
948 2904 1185 2957 Principem,
1214 2906 1253 2944 in
1285 2917 1364 2957 quo
1388 2905 1608 2958 insigniores
1637 2904 1748 2943 animi
1770 2901 1882 2941 dotes
1909 2902 2026 2943 inesse

226 2957 478 3007 conspiciunt.
542 2959 702 3012 Quanto
721 2962 779 3001 hae
807 2959 948 3003 fuerint
972 2963 1154 3016 majores,
1184 2964 1293 3005 tanto
1320 2965 1439 3017 major
1461 2964 1664 3004 auetoritas
1690 2962 1760 3000 erit
1792 2970 1906 3013 atque
1935 2962 2028 3002 aesti-

226 3017 366 3056 matio:
397 3027 531 3056 omnes
555 3021 657 3060 enim
672 3020 905 3072 existimant,
923 3023 1055 3064 Deum
1082 3023 1246 3075 Principi
1278 3027 1341 3064 tali
1368 3026 1486 3077 magis
1517 3022 1590 3063 effe
1610 3022 1836 3073 propitium,
1873 3022 1911 3062 ὃς
1934 3035 2026 3062 cura

223 3075 411 3129 peculiari
426 3075 550 3116 adeffe
566 3079 605 3118 in
626 3083 825 3134 omnibus,
840 3083 992 3136 ejusque
1011 3084 1327 3136 gubernationem
1350 3085 1520 3138 dirigere.
1580 3080 1672 3120 Hoc
1688 3080 1809 3132 ipsum
1826 3081 1903 3133 est,
1917 3082 2025 3134 quod

1938 3152 2028 3182 toto

330 3259 390 3304 (a)
414 3258 500 3305 Tac,
521 3259 546 3296 12
569 3271 600 3308 3.
618 3261 748 3300 Amal.
801 3263 863 3312 (b)
888 3261 1030 3306 Aristd.
1048 3263 1204 3305 6.Polit.
1225 3276 1258 3303 c.
1290 3277 1347 3303 12.
1400 3264 1458 3313 (c)
1484 3262 1695 3312 Xenoph..l.
1721 3270 1753 3310 8.
1778 3263 1898 3313 Pelag.
