<?xml version="1.0" encoding="UTF-8"?>
<!DOCTYPE html PUBLIC "-//W3C//DTD XHTML 1.0 Transitional//EN"
    "http://www.w3.org/TR/xhtml1/DTD/xhtml1-transitional.dtd">
<html xmlns="http://www.w3.org/1999/xhtml" xml:lang="en" lang="en">
 <head>
  <title>
</title>
<meta http-equiv="Content-Type" content="text/html;charset=utf-8" />
  <meta name='ocr-system' content='tesseract 3.04.00' />
  <meta name='ocr-capabilities' content='ocr_page ocr_carea ocr_par ocr_line ocrx_word'/>
</head>
<body>
  <div class='ocr_page' id='page_1' title='image "./didacisaavedraef00saav_0330.png"; bbox 0 0 2132 3730; ppageno 0'>
   <div class='ocr_carea' id='block_1_1' title="bbox 268 225 1658 297">
    <p class='ocr_par' dir='ltr' id='par_1_1' title="bbox 268 225 1658 297">
     <span class='ocr_line' id='line_1_1' title="bbox 268 225 1658 297; baseline 0.003 -27"><span class='ocrx_word' id='word_1_1' title='bbox 268 241 351 281; x_wconf 85' lang='lat'>310</span> <span class='ocrx_word' id='word_1_2' title='bbox 721 225 1658 297; x_wconf 66' lang='lat' dir='ltr'><em>DIDA—CISAAVEDRAE</em></span> 
     </span>
    </p>
   </div>
   <div class='ocr_carea' id='block_1_2' title="bbox 1030 285 1280 298">
    <p class='ocr_par' dir='ltr' id='par_1_2' title="bbox 1030 285 1280 298">
     <span class='ocr_line' id='line_1_2' title="bbox 1030 285 1280 298; baseline 0 3432"><span class='ocrx_word' id='word_1_3' title='bbox 1030 285 1280 298; x_wconf 95' lang='lat' dir='ltr'> </span> 
     </span>
    </p>
   </div>
   <div class='ocr_carea' id='block_1_3' title="bbox 774 289 939 295">
    <p class='ocr_par' dir='ltr' id='par_1_3' title="bbox 774 289 939 295">
     <span class='ocr_line' id='line_1_3' title="bbox 774 289 939 295; baseline 0 0"><span class='ocrx_word' id='word_1_4' title='bbox 774 289 939 295; x_wconf 95' lang='lat' dir='ltr'> </span> 
     </span>
    </p>
   </div>
   <div class='ocr_carea' id='block_1_4' title="bbox 1284 293 1535 301">
    <p class='ocr_par' dir='ltr' id='par_1_4' title="bbox 1284 293 1535 301">
     <span class='ocr_line' id='line_1_4' title="bbox 1284 293 1535 301; baseline 0 3429"><span class='ocrx_word' id='word_1_5' title='bbox 1284 293 1535 301; x_wconf 95' lang='lat' dir='ltr'> </span> 
     </span>
    </p>
   </div>
   <div class='ocr_carea' id='block_1_5' title="bbox 1538 295 1794 302">
    <p class='ocr_par' dir='ltr' id='par_1_5' title="bbox 1538 295 1794 302">
     <span class='ocr_line' id='line_1_5' title="bbox 1538 295 1794 302; baseline 0 3428"><span class='ocrx_word' id='word_1_6' title='bbox 1538 295 1794 302; x_wconf 95' lang='lat' dir='ltr'> </span> 
     </span>
    </p>
   </div>
   <div class='ocr_carea' id='block_1_6' title="bbox 1798 295 2049 304">
    <p class='ocr_par' dir='ltr' id='par_1_6' title="bbox 1798 295 2049 304">
     <span class='ocr_line' id='line_1_6' title="bbox 1798 295 2049 304; baseline 0 3426"><span class='ocrx_word' id='word_1_7' title='bbox 1798 295 2049 304; x_wconf 95' lang='lat' dir='ltr'> </span> 
     </span>
    </p>
   </div>
   <div class='ocr_carea' id='block_1_7' title="bbox 259 305 2123 661">
    <p class='ocr_par' dir='ltr' id='par_1_7' title="bbox 259 305 2125 661">
     <span class='ocr_line' id='line_1_7' title="bbox 261 305 2116 369; baseline 0.001 -17"><span class='ocrx_word' id='word_1_8' title='bbox 261 314 325 361; x_wconf 83' lang='lat' dir='ltr'>lit,</span> <span class='ocrx_word' id='word_1_9' title='bbox 346 321 388 351; x_wconf 91' lang='lat' dir='ltr'>ut</span> <span class='ocrx_word' id='word_1_10' title='bbox 406 308 687 350; x_wconf 82' lang='lat' dir='ltr'>eosdemetiam</span> <span class='ocrx_word' id='word_1_11' title='bbox 705 307 832 346; x_wconf 82' lang='lat' dir='ltr'>Status</span> <span class='ocrx_word' id='word_1_12' title='bbox 856 306 908 346; x_wconf 89' lang='lat' dir='ltr'>sui</span> <span class='ocrx_word' id='word_1_13' title='bbox 934 305 1148 361; x_wconf 69' lang='lat' dir='ltr'>defugiant,</span> <span class='ocrx_word' id='word_1_14' title='bbox 1180 323 1343 362; x_wconf 87' lang='lat' dir='ltr'>quorum</span> <span class='ocrx_word' id='word_1_15' title='bbox 1363 313 1581 353; x_wconf 84' lang='lat' dir='ltr'>emendatio</span> <span class='ocrx_word' id='word_1_16' title='bbox 1610 314 1637 367; x_wconf 67' lang='grc' dir='ltr'><em>ζ</em></span> <span class='ocrx_word' id='word_1_17' title='bbox 1656 316 1712 354; x_wconf 83' lang='lat' dir='ltr'>uti</span> <span class='ocrx_word' id='word_1_18' title='bbox 1734 314 1858 365; x_wconf 78' lang='lat' dir='ltr'>aJ‘ebat</span> <span class='ocrx_word' id='word_1_19' title='bbox 1873 313 1960 353; x_wconf 82' lang='lat' dir='ltr'>Rex</span> <span class='ocrx_word' id='word_1_20' title='bbox 1981 314 2058 369; x_wconf 74' lang='lat' dir='ltr'>(a)</span> <span class='ocrx_word' id='word_1_21' title='bbox 2114 343 2116 347; x_wconf 18' lang='lat' dir='ltr'>y</span> 
     </span>
     <span class='ocr_line' id='line_1_8' title="bbox 259 365 2116 420; baseline 0.001 -8"><span class='ocrx_word' id='word_1_22' title='bbox 259 367 516 420; x_wconf 79' lang='lat' dir='ltr'>Theodatus)</span> <span class='ocrx_word' id='word_1_23' title='bbox 548 367 594 404; x_wconf 88' lang='lat' dir='ltr'>ab</span> <span class='ocrx_word' id='word_1_24' title='bbox 612 366 694 417; x_wconf 88' lang='lat' dir='ltr'>ipso</span> <span class='ocrx_word' id='word_1_25' title='bbox 719 365 895 418; x_wconf 79' lang='lat' dir='ltr'>Principe</span> <span class='ocrx_word' id='word_1_26' title='bbox 911 369 1080 408; x_wconf 82' lang='lat' dir='ltr'>inchoari</span> <span class='ocrx_word' id='word_1_27' title='bbox 1097 368 1216 409; x_wconf 89' lang='lat' dir='ltr'>debet</span> <span class='ocrx_word' id='word_1_28' title='bbox 1232 400 1243 418; x_wconf 91' lang='lat'>,</span> <span class='ocrx_word' id='word_1_29' title='bbox 1274 381 1316 410; x_wconf 90' lang='lat' dir='ltr'>ut</span> <span class='ocrx_word' id='word_1_30' title='bbox 1336 371 1518 413; x_wconf 57' lang='lat' dir='ltr'>effeetum</span> <span class='ocrx_word' id='word_1_31' title='bbox 1535 373 1686 413; x_wconf 89' lang='lat' dir='ltr'>habeat.</span> <span class='ocrx_word' id='word_1_32' title='bbox 1748 372 1908 414; x_wconf 69' lang='lat' dir='ltr'>Sanetus</span> <span class='ocrx_word' id='word_1_33' title='bbox 1925 372 2059 413; x_wconf 90' lang='lat' dir='ltr'>Ludo·</span> <span class='ocrx_word' id='word_1_34' title='bbox 2086 393 2090 397; x_wconf 19' lang='grc' dir='ltr'><strong>ὴ</strong></span> <span class='ocrx_word' id='word_1_35' title='bbox 2115 388 2116 404; x_wconf 64' lang='lat'>³</span> 
     </span>
     <span class='ocr_line' id='line_1_9' title="bbox 261 424 2116 485; baseline 0 -14"><span class='ocrx_word' id='word_1_36' title='bbox 261 431 422 471; x_wconf 87' lang='lat' dir='ltr'>dovicus</span> <span class='ocrx_word' id='word_1_37' title='bbox 450 425 480 465; x_wconf 87' lang='lat' dir='ltr'>F</span> <span class='ocrx_word' id='word_1_38' title='bbox 481 426 615 464; x_wconf 82' lang='lat' dir='ltr'>ranciae</span> <span class='ocrx_word' id='word_1_39' title='bbox 636 425 724 465; x_wconf 86' lang='lat' dir='ltr'>Rex</span> <span class='ocrx_word' id='word_1_40' title='bbox 741 424 876 466; x_wconf 88' lang='lat' dir='ltr'>Filium</span> <span class='ocrx_word' id='word_1_41' title='bbox 898 427 1004 467; x_wconf 88' lang='lat' dir='ltr'>suurn</span> <span class='ocrx_word' id='word_1_42' title='bbox 1025 428 1242 480; x_wconf 85' lang='lat' dir='ltr'>Philippum</span> <span class='ocrx_word' id='word_1_43' title='bbox 1271 430 1497 481; x_wconf 89' lang='lat' dir='ltr'>admonuit,</span> <span class='ocrx_word' id='word_1_44' title='bbox 1525 432 1627 473; x_wconf 82' lang='lat' dir='ltr'>daret</span> <span class='ocrx_word' id='word_1_45' title='bbox 1648 441 1782 485; x_wconf 81' lang='lat' dir='ltr'><em>operam</em></span> <span class='ocrx_word' id='word_1_46' title='bbox 1802 466 1816 483; x_wconf 91' lang='lat'>,</span> <span class='ocrx_word' id='word_1_47' title='bbox 1845 441 1886 473; x_wconf 80' lang='lat' dir='ltr'>ut</span> <span class='ocrx_word' id='word_1_48' title='bbox 1908 430 2059 485; x_wconf 53' lang='lat' dir='ltr'>iiqoenfie</span> <span class='ocrx_word' id='word_1_49' title='bbox 2115 442 2116 469; x_wconf 76' lang='grc'>;</span> 
     </span>
     <span class='ocr_line' id='line_1_10' title="bbox 260 481 2123 544; baseline 0.001 -14"><span class='ocrx_word' id='word_1_50' title='bbox 260 489 440 530; x_wconf 79' lang='lat' dir='ltr'>moderatae</span> <span class='ocrx_word' id='word_1_51' title='bbox 454 481 574 539; x_wconf 65' lang='lat' dir='ltr'><em>ff’nt,</em></span> <span class='ocrx_word' id='word_1_52' title='bbox 602 483 655 530; x_wconf 55' lang='grc' dir='ltr'>ἐξ]</span> <span class='ocrx_word' id='word_1_53' title='bbox 669 487 796 526; x_wconf 73' lang='lat' dir='ltr'>rationi</span> <span class='ocrx_word' id='word_1_54' title='bbox 815 483 1046 537; x_wconf 50' lang='lat' dir='ltr'>consentaneae.</span> <span class='ocrx_word' id='word_1_55' title='bbox 1119 488 1193 542; x_wconf 75' lang='lat' dir='ltr'>(b)</span> <span class='ocrx_word' id='word_1_56' title='bbox 1223 488 1373 530; x_wconf 87' lang='lat' dir='ltr'>Malum</span> <span class='ocrx_word' id='word_1_57' title='bbox 1396 503 1444 530; x_wconf 87' lang='lat' dir='ltr'>ex</span> <span class='ocrx_word' id='word_1_58' title='bbox 1465 504 1515 531; x_wconf 91' lang='lat' dir='ltr'>eo</span> <span class='ocrx_word' id='word_1_59' title='bbox 1542 494 1661 532; x_wconf 91' lang='lat' dir='ltr'>oritur</span> <span class='ocrx_word' id='word_1_60' title='bbox 1685 523 1697 541; x_wconf 87' lang='lat'>,</span> <span class='ocrx_word' id='word_1_61' title='bbox 1728 493 1835 544; x_wconf 89' lang='lat' dir='ltr'>quod</span> <span class='ocrx_word' id='word_1_62' title='bbox 1861 492 2059 544; x_wconf 86' lang='lat' dir='ltr'>Principes</span> <span class='ocrx_word' id='word_1_63' title='bbox 2118 515 2123 535; x_wconf 87' lang='grc'>,-</span> 
     </span>
     <span class='ocr_line' id='line_1_11' title="bbox 259 544 2123 604; baseline 0.003 -18"><span class='ocrx_word' id='word_1_64' title='bbox 259 549 308 589; x_wconf 85' lang='lat' dir='ltr'>ad</span> <span class='ocrx_word' id='word_1_65' title='bbox 322 546 433 586; x_wconf 88' lang='lat' dir='ltr'>animi</span> <span class='ocrx_word' id='word_1_66' title='bbox 456 544 754 597; x_wconf 83' lang='lat' dir='ltr'>magnitudinem</span> <span class='ocrx_word' id='word_1_67' title='bbox 778 547 967 597; x_wconf 87' lang='lat' dir='ltr'>pertinere</span> <span class='ocrx_word' id='word_1_68' title='bbox 988 549 1235 596; x_wconf 83' lang='lat' dir='ltr'>arbitrentur,</span> <span class='ocrx_word' id='word_1_69' title='bbox 1258 549 1515 600; x_wconf 81' lang='lat' dir='ltr'>fisumptuum</span> <span class='ocrx_word' id='word_1_70' title='bbox 1531 554 1696 593; x_wconf 90' lang='lat' dir='ltr'>rationes</span> <span class='ocrx_word' id='word_1_71' title='bbox 1714 564 1908 604; x_wconf 89' lang='lat' dir='ltr'>nunquam</span> <span class='ocrx_word' id='word_1_72' title='bbox 1928 554 2059 592; x_wconf 84' lang='lat' dir='ltr'>ineant</span> <span class='ocrx_word' id='word_1_73' title='bbox 2100 552 2102 554; x_wconf 80' lang='grc'><strong>’</strong></span> <span class='ocrx_word' id='word_1_74' title='bbox 2121 555 2123 559; x_wconf 77' lang='grc'>’</span> 
     </span>
     <span class='ocr_line' id='line_1_12' title="bbox 262 604 2115 661; baseline 0.004 -17"><span class='ocrx_word' id='word_1_75' title='bbox 262 609 299 648; x_wconf 88' lang='lat'>&amp;</span> <span class='ocrx_word' id='word_1_76' title='bbox 317 605 423 657; x_wconf 82' lang='lat' dir='ltr'>qubd</span> <span class='ocrx_word' id='word_1_77' title='bbox 463 604 726 657; x_wconf 75' lang='lat' dir='ltr'>profusionem</span> <span class='ocrx_word' id='word_1_78' title='bbox 768 617 841 657; x_wconf 88' lang='lat' dir='ltr'>pro</span> <span class='ocrx_word' id='word_1_79' title='bbox 865 607 1039 647; x_wconf 77' lang='lat' dir='ltr'>libertate</span> <span class='ocrx_word' id='word_1_80' title='bbox 1067 609 1232 647; x_wconf 87' lang='lat' dir='ltr'>habeant</span> <span class='ocrx_word' id='word_1_81' title='bbox 1249 638 1261 656; x_wconf 90' lang='lat'>,</span> <span class='ocrx_word' id='word_1_82' title='bbox 1291 620 1364 647; x_wconf 88' lang='lat' dir='ltr'>nec</span> <span class='ocrx_word' id='word_1_83' title='bbox 1387 608 1470 648; x_wconf 92' lang='lat' dir='ltr'>satis</span> <span class='ocrx_word' id='word_1_84' title='bbox 1494 610 1759 661; x_wconf 85' lang='lat' dir='ltr'>confiderent,</span> <span class='ocrx_word' id='word_1_85' title='bbox 1790 610 2059 652; x_wconf 87' lang='lat' dir='ltr'>deficientibus</span> <span class='ocrx_word' id='word_1_86' title='bbox 2114 613 2115 650; x_wconf 80' lang='lat'>3</span> 
     </span>
    </p>
   </div>
   <div class='ocr_carea' id='block_1_8' title="bbox 258 664 2057 723">
    <p class='ocr_par' dir='ltr' id='par_1_8' title="bbox 258 664 2057 723">
     <span class='ocr_line' id='line_1_13' title="bbox 258 664 2057 723; baseline 0.002 -17"><span class='ocrx_word' id='word_1_87' title='bbox 258 666 421 718; x_wconf 87' lang='lat' dir='ltr'>opibus,</span> <span class='ocrx_word' id='word_1_88' title='bbox 452 675 699 718; x_wconf 90' lang='lat' dir='ltr'>contemptos</span> <span class='ocrx_word' id='word_1_89' title='bbox 718 665 754 704; x_wconf 92' lang='lat' dir='ltr'>se</span> <span class='ocrx_word' id='word_1_90' title='bbox 769 664 855 704; x_wconf 86' lang='lat' dir='ltr'>fore</span> <span class='ocrx_word' id='word_1_91' title='bbox 874 695 886 714; x_wconf 91' lang='lat'>,</span> <span class='ocrx_word' id='word_1_92' title='bbox 918 679 1125 718; x_wconf 85' lang='lat' dir='ltr'>veramque</span> <span class='ocrx_word' id='word_1_93' title='bbox 1147 666 1464 720; x_wconf 83' lang='lat' dir='ltr'>magnificentiam</span> <span class='ocrx_word' id='word_1_94' title='bbox 1481 680 1561 708; x_wconf 89' lang='lat' dir='ltr'>non</span> <span class='ocrx_word' id='word_1_95' title='bbox 1574 670 1611 708; x_wconf 91' lang='lat' dir='ltr'>in</span> <span class='ocrx_word' id='word_1_96' title='bbox 1633 682 1682 709; x_wconf 91' lang='lat' dir='ltr'>eo</span> <span class='ocrx_word' id='word_1_97' title='bbox 1705 671 1931 719; x_wconf 81' lang='lat' dir='ltr'>consistere,</span> <span class='ocrx_word' id='word_1_98' title='bbox 1948 670 2057 723; x_wconf 78' lang='lat' dir='ltr'>quod</span> 
     </span>
    </p>
   </div>
   <div class='ocr_carea' id='block_1_9' title="bbox 256 725 2115 1020">
    <p class='ocr_par' dir='ltr' id='par_1_9' title="bbox 256 725 2115 1020">
     <span class='ocr_line' id='line_1_14' title="bbox 256 725 2115 783; baseline 0.002 -17"><span class='ocrx_word' id='word_1_99' title='bbox 256 727 375 766; x_wconf 86' lang='lat' dir='ltr'>multa</span> <span class='ocrx_word' id='word_1_100' title='bbox 392 726 572 764; x_wconf 87' lang='lat' dir='ltr'>inutiliter</span> <span class='ocrx_word' id='word_1_101' title='bbox 586 725 857 778; x_wconf 85' lang='lat' dir='ltr'>prodigantur,</span> <span class='ocrx_word' id='word_1_102' title='bbox 879 728 998 766; x_wconf 87' lang='lat' dir='ltr'>autin</span> <span class='ocrx_word' id='word_1_103' title='bbox 1017 727 1302 768; x_wconf 82' lang='lat' dir='ltr'>solennitatibus</span> <span class='ocrx_word' id='word_1_104' title='bbox 1318 728 1481 779; x_wconf 89' lang='lat' dir='ltr'>publicis</span> <span class='ocrx_word' id='word_1_105' title='bbox 1493 758 1506 778; x_wconf 92' lang='lat'>,</span> <span class='ocrx_word' id='word_1_106' title='bbox 1538 730 1695 780; x_wconf 78' lang='lat' dir='ltr'>aliisque</span> <span class='ocrx_word' id='word_1_107' title='bbox 1712 729 2030 770; x_wconf 87' lang='lat' dir='ltr'>ostentationibus</span> <span class='ocrx_word' id='word_1_108' title='bbox 2041 760 2055 778; x_wconf 91' lang='lat'><strong>‚</strong></span> <span class='ocrx_word' id='word_1_109' title='bbox 2112 731 2115 783; x_wconf 72' lang='lat' dir='ltr'><strong>f</strong></span> 
     </span>
     <span class='ocr_line' id='line_1_15' title="bbox 256 784 2114 840; baseline 0.003 -15"><span class='ocrx_word' id='word_1_110' title='bbox 256 785 320 825; x_wconf 90' lang='lat' dir='ltr'>sed</span> <span class='ocrx_word' id='word_1_111' title='bbox 341 784 447 838; x_wconf 91' lang='lat' dir='ltr'>quod</span> <span class='ocrx_word' id='word_1_112' title='bbox 467 796 571 825; x_wconf 89' lang='lat' dir='ltr'>arces</span> <span class='ocrx_word' id='word_1_113' title='bbox 592 785 629 825; x_wconf 74' lang='grc' dir='ltr'>δε</span> <span class='ocrx_word' id='word_1_114' title='bbox 645 787 932 837; x_wconf 88' lang='lat' dir='ltr'>propugnacula</span> <span class='ocrx_word' id='word_1_115' title='bbox 957 787 1224 831; x_wconf 79' lang='lat' dir='ltr'>sufficientibus</span> <span class='ocrx_word' id='word_1_116' title='bbox 1245 786 1422 826; x_wconf 68' lang='lat' dir='ltr'>instru&amp;a</span> <span class='ocrx_word' id='word_1_117' title='bbox 1447 788 1520 828; x_wconf 88' lang='lat' dir='ltr'>fint</span> <span class='ocrx_word' id='word_1_118' title='bbox 1545 788 1746 840; x_wconf 83' lang='lat' dir='ltr'>praesidiis,</span> <span class='ocrx_word' id='word_1_119' title='bbox 1772 789 1810 829; x_wconf 89' lang='lat'>&amp;</span> <span class='ocrx_word' id='word_1_120' title='bbox 1826 790 2056 830; x_wconf 84' lang='lat' dir='ltr'>conserven-</span> <span class='ocrx_word' id='word_1_121' title='bbox 2112 788 2114 835; x_wconf 64' lang='grc' dir='ltr'><strong>ἐ</strong></span> 
     </span>
     <span class='ocr_line' id='line_1_16' title="bbox 256 844 2114 898; baseline 0.001 -12"><span class='ocrx_word' id='word_1_122' title='bbox 256 855 318 886; x_wconf 86' lang='lat' dir='ltr'>tur</span> <span class='ocrx_word' id='word_1_123' title='bbox 339 847 543 888; x_wconf 78' lang='lat' dir='ltr'>exercitus.</span> <span class='ocrx_word' id='word_1_124' title='bbox 613 844 772 884; x_wconf 86' lang='lat' dir='ltr'>Carolus</span> <span class='ocrx_word' id='word_1_125' title='bbox 793 845 961 897; x_wconf 86' lang='lat' dir='ltr'>Quintus</span> <span class='ocrx_word' id='word_1_126' title='bbox 980 848 1191 898; x_wconf 83' lang='lat' dir='ltr'>Imperator</span> <span class='ocrx_word' id='word_1_127' title='bbox 1206 850 1244 887; x_wconf 86' lang='lat' dir='ltr'>in</span> <span class='ocrx_word' id='word_1_128' title='bbox 1266 846 1440 887; x_wconf 88' lang='lat' dir='ltr'>Comitiis</span> <span class='ocrx_word' id='word_1_129' title='bbox 1457 847 1736 888; x_wconf 88' lang='lat' dir='ltr'>Vallisoletanis</span> <span class='ocrx_word' id='word_1_130' title='bbox 1766 849 1889 888; x_wconf 87' lang='lat' dir='ltr'>officia</span> <span class='ocrx_word' id='word_1_131' title='bbox 1920 849 1958 888; x_wconf 75' lang='grc' dir='ltr'>δε</span> <span class='ocrx_word' id='word_1_132' title='bbox 1993 849 2054 888; x_wconf 80' lang='lat' dir='ltr'>sti·</span> <span class='ocrx_word' id='word_1_133' title='bbox 2112 864 2114 881; x_wconf 61' lang='lat' dir='ltr'>i</span> 
     </span>
     <span class='ocr_line' id='line_1_17' title="bbox 256 900 2114 960; baseline 0.001 -15"><span class='ocrx_word' id='word_1_134' title='bbox 256 905 397 958; x_wconf 71' lang='lat' dir='ltr'>pendia</span> <span class='ocrx_word' id='word_1_135' title='bbox 417 905 546 945; x_wconf 83' lang='lat' dir='ltr'>Palatii</span> <span class='ocrx_word' id='word_1_136' title='bbox 565 903 618 943; x_wconf 90' lang='lat' dir='ltr'>sui</span> <span class='ocrx_word' id='word_1_137' title='bbox 635 904 856 945; x_wconf 83' lang='lat' dir='ltr'>moderatus</span> <span class='ocrx_word' id='word_1_138' title='bbox 873 905 940 950; x_wconf 84' lang='lat' dir='ltr'>est.</span> <span class='ocrx_word' id='word_1_139' title='bbox 1000 906 1104 946; x_wconf 84' lang='lat' dir='ltr'>Vera</span> <span class='ocrx_word' id='word_1_140' title='bbox 1117 908 1345 960; x_wconf 88' lang='lat' dir='ltr'>Principium</span> <span class='ocrx_word' id='word_1_141' title='bbox 1355 909 1637 959; x_wconf 82' lang='lat' dir='ltr'>magnanimitas</span> <span class='ocrx_word' id='word_1_142' title='bbox 1647 910 1686 948; x_wconf 90' lang='lat' dir='ltr'>in</span> <span class='ocrx_word' id='word_1_143' title='bbox 1700 920 1749 948; x_wconf 90' lang='lat' dir='ltr'>eo</span> <span class='ocrx_word' id='word_1_144' title='bbox 1761 908 1814 948; x_wconf 89' lang='lat' dir='ltr'>est</span> <span class='ocrx_word' id='word_1_145' title='bbox 1824 907 1999 960; x_wconf 83' lang='lat' dir='ltr'>posita,s1</span> <span class='ocrx_word' id='word_1_146' title='bbox 2015 909 2057 947; x_wconf 90' lang='lat' dir='ltr'>li-</span> <span class='ocrx_word' id='word_1_147' title='bbox 2113 900 2114 939; x_wconf 56' lang='lat' dir='ltr'>l</span> 
     </span>
     <span class='ocr_line' id='line_1_18' title="bbox 256 963 2113 1020; baseline 0.002 -15"><span class='ocrx_word' id='word_1_148' title='bbox 256 964 403 1005; x_wconf 86' lang='lat' dir='ltr'>berales</span> <span class='ocrx_word' id='word_1_149' title='bbox 416 964 488 1004; x_wconf 78' lang='lat' dir='ltr'>lint</span> <span class='ocrx_word' id='word_1_150' title='bbox 503 975 590 1016; x_wconf 88' lang='lat' dir='ltr'>erga</span> <span class='ocrx_word' id='word_1_151' title='bbox 607 963 714 1013; x_wconf 86' lang='lat' dir='ltr'>alios,</span> <span class='ocrx_word' id='word_1_152' title='bbox 728 965 767 1004; x_wconf 91' lang='lat' dir='ltr'>in</span> <span class='ocrx_word' id='word_1_153' title='bbox 787 964 1005 1018; x_wconf 89' lang='lat' dir='ltr'>semetipsos</span> <span class='ocrx_word' id='word_1_154' title='bbox 1021 969 1126 1018; x_wconf 85' lang='lat' dir='ltr'>parci</span> <span class='ocrx_word' id='word_1_155' title='bbox 1143 967 1180 1007; x_wconf 71' lang='grc' dir='ltr'>δε</span> <span class='ocrx_word' id='word_1_156' title='bbox 1195 967 1397 1011; x_wconf 73' lang='lat' dir='ltr'>moderati.</span> <span class='ocrx_word' id='word_1_157' title='bbox 1455 966 1664 1019; x_wconf 72' lang='lat' dir='ltr'>Propterea</span> <span class='ocrx_word' id='word_1_158' title='bbox 1677 968 1868 1019; x_wconf 87' lang='lat' dir='ltr'>Hispaniae</span> <span class='ocrx_word' id='word_1_159' title='bbox 1889 967 1926 1007; x_wconf 89' lang='lat'>&amp;</span> <span class='ocrx_word' id='word_1_160' title='bbox 1939 967 2053 1008; x_wconf 91' lang='lat' dir='ltr'>Fran·</span> <span class='ocrx_word' id='word_1_161' title='bbox 2112 1004 2113 1020; x_wconf 27' lang='lat'>¹</span> 
     </span>
    </p>
   </div>
   <div class='ocr_carea' id='block_1_10' title="bbox 254 1023 2054 1081">
    <p class='ocr_par' dir='ltr' id='par_1_10' title="bbox 254 1023 2054 1081">
     <span class='ocr_line' id='line_1_19' title="bbox 254 1023 2054 1081; baseline 0.001 -16"><span class='ocrx_word' id='word_1_162' title='bbox 254 1027 321 1065; x_wconf 86' lang='lat' dir='ltr'>ciae</span> <span class='ocrx_word' id='word_1_163' title='bbox 344 1024 431 1063; x_wconf 84' lang='lat' dir='ltr'>Rex</span> <span class='ocrx_word' id='word_1_164' title='bbox 449 1023 672 1063; x_wconf 86' lang='lat' dir='ltr'>Sisenandus</span> <span class='ocrx_word' id='word_1_165' title='bbox 690 1023 717 1077; x_wconf 65' lang='grc' dir='ltr'><em>ζ</em></span> <span class='ocrx_word' id='word_1_166' title='bbox 736 1026 818 1066; x_wconf 91' lang='lat' dir='ltr'>hoc</span> <span class='ocrx_word' id='word_1_167' title='bbox 827 1025 940 1066; x_wconf 90' lang='lat' dir='ltr'>titulo</span> <span class='ocrx_word' id='word_1_168' title='bbox 967 1038 1055 1066; x_wconf 88' lang='lat' dir='ltr'>eum</span> <span class='ocrx_word' id='word_1_169' title='bbox 1075 1028 1324 1079; x_wconf 87' lang='lat' dir='ltr'>compellavit</span> <span class='ocrx_word' id='word_1_170' title='bbox 1348 1026 1564 1067; x_wconf 86' lang='lat' dir='ltr'>Concilium</span> <span class='ocrx_word' id='word_1_171' title='bbox 1582 1027 1814 1067; x_wconf 84' lang='lat' dir='ltr'>Toletanum</span> <span class='ocrx_word' id='word_1_172' title='bbox 1834 1027 2054 1081; x_wconf 77' lang='lat' dir='ltr'>Quartum)</span> 
     </span>
    </p>
   </div>
   <div class='ocr_carea' id='block_1_11' title="bbox 255 1082 2114 1198">
    <p class='ocr_par' dir='ltr' id='par_1_11' title="bbox 255 1082 2114 1198">
     <span class='ocr_line' id='line_1_20' title="bbox 255 1082 2113 1141; baseline 0.002 -18"><span class='ocrx_word' id='word_1_173' title='bbox 255 1085 407 1124; x_wconf 90' lang='lat' dir='ltr'>dicebat</span> <span class='ocrx_word' id='word_1_174' title='bbox 444 1083 572 1136; x_wconf 88' lang='lat' dir='ltr'>Reges</span> <span class='ocrx_word' id='word_1_175' title='bbox 609 1082 684 1124; x_wconf 85' lang='lat' dir='ltr'>effe</span> <span class='ocrx_word' id='word_1_176' title='bbox 714 1083 874 1134; x_wconf 19' lang='lat' dir='ltr'>debere,</span> <span class='ocrx_word' id='word_1_177' title='bbox 899 1085 925 1141; x_wconf 69' lang='grc' dir='ltr'>ζ</span> <span class='ocrx_word' id='word_1_178' title='bbox 940 1085 1002 1140; x_wconf 80' lang='lat' dir='ltr'>c)</span> <span class='ocrx_word' id='word_1_179' title='bbox 1030 1089 1117 1127; x_wconf 80' lang='lat' dir='ltr'>mais</span> <span class='ocrx_word' id='word_1_180' title='bbox 1145 1084 1260 1139; x_wconf 57' lang='lat' dir='ltr'>escasbs</span> <span class='ocrx_word' id='word_1_181' title='bbox 1281 1119 1294 1136; x_wconf 93' lang='lat'>,</span> <span class='ocrx_word' id='word_1_182' title='bbox 1331 1100 1397 1140; x_wconf 73' lang='lat' dir='ltr'>que</span> <span class='ocrx_word' id='word_1_183' title='bbox 1432 1085 1632 1140; x_wconf 70' lang='lat' dir='ltr'>gcstadores</span> <span class='ocrx_word' id='word_1_184' title='bbox 1655 1101 1668 1136; x_wconf 84' lang='lat'>,-</span> <span class='ocrx_word' id='word_1_185' title='bbox 1727 1087 1805 1127; x_wconf 91' lang='lat' dir='ltr'>hoc</span> <span class='ocrx_word' id='word_1_186' title='bbox 1841 1085 1896 1126; x_wconf 91' lang='lat' dir='ltr'>est</span> <span class='ocrx_word' id='word_1_187' title='bbox 1918 1117 1930 1136; x_wconf 96' lang='lat'>,</span> <span class='ocrx_word' id='word_1_188' title='bbox 1969 1100 2054 1139; x_wconf 88' lang='lat' dir='ltr'>par-</span> <span class='ocrx_word' id='word_1_189' title='bbox 2112 1103 2113 1128; x_wconf 68' lang='lat' dir='ltr'>l</span> 
     </span>
     <span class='ocr_line' id='line_1_21' title="bbox 255 1141 2114 1198; baseline 0.001 -14"><span class='ocrx_word' id='word_1_190' title='bbox 255 1156 323 1184; x_wconf 90' lang='lat' dir='ltr'>cos</span> <span class='ocrx_word' id='word_1_191' title='bbox 340 1144 456 1196; x_wconf 88' lang='lat' dir='ltr'>magis</span> <span class='ocrx_word' id='word_1_192' title='bbox 479 1173 492 1193; x_wconf 95' lang='lat'>,</span> <span class='ocrx_word' id='word_1_193' title='bbox 522 1141 637 1195; x_wconf 71' lang='lat' dir='ltr'>quam</span> <span class='ocrx_word' id='word_1_194' title='bbox 670 1143 867 1196; x_wconf 59' lang='lat' dir='ltr'>prodigos</span> <span class='ocrx_word' id='word_1_195' title='bbox 928 1144 994 1185; x_wconf 90' lang='lat' dir='ltr'>Sat</span> <span class='ocrx_word' id='word_1_196' title='bbox 1016 1146 1093 1186; x_wconf 87' lang='lat' dir='ltr'>scio</span> <span class='ocrx_word' id='word_1_197' title='bbox 1109 1176 1122 1197; x_wconf 96' lang='lat'>,</span> <span class='ocrx_word' id='word_1_198' title='bbox 1150 1146 1264 1198; x_wconf 70' lang='lat' dir='ltr'>quam</span> <span class='ocrx_word' id='word_1_199' title='bbox 1294 1145 1462 1186; x_wconf 88' lang='lat' dir='ltr'>remedia</span> <span class='ocrx_word' id='word_1_200' title='bbox 1480 1145 1546 1186; x_wconf 90' lang='lat' dir='ltr'>ista</span> <span class='ocrx_word' id='word_1_201' title='bbox 1569 1146 1729 1187; x_wconf 88' lang='lat' dir='ltr'>difficilia</span> <span class='ocrx_word' id='word_1_202' title='bbox 1750 1147 1822 1187; x_wconf 85' lang='lat' dir='ltr'>sint</span> <span class='ocrx_word' id='word_1_203' title='bbox 1843 1147 1881 1186; x_wconf 89' lang='lat'>&amp;</span> <span class='ocrx_word' id='word_1_204' title='bbox 1906 1145 2020 1186; x_wconf 88' lang='lat' dir='ltr'>ardua</span> <span class='ocrx_word' id='word_1_205' title='bbox 2042 1158 2056 1192; x_wconf 86' lang='lat'>;</span> <span class='ocrx_word' id='word_1_206' title='bbox 2111 1173 2114 1194; x_wconf 37' lang='grc' dir='ltr'><strong><em>ι</em></strong></span> 
     </span>
    </p>
   </div>
   <div class='ocr_carea' id='block_1_12' title="bbox 251 1202 2055 1374">
    <p class='ocr_par' dir='ltr' id='par_1_12' title="bbox 251 1202 2055 1374">
     <span class='ocr_line' id='line_1_22' title="bbox 253 1202 2055 1260; baseline 0.001 -16"><span class='ocrx_word' id='word_1_207' title='bbox 253 1202 391 1244; x_wconf 78' lang='lat' dir='ltr'>verum</span> <span class='ocrx_word' id='word_1_208' title='bbox 414 1212 542 1243; x_wconf 89' lang='lat' dir='ltr'>tamen</span> <span class='ocrx_word' id='word_1_209' title='bbox 563 1232 576 1251; x_wconf 94' lang='lat'>,</span> <span class='ocrx_word' id='word_1_210' title='bbox 606 1212 650 1243; x_wconf 91' lang='lat' dir='ltr'>ut</span> <span class='ocrx_word' id='word_1_211' title='bbox 671 1215 758 1243; x_wconf 88' lang='lat' dir='ltr'>cum</span> <span class='ocrx_word' id='word_1_212' title='bbox 793 1203 995 1244; x_wconf 88' lang='lat' dir='ltr'>Petrarcha</span> <span class='ocrx_word' id='word_1_213' title='bbox 1016 1209 1098 1247; x_wconf 92' lang='lat' dir='ltr'>hoc</span> <span class='ocrx_word' id='word_1_214' title='bbox 1123 1207 1244 1246; x_wconf 82' lang='lat' dir='ltr'>dicam</span> <span class='ocrx_word' id='word_1_215' title='bbox 1270 1236 1283 1254; x_wconf 90' lang='lat'>,</span> <span class='ocrx_word' id='word_1_216' title='bbox 1311 1204 1386 1260; x_wconf 71' lang='lat' dir='ltr'>(A)</span> <span class='ocrx_word' id='word_1_217' title='bbox 1403 1206 1526 1247; x_wconf 70' lang='lat' dir='ltr'>Multa</span> <span class='ocrx_word' id='word_1_218' title='bbox 1545 1203 1656 1256; x_wconf 75' lang='lat' dir='ltr'>scribo</span> <span class='ocrx_word' id='word_1_219' title='bbox 1682 1238 1694 1255; x_wconf 86' lang='lat'>,</span> <span class='ocrx_word' id='word_1_220' title='bbox 1724 1214 1877 1247; x_wconf 75' lang='lat' dir='ltr'>nontam</span> <span class='ocrx_word' id='word_1_221' title='bbox 1904 1203 2055 1257; x_wconf 77' lang='lat' dir='ltr'>utfiecu-</span> 
     </span>
     <span class='ocr_line' id='line_1_23' title="bbox 251 1260 2055 1322; baseline 0.004 -19"><span class='ocrx_word' id='word_1_222' title='bbox 251 1264 280 1303; x_wconf 85' lang='lat' dir='ltr'>lo</span> <span class='ocrx_word' id='word_1_223' title='bbox 299 1277 365 1303; x_wconf 80' lang='lat' dir='ltr'>meo</span> <span class='ocrx_word' id='word_1_224' title='bbox 376 1261 500 1315; x_wconf 72' lang='lat' dir='ltr'>prosim</span> <span class='ocrx_word' id='word_1_225' title='bbox 523 1294 534 1310; x_wconf 84' lang='lat'>,</span> <span class='ocrx_word' id='word_1_226' title='bbox 565 1263 660 1313; x_wconf 73' lang='lat' dir='ltr'>cnjus</span> <span class='ocrx_word' id='word_1_227' title='bbox 669 1263 746 1314; x_wconf 79' lang='lat' dir='ltr'>jam</span> <span class='ocrx_word' id='word_1_228' title='bbox 769 1260 944 1315; x_wconf 81' lang='lat' dir='ltr'>desperata</span> <span class='ocrx_word' id='word_1_229' title='bbox 957 1262 1090 1317; x_wconf 62' lang='lat' dir='ltr'>infirm</span> <span class='ocrx_word' id='word_1_230' title='bbox 1108 1265 1155 1322; x_wconf 76' lang='lat' dir='ltr'>cst</span> <span class='ocrx_word' id='word_1_231' title='bbox 1181 1298 1193 1316; x_wconf 92' lang='lat'>,</span> <span class='ocrx_word' id='word_1_232' title='bbox 1225 1268 1329 1320; x_wconf 66' lang='lat' dir='ltr'>qmlm</span> <span class='ocrx_word' id='word_1_233' title='bbox 1350 1274 1391 1306; x_wconf 76' lang='lat' dir='ltr'>ut</span> <span class='ocrx_word' id='word_1_234' title='bbox 1408 1279 1458 1306; x_wconf 81' lang='lat' dir='ltr'>me</span> <span class='ocrx_word' id='word_1_235' title='bbox 1472 1263 1573 1319; x_wconf 67' lang='lat' dir='ltr'>ipfitm</span> <span class='ocrx_word' id='word_1_236' title='bbox 1596 1269 1756 1320; x_wconf 55' lang='lat' dir='ltr'>conceptis</span> <span class='ocrx_word' id='word_1_237' title='bbox 1773 1278 1945 1308; x_wconf 77' lang='lat' dir='ltr'>exonerem</span> <span class='ocrx_word' id='word_1_238' title='bbox 1958 1297 1972 1316; x_wconf 83' lang='lat'>,</span> <span class='ocrx_word' id='word_1_239' title='bbox 2001 1264 2055 1310; x_wconf 73' lang='lat'>&amp;⁹</span> 
     </span>
     <span class='ocr_line' id='line_1_24' title="bbox 251 1319 650 1374; baseline -0.005 -11"><span class='ocrx_word' id='word_1_240' title='bbox 251 1319 650 1374; x_wconf 75' lang='lat' dir='ltr'>animmnscriptisfhler.</span> 
     </span>
    </p>
   </div>
   <div class='ocr_carea' id='block_1_13' title="bbox 251 1365 2112 1496">
    <p class='ocr_par' dir='ltr' id='par_1_13' title="bbox 251 1365 2112 1496">
     <span class='ocr_line' id='line_1_25' title="bbox 403 1365 2112 1436; baseline 0.001 -14"><span class='ocrx_word' id='word_1_241' title='bbox 403 1382 438 1433; x_wconf 81' lang='lat'>§.</span> <span class='ocrx_word' id='word_1_242' title='bbox 471 1382 537 1420; x_wconf 90' lang='lat' dir='ltr'>De</span> <span class='ocrx_word' id='word_1_243' title='bbox 560 1391 801 1422; x_wconf 87' lang='lat' dir='ltr'>monetarum</span> <span class='ocrx_word' id='word_1_244' title='bbox 821 1382 997 1423; x_wconf 87' lang='lat' dir='ltr'>remediis</span> <span class='ocrx_word' id='word_1_245' title='bbox 1014 1385 1082 1424; x_wconf 84' lang='lat' dir='ltr'>vix</span> <span class='ocrx_word' id='word_1_246' title='bbox 1098 1384 1213 1425; x_wconf 83' lang='lat' dir='ltr'>ausim</span> <span class='ocrx_word' id='word_1_247' title='bbox 1230 1384 1369 1435; x_wconf 86' lang='lat' dir='ltr'>aliquid</span> <span class='ocrx_word' id='word_1_248' title='bbox 1392 1384 1542 1432; x_wconf 85' lang='lat' dir='ltr'>dicere,</span> <span class='ocrx_word' id='word_1_249' title='bbox 1565 1386 1652 1436; x_wconf 87' lang='lat' dir='ltr'>quia</span> <span class='ocrx_word' id='word_1_250' title='bbox 1664 1384 1820 1436; x_wconf 87' lang='lat' dir='ltr'>pupillae</span> <span class='ocrx_word' id='word_1_251' title='bbox 1847 1385 1931 1424; x_wconf 89' lang='lat' dir='ltr'>sunt</span> <span class='ocrx_word' id='word_1_252' title='bbox 1957 1394 2053 1423; x_wconf 87' lang='lat' dir='ltr'>ocu-</span> <span class='ocrx_word' id='word_1_253' title='bbox 2110 1365 2112 1408; x_wconf 40' lang='grc' dir='ltr'>ξ</span> 
     </span>
     <span class='ocr_line' id='line_1_26' title="bbox 251 1442 2112 1496; baseline 0 -14"><span class='ocrx_word' id='word_1_254' title='bbox 251 1443 378 1482; x_wconf 88' lang='lat' dir='ltr'>lorum</span> <span class='ocrx_word' id='word_1_255' title='bbox 404 1442 641 1493; x_wconf 81' lang='lat' dir='ltr'>Reipublicae</span> <span class='ocrx_word' id='word_1_256' title='bbox 659 1471 671 1490; x_wconf 93' lang='lat'>,</span> <span class='ocrx_word' id='word_1_257' title='bbox 702 1454 785 1493; x_wconf 89' lang='lat' dir='ltr'>quae</span> <span class='ocrx_word' id='word_1_258' title='bbox 807 1442 886 1482; x_wconf 82' lang='lat' dir='ltr'>sine</span> <span class='ocrx_word' id='word_1_259' title='bbox 907 1442 1121 1484; x_wconf 79' lang='lat' dir='ltr'>offensione</span> <span class='ocrx_word' id='word_1_260' title='bbox 1142 1444 1314 1483; x_wconf 82' lang='lat' dir='ltr'>manibus</span> <span class='ocrx_word' id='word_1_261' title='bbox 1337 1446 1438 1496; x_wconf 88' lang='lat' dir='ltr'>tangi</span> <span class='ocrx_word' id='word_1_262' title='bbox 1464 1445 1501 1484; x_wconf 92' lang='lat' dir='ltr'>se</span> <span class='ocrx_word' id='word_1_263' title='bbox 1522 1456 1602 1483; x_wconf 91' lang='lat' dir='ltr'>non</span> <span class='ocrx_word' id='word_1_264' title='bbox 1618 1444 1743 1483; x_wconf 79' lang='lat' dir='ltr'>sinunt</span> <span class='ocrx_word' id='word_1_265' title='bbox 1763 1476 1776 1494; x_wconf 93' lang='lat'>,</span> <span class='ocrx_word' id='word_1_266' title='bbox 1808 1444 1985 1495; x_wconf 87' lang='lat' dir='ltr'>adeoque</span> <span class='ocrx_word' id='word_1_267' title='bbox 1998 1443 2050 1483; x_wconf 83' lang='lat' dir='ltr'>sa·</span> <span class='ocrx_word' id='word_1_268' title='bbox 2111 1449 2112 1458; x_wconf 65' lang='lat'>¹</span> 
     </span>
    </p>
   </div>
   <div class='ocr_carea' id='block_1_14' title="bbox 254 1500 2054 1554">
    <p class='ocr_par' dir='ltr' id='par_1_14' title="bbox 254 1500 2054 1554">
     <span class='ocr_line' id='line_1_27' title="bbox 254 1500 2054 1554; baseline -0.001 -12"><span class='ocrx_word' id='word_1_269' title='bbox 254 1504 330 1542; x_wconf 88' lang='lat' dir='ltr'>tius</span> <span class='ocrx_word' id='word_1_270' title='bbox 345 1501 498 1541; x_wconf 84' lang='lat' dir='ltr'>videtur</span> <span class='ocrx_word' id='word_1_271' title='bbox 516 1500 672 1540; x_wconf 72' lang='lat' dir='ltr'>intactas</span> <span class='ocrx_word' id='word_1_272' title='bbox 694 1513 756 1540; x_wconf 87' lang='lat' dir='ltr'>eas</span> <span class='ocrx_word' id='word_1_273' title='bbox 772 1504 1007 1552; x_wconf 86' lang='lat' dir='ltr'>relinquere,</span> <span class='ocrx_word' id='word_1_274' title='bbox 1037 1504 1149 1554; x_wconf 76' lang='lat' dir='ltr'>quam</span> <span class='ocrx_word' id='word_1_275' title='bbox 1173 1503 1278 1542; x_wconf 87' lang='lat' dir='ltr'>usum</span> <span class='ocrx_word' id='word_1_276' title='bbox 1297 1504 1494 1552; x_wconf 84' lang='lat' dir='ltr'>antiquum</span> <span class='ocrx_word' id='word_1_277' title='bbox 1513 1505 1726 1543; x_wconf 88' lang='lat' dir='ltr'>immutare.</span> <span class='ocrx_word' id='word_1_278' title='bbox 1786 1502 1952 1542; x_wconf 90' lang='lat' dir='ltr'>Nullum</span> <span class='ocrx_word' id='word_1_279' title='bbox 1972 1511 2054 1542; x_wconf 82' lang='lat' dir='ltr'>tan.</span> 
     </span>
    </p>
   </div>
   <div class='ocr_carea' id='block_1_15' title="bbox 251 1560 2093 1620">
    <p class='ocr_par' dir='ltr' id='par_1_15' title="bbox 251 1560 2093 1620">
     <span class='ocr_line' id='line_1_28' title="bbox 251 1560 2093 1620; baseline 0.001 -19"><span class='ocrx_word' id='word_1_280' title='bbox 251 1570 335 1601; x_wconf 89' lang='lat' dir='ltr'>tum</span> <span class='ocrx_word' id='word_1_281' title='bbox 354 1560 408 1600; x_wconf 90' lang='lat' dir='ltr'>est</span> <span class='ocrx_word' id='word_1_282' title='bbox 422 1560 604 1612; x_wconf 88' lang='lat' dir='ltr'>judicium</span> <span class='ocrx_word' id='word_1_283' title='bbox 622 1590 633 1608; x_wconf 88' lang='lat'>,</span> <span class='ocrx_word' id='word_1_284' title='bbox 663 1561 768 1610; x_wconf 89' lang='lat' dir='ltr'>quod</span> <span class='ocrx_word' id='word_1_285' title='bbox 785 1571 1017 1611; x_wconf 81' lang='lat' dir='ltr'>praevertere</span> <span class='ocrx_word' id='word_1_286' title='bbox 1041 1570 1156 1612; x_wconf 88' lang='lat' dir='ltr'>queat</span> <span class='ocrx_word' id='word_1_287' title='bbox 1169 1560 1417 1600; x_wconf 84' lang='lat' dir='ltr'>incommoda</span> <span class='ocrx_word' id='word_1_288' title='bbox 1446 1562 1574 1601; x_wconf 85' lang='lat' dir='ltr'>omnia</span> <span class='ocrx_word' id='word_1_289' title='bbox 1597 1590 1611 1609; x_wconf 89' lang='lat'>,</span> <span class='ocrx_word' id='word_1_290' title='bbox 1642 1572 1727 1612; x_wconf 85' lang='lat' dir='ltr'>quae</span> <span class='ocrx_word' id='word_1_291' title='bbox 1747 1572 1799 1601; x_wconf 83' lang='lat' dir='ltr'>ex</span> <span class='ocrx_word' id='word_1_292' title='bbox 1821 1573 2052 1614; x_wconf 87' lang='lat' dir='ltr'>quacunque</span> <span class='ocrx_word' id='word_1_293' title='bbox 2091 1616 2093 1620; x_wconf 71' lang='lat'>‚</span> 
     </span>
    </p>
   </div>
   <div class='ocr_carea' id='block_1_16' title="bbox 249 1618 2050 1673">
    <p class='ocr_par' dir='ltr' id='par_1_16' title="bbox 249 1618 2050 1673">
     <span class='ocr_line' id='line_1_29' title="bbox 249 1618 2050 1673; baseline 0.001 -13"><span class='ocrx_word' id='word_1_294' title='bbox 249 1622 396 1660; x_wconf 90' lang='lat' dir='ltr'>illarum</span> <span class='ocrx_word' id='word_1_295' title='bbox 417 1621 592 1659; x_wconf 88' lang='lat' dir='ltr'>novitate</span> <span class='ocrx_word' id='word_1_296' title='bbox 611 1620 776 1658; x_wconf 88' lang='lat' dir='ltr'>subnalci</span> <span class='ocrx_word' id='word_1_297' title='bbox 795 1619 938 1667; x_wconf 84' lang='lat' dir='ltr'>solent,</span> <span class='ocrx_word' id='word_1_298' title='bbox 969 1620 1095 1660; x_wconf 89' lang='lat' dir='ltr'>donec</span> <span class='ocrx_word' id='word_1_299' title='bbox 1112 1622 1352 1673; x_wconf 80' lang='lat' dir='ltr'>experientia</span> <span class='ocrx_word' id='word_1_300' title='bbox 1367 1621 1443 1673; x_wconf 88' lang='lat' dir='ltr'>ipsa</span> <span class='ocrx_word' id='word_1_301' title='bbox 1462 1633 1507 1660; x_wconf 86' lang='lat' dir='ltr'>ea</span> <span class='ocrx_word' id='word_1_302' title='bbox 1527 1618 1814 1672; x_wconf 87' lang='lat' dir='ltr'>deprehendat.-</span> <span class='ocrx_word' id='word_1_303' title='bbox 1843 1620 1932 1661; x_wconf 72' lang='lat' dir='ltr'>cum</span> <span class='ocrx_word' id='word_1_304' title='bbox 1949 1624 2050 1662; x_wconf 89' lang='lat' dir='ltr'>enim</span> 
     </span>
    </p>
   </div>
   <div class='ocr_carea' id='block_1_17' title="bbox 252 1678 2110 1733">
    <p class='ocr_par' dir='ltr' id='par_1_17' title="bbox 252 1678 2110 1733">
     <span class='ocr_line' id='line_1_30' title="bbox 252 1678 2110 1733; baseline 0.001 -13"><span class='ocrx_word' id='word_1_305' title='bbox 252 1680 324 1720; x_wconf 88' lang='lat' dir='ltr'>fint</span> <span class='ocrx_word' id='word_1_306' title='bbox 340 1681 460 1719; x_wconf 88' lang='lat' dir='ltr'>veluti</span> <span class='ocrx_word' id='word_1_307' title='bbox 478 1680 605 1731; x_wconf 87' lang='lat' dir='ltr'>regula</span> <span class='ocrx_word' id='word_1_308' title='bbox 622 1678 660 1718; x_wconf 85' lang='lat'>&amp;</span> <span class='ocrx_word' id='word_1_309' title='bbox 679 1678 851 1718; x_wconf 87' lang='lat' dir='ltr'>mensura</span> <span class='ocrx_word' id='word_1_310' title='bbox 869 1678 1148 1729; x_wconf 67' lang='lat' dir='ltr'>contradituum,</span> <span class='ocrx_word' id='word_1_311' title='bbox 1166 1682 1209 1719; x_wconf 90' lang='lat' dir='ltr'>iis</span> <span class='ocrx_word' id='word_1_312' title='bbox 1230 1681 1382 1719; x_wconf 89' lang='lat' dir='ltr'>variatis</span> <span class='ocrx_word' id='word_1_313' title='bbox 1420 1682 1613 1732; x_wconf 85' lang='lat' dir='ltr'>patiuntur</span> <span class='ocrx_word' id='word_1_314' title='bbox 1633 1692 1768 1720; x_wconf 88' lang='lat' dir='ltr'>omnes</span> <span class='ocrx_word' id='word_1_315' title='bbox 1784 1710 1797 1730; x_wconf 87' lang='lat'>,</span> <span class='ocrx_word' id='word_1_316' title='bbox 1825 1682 2050 1733; x_wconf 82' lang='lat' dir='ltr'>perturbari·</span> <span class='ocrx_word' id='word_1_317' title='bbox 2096 1679 2110 1731; x_wconf 71' lang='lat' dir='ltr'><em>J</em></span> 
     </span>
    </p>
   </div>
   <div class='ocr_carea' id='block_1_18' title="bbox 251 1737 2055 1853">
    <p class='ocr_par' dir='ltr' id='par_1_18' title="bbox 251 1737 2055 1853">
     <span class='ocr_line' id='line_1_31' title="bbox 252 1737 2053 1792; baseline 0.001 -13"><span class='ocrx_word' id='word_1_318' title='bbox 252 1750 314 1779; x_wconf 91' lang='lat' dir='ltr'>tur</span> <span class='ocrx_word' id='word_1_319' title='bbox 331 1740 561 1779; x_wconf 86' lang='lat' dir='ltr'>commercia</span> <span class='ocrx_word' id='word_1_320' title='bbox 579 1768 592 1788; x_wconf 86' lang='lat'>,</span> <span class='ocrx_word' id='word_1_321' title='bbox 623 1737 660 1777; x_wconf 88' lang='lat'>&amp;</span> <span class='ocrx_word' id='word_1_322' title='bbox 677 1738 907 1788; x_wconf 80' lang='lat' dir='ltr'>Respublica</span> <span class='ocrx_word' id='word_1_323' title='bbox 927 1740 1003 1792; x_wconf 87' lang='lat' dir='ltr'>ipsa</span> <span class='ocrx_word' id='word_1_324' title='bbox 1027 1739 1129 1791; x_wconf 85' lang='lat' dir='ltr'>quafi</span> <span class='ocrx_word' id='word_1_325' title='bbox 1159 1751 1266 1779; x_wconf 87' lang='lat' dir='ltr'>extra</span> <span class='ocrx_word' id='word_1_326' title='bbox 1282 1741 1319 1780; x_wconf 89' lang='lat' dir='ltr'>se</span> <span class='ocrx_word' id='word_1_327' title='bbox 1332 1742 1499 1792; x_wconf 77' lang='lat' dir='ltr'>ponitur.</span> <span class='ocrx_word' id='word_1_328' title='bbox 1560 1739 1654 1779; x_wconf 90' lang='lat' dir='ltr'>Eam</span> <span class='ocrx_word' id='word_1_329' title='bbox 1676 1741 1729 1779; x_wconf 91' lang='lat' dir='ltr'>ob</span> <span class='ocrx_word' id='word_1_330' title='bbox 1753 1752 1834 1780; x_wconf 89' lang='lat' dir='ltr'>rem</span> <span class='ocrx_word' id='word_1_331' title='bbox 1849 1739 2053 1792; x_wconf 88' lang='lat' dir='ltr'>postquam</span> 
     </span>
     <span class='ocr_line' id='line_1_32' title="bbox 251 1797 2055 1853; baseline 0.001 -15"><span class='ocrx_word' id='word_1_332' title='bbox 251 1800 339 1840; x_wconf 88' lang='lat' dir='ltr'>Rex</span> <span class='ocrx_word' id='word_1_333' title='bbox 360 1799 494 1839; x_wconf 88' lang='lat' dir='ltr'>Petrus</span> <span class='ocrx_word' id='word_1_334' title='bbox 516 1797 714 1841; x_wconf 82' lang='lat' dir='ltr'>Secundus</span> <span class='ocrx_word' id='word_1_335' title='bbox 739 1798 895 1838; x_wconf 86' lang='lat' dir='ltr'>Corona</span> <span class='ocrx_word' id='word_1_336' title='bbox 910 1799 946 1839; x_wconf 89' lang='lat' dir='ltr'>se</span> <span class='ocrx_word' id='word_1_337' title='bbox 968 1798 1195 1849; x_wconf 73' lang='lat' dir='ltr'>abdicasset,</span> <span class='ocrx_word' id='word_1_338' title='bbox 1225 1799 1506 1853; x_wconf 73' lang='lat' dir='ltr'>prudentissime</span> <span class='ocrx_word' id='word_1_339' title='bbox 1532 1799 1710 1839; x_wconf 87' lang='lat' dir='ltr'>statutum</span> <span class='ocrx_word' id='word_1_340' title='bbox 1726 1798 1801 1840; x_wconf 89' lang='lat' dir='ltr'>fuit</span> <span class='ocrx_word' id='word_1_341' title='bbox 1825 1801 1874 1840; x_wconf 89' lang='lat' dir='ltr'>ab</span> <span class='ocrx_word' id='word_1_342' title='bbox 1906 1802 2055 1853; x_wconf 84' lang='lat' dir='ltr'>Arago-</span> 
     </span>
    </p>
   </div>
   <div class='ocr_carea' id='block_1_19' title="bbox 251 1858 2132 1970">
    <p class='ocr_par' dir='ltr' id='par_1_19' title="bbox 251 1858 2132 1970">
     <span class='ocr_line' id='line_1_33' title="bbox 253 1858 2132 1912; baseline 0 -13"><span class='ocrx_word' id='word_1_343' title='bbox 253 1861 324 1899; x_wconf 85' lang='lat' dir='ltr'>niae</span> <span class='ocrx_word' id='word_1_344' title='bbox 343 1859 504 1912; x_wconf 83' lang='lat' dir='ltr'>Regno,</span> <span class='ocrx_word' id='word_1_345' title='bbox 533 1867 577 1898; x_wconf 90' lang='lat' dir='ltr'>ut</span> <span class='ocrx_word' id='word_1_346' title='bbox 605 1869 739 1897; x_wconf 87' lang='lat' dir='ltr'>omnes</span> <span class='ocrx_word' id='word_1_347' title='bbox 759 1858 940 1911; x_wconf 88' lang='lat' dir='ltr'>deinceps</span> <span class='ocrx_word' id='word_1_348' title='bbox 958 1860 1086 1911; x_wconf 88' lang='lat' dir='ltr'>Reges</span> <span class='ocrx_word' id='word_1_349' title='bbox 1107 1858 1218 1907; x_wconf 81' lang='lat' dir='ltr'>ante,</span> <span class='ocrx_word' id='word_1_350' title='bbox 1257 1871 1369 1912; x_wconf 87' lang='lat' dir='ltr'>quam</span> <span class='ocrx_word' id='word_1_351' title='bbox 1383 1860 1429 1899; x_wconf 88' lang='lat' dir='ltr'>ad</span> <span class='ocrx_word' id='word_1_352' title='bbox 1448 1861 1637 1912; x_wconf 89' lang='lat' dir='ltr'>sceptrum</span> <span class='ocrx_word' id='word_1_353' title='bbox 1656 1858 1968 1909; x_wconf 83' lang='lat' dir='ltr'>admitterentur,</span> <span class='ocrx_word' id='word_1_354' title='bbox 1994 1860 2052 1911; x_wconf 85' lang='lat' dir='ltr'>ju·</span> <span class='ocrx_word' id='word_1_355' title='bbox 2110 1893 2111 1898; x_wconf 71' lang='grc'>,</span> <span class='ocrx_word' id='word_1_356' title='bbox 2131 1891 2132 1899; x_wconf 68' lang='grc'>,</span> 
     </span>
     <span class='ocr_line' id='line_1_34' title="bbox 251 1916 2111 1970; baseline 0.001 -12"><span class='ocrx_word' id='word_1_357' title='bbox 251 1919 453 1970; x_wconf 85' lang='lat' dir='ltr'>rejurando</span> <span class='ocrx_word' id='word_1_358' title='bbox 473 1919 508 1957; x_wconf 88' lang='lat' dir='ltr'>se</span> <span class='ocrx_word' id='word_1_359' title='bbox 527 1916 802 1970; x_wconf 86' lang='lat' dir='ltr'>obstringerent</span> <span class='ocrx_word' id='word_1_360' title='bbox 838 1919 983 1958; x_wconf 90' lang='lat' dir='ltr'>nihilse</span> <span class='ocrx_word' id='word_1_361' title='bbox 1017 1921 1116 1958; x_wconf 86' lang='lat' dir='ltr'>circa</span> <span class='ocrx_word' id='word_1_362' title='bbox 1146 1919 1252 1959; x_wconf 87' lang='lat' dir='ltr'>usum</span> <span class='ocrx_word' id='word_1_363' title='bbox 1289 1919 1326 1959; x_wconf 89' lang='lat'>&amp;</span> <span class='ocrx_word' id='word_1_364' title='bbox 1346 1921 1542 1959; x_wconf 87' lang='lat' dir='ltr'>materiam</span> <span class='ocrx_word' id='word_1_365' title='bbox 1572 1929 1814 1960; x_wconf 88' lang='lat' dir='ltr'>monetarum</span> <span class='ocrx_word' id='word_1_366' title='bbox 1830 1922 2050 1960; x_wconf 87' lang='lat' dir='ltr'>immutatu-</span> <span class='ocrx_word' id='word_1_367' title='bbox 2108 1939 2111 1970; x_wconf 57' lang='lat'>,5</span> 
     </span>
    </p>
   </div>
   <div class='ocr_carea' id='block_1_20' title="bbox 250 1976 2049 2032">
    <p class='ocr_par' dir='ltr' id='par_1_20' title="bbox 250 1976 2049 2032">
     <span class='ocr_line' id='line_1_35' title="bbox 250 1976 2049 2032; baseline 0.001 -15"><span class='ocrx_word' id='word_1_368' title='bbox 250 1991 327 2018; x_wconf 91' lang='lat' dir='ltr'>ros.</span> <span class='ocrx_word' id='word_1_369' title='bbox 388 1977 485 2018; x_wconf 86' lang='lat' dir='ltr'>Haec</span> <span class='ocrx_word' id='word_1_370' title='bbox 501 1977 683 2028; x_wconf 85' lang='lat' dir='ltr'>Principis</span> <span class='ocrx_word' id='word_1_371' title='bbox 710 1976 765 2016; x_wconf 90' lang='lat' dir='ltr'>est</span> <span class='ocrx_word' id='word_1_372' title='bbox 783 1978 965 2030; x_wconf 86' lang='lat' dir='ltr'>obligatio</span> <span class='ocrx_word' id='word_1_373' title='bbox 981 2007 994 2026; x_wconf 96' lang='lat'>,</span> <span class='ocrx_word' id='word_1_374' title='bbox 1025 1980 1225 2029; x_wconf 89' lang='lat' dir='ltr'>quomodo</span> <span class='ocrx_word' id='word_1_375' title='bbox 1244 1979 1289 2017; x_wconf 89' lang='lat' dir='ltr'>ad</span> <span class='ocrx_word' id='word_1_376' title='bbox 1316 1979 1481 2018; x_wconf 89' lang='lat' dir='ltr'>eundem</span> <span class='ocrx_word' id='word_1_377' title='bbox 1509 1980 1656 2030; x_wconf 89' lang='lat' dir='ltr'>Regem</span> <span class='ocrx_word' id='word_1_378' title='bbox 1673 1977 2049 2032; x_wconf 83' lang='lat' dir='ltr'>Perrumperscripfit</span> 
     </span>
    </p>
   </div>
   <div class='ocr_carea' id='block_1_21' title="bbox 248 2020 2132 2207">
    <p class='ocr_par' dir='ltr' id='par_1_21' title="bbox 248 2020 2132 2207">
     <span class='ocr_line' id='line_1_36' title="bbox 248 2020 2132 2089; baseline 0.001 -12"><span class='ocrx_word' id='word_1_379' title='bbox 248 2037 494 2077; x_wconf 88' lang='lat' dir='ltr'>Innocentius</span> <span class='ocrx_word' id='word_1_380' title='bbox 515 2036 578 2075; x_wconf 89' lang='grc' dir='ltr'><strong>ΙΙΙ.</strong></span> <span class='ocrx_word' id='word_1_381' title='bbox 612 2036 794 2076; x_wconf 81' lang='lat' dir='ltr'>Pontifex</span> <span class='ocrx_word' id='word_1_382' title='bbox 815 2068 828 2086; x_wconf 93' lang='lat'>,</span> <span class='ocrx_word' id='word_1_383' title='bbox 859 2050 946 2076; x_wconf 89' lang='lat' dir='ltr'>cum</span> <span class='ocrx_word' id='word_1_384' title='bbox 973 2038 1150 2089; x_wconf 79' lang='lat' dir='ltr'>Regnum</span> <span class='ocrx_word' id='word_1_385' title='bbox 1163 2037 1253 2076; x_wconf 91' lang='lat' dir='ltr'>illud</span> <span class='ocrx_word' id='word_1_386' title='bbox 1275 2037 1453 2077; x_wconf 86' lang='lat' dir='ltr'>adversus</span> <span class='ocrx_word' id='word_1_387' title='bbox 1471 2038 1592 2088; x_wconf 87' lang='lat' dir='ltr'>ipsum</span> <span class='ocrx_word' id='word_1_388' title='bbox 1609 2039 1830 2076; x_wconf 88' lang='lat' dir='ltr'>tumultuari</span> <span class='ocrx_word' id='word_1_389' title='bbox 1846 2040 2047 2089; x_wconf 84' lang='lat' dir='ltr'>inciperet,</span> <span class='ocrx_word' id='word_1_390' title='bbox 2108 2024 2111 2068; x_wconf 49' lang='lat' dir='ltr'>l</span> <span class='ocrx_word' id='word_1_391' title='bbox 2130 2020 2132 2028; x_wconf 26' lang='lat' dir='ltr'><em>A</em></span> 
     </span>
     <span class='ocr_line' id='line_1_37' title="bbox 251 2095 2111 2155; baseline 0.001 -18"><span class='ocrx_word' id='word_1_392' title='bbox 251 2098 357 2148; x_wconf 88' lang='lat' dir='ltr'>cujus</span> <span class='ocrx_word' id='word_1_393' title='bbox 378 2099 431 2136; x_wconf 88' lang='lat' dir='ltr'>rei</span> <span class='ocrx_word' id='word_1_394' title='bbox 459 2098 518 2135; x_wconf 85' lang='lat' dir='ltr'>illa</span> <span class='ocrx_word' id='word_1_395' title='bbox 545 2097 699 2135; x_wconf 89' lang='lat' dir='ltr'>videtur</span> <span class='ocrx_word' id='word_1_396' title='bbox 715 2097 836 2146; x_wconf 92' lang='lat' dir='ltr'>ratio,</span> <span class='ocrx_word' id='word_1_397' title='bbox 869 2096 973 2148; x_wconf 89' lang='lat' dir='ltr'>quod</span> <span class='ocrx_word' id='word_1_398' title='bbox 995 2097 1175 2149; x_wconf 88' lang='lat' dir='ltr'>Princeps</span> <span class='ocrx_word' id='word_1_399' title='bbox 1201 2097 1273 2148; x_wconf 83' lang='lat' dir='ltr'>juri</span> <span class='ocrx_word' id='word_1_400' title='bbox 1299 2099 1468 2150; x_wconf 87' lang='lat' dir='ltr'>gentium</span> <span class='ocrx_word' id='word_1_401' title='bbox 1491 2095 1680 2147; x_wconf 60' lang='lat' dir='ltr'>subjeffiffls</span> <span class='ocrx_word' id='word_1_402' title='bbox 1706 2096 1752 2136; x_wconf 88' lang='lat' dir='ltr'>fit</span> <span class='ocrx_word' id='word_1_403' title='bbox 1769 2126 1782 2145; x_wconf 92' lang='lat'>,</span> <span class='ocrx_word' id='word_1_404' title='bbox 1811 2097 2049 2148; x_wconf 84' lang='lat' dir='ltr'>&amp;tanquam</span> <span class='ocrx_word' id='word_1_405' title='bbox 2108 2105 2111 2155; x_wconf 61' lang='lat' dir='ltr'><strong>j</strong></span> 
     </span>
     <span class='ocr_line' id='line_1_38' title="bbox 249 2156 2110 2207; baseline -0.001 -9"><span class='ocrx_word' id='word_1_406' title='bbox 249 2156 376 2197; x_wconf 88' lang='lat' dir='ltr'>custos</span> <span class='ocrx_word' id='word_1_407' title='bbox 393 2156 481 2195; x_wconf 88' lang='lat' dir='ltr'>fidei</span> <span class='ocrx_word' id='word_1_408' title='bbox 501 2156 665 2207; x_wconf 82' lang='lat' dir='ltr'>publicae</span> <span class='ocrx_word' id='word_1_409' title='bbox 686 2168 824 2195; x_wconf 82' lang='lat' dir='ltr'>cavere</span> <span class='ocrx_word' id='word_1_410' title='bbox 849 2156 987 2196; x_wconf 88' lang='lat' dir='ltr'>debeat</span> <span class='ocrx_word' id='word_1_411' title='bbox 1003 2187 1015 2205; x_wconf 91' lang='lat'>,</span> <span class='ocrx_word' id='word_1_412' title='bbox 1045 2168 1093 2195; x_wconf 91' lang='lat' dir='ltr'>ne</span> <span class='ocrx_word' id='word_1_413' title='bbox 1119 2167 1359 2195; x_wconf 82' lang='lat' dir='ltr'>monetarum</span> <span class='ocrx_word' id='word_1_414' title='bbox 1383 2166 1516 2194; x_wconf 89' lang='lat' dir='ltr'>natura</span> <span class='ocrx_word' id='word_1_415' title='bbox 1535 2157 1778 2204; x_wconf 83' lang='lat' dir='ltr'>immutetur,</span> <span class='ocrx_word' id='word_1_416' title='bbox 1806 2168 1891 2207; x_wconf 83' lang='lat' dir='ltr'>quae</span> <span class='ocrx_word' id='word_1_417' title='bbox 1913 2158 1950 2195; x_wconf 91' lang='lat' dir='ltr'>in</span> <span class='ocrx_word' id='word_1_418' title='bbox 1970 2170 2050 2197; x_wconf 89' lang='lat' dir='ltr'>ma·</span> <span class='ocrx_word' id='word_1_419' title='bbox 2108 2160 2110 2192; x_wconf 68' lang='grc' dir='ltr'>ἕ</span> 
     </span>
    </p>
   </div>
   <div class='ocr_carea' id='block_1_22' title="bbox 248 2213 2050 2388">
    <p class='ocr_par' dir='ltr' id='par_1_22' title="bbox 248 2213 2050 2388">
     <span class='ocr_line' id='line_1_39' title="bbox 251 2213 2050 2269; baseline 0.001 -13"><span class='ocrx_word' id='word_1_420' title='bbox 251 2219 346 2256; x_wconf 89' lang='lat' dir='ltr'>teria</span> <span class='ocrx_word' id='word_1_421' title='bbox 363 2247 375 2265; x_wconf 95' lang='lat'>,</span> <span class='ocrx_word' id='word_1_422' title='bbox 404 2215 529 2255; x_wconf 85' lang='lat' dir='ltr'>forma</span> <span class='ocrx_word' id='word_1_423' title='bbox 547 2216 584 2255; x_wconf 90' lang='lat'>&amp;</span> <span class='ocrx_word' id='word_1_424' title='bbox 602 2217 811 2267; x_wconf 78' lang='lat' dir='ltr'>quantitate</span> <span class='ocrx_word' id='word_1_425' title='bbox 827 2215 993 2256; x_wconf 80' lang='lat' dir='ltr'>consistit</span> <span class='ocrx_word' id='word_1_426' title='bbox 1009 2228 1022 2263; x_wconf 82' lang='lat'>3</span> <span class='ocrx_word' id='word_1_427' title='bbox 1052 2226 1179 2267; x_wconf 90' lang='lat' dir='ltr'>neque</span> <span class='ocrx_word' id='word_1_428' title='bbox 1212 2215 1340 2268; x_wconf 89' lang='lat' dir='ltr'>potest</span> <span class='ocrx_word' id='word_1_429' title='bbox 1359 2216 1459 2255; x_wconf 90' lang='lat' dir='ltr'>bene</span> <span class='ocrx_word' id='word_1_430' title='bbox 1485 2213 1733 2254; x_wconf 89' lang='lat' dir='ltr'>constitutum</span> <span class='ocrx_word' id='word_1_431' title='bbox 1761 2214 1837 2255; x_wconf 84' lang='lat' dir='ltr'>effe</span> <span class='ocrx_word' id='word_1_432' title='bbox 1855 2215 2050 2269; x_wconf 87' lang='lat' dir='ltr'>Regnum,</span> 
     </span>
     <span class='ocr_line' id='line_1_40' title="bbox 248 2274 2048 2327; baseline 0 -11"><span class='ocrx_word' id='word_1_433' title='bbox 248 2277 315 2316; x_wconf 93' lang='lat' dir='ltr'>ubi</span> <span class='ocrx_word' id='word_1_434' title='bbox 328 2277 473 2316; x_wconf 87' lang='lat' dir='ltr'>illarum</span> <span class='ocrx_word' id='word_1_435' title='bbox 489 2274 618 2315; x_wconf 85' lang='lat' dir='ltr'>deficit</span> <span class='ocrx_word' id='word_1_436' title='bbox 635 2277 788 2327; x_wconf 83' lang='lat' dir='ltr'>puritas.</span> <span class='ocrx_word' id='word_1_437' title='bbox 849 2275 999 2316; x_wconf 79' lang='lat' dir='ltr'>Verum</span> <span class='ocrx_word' id='word_1_438' title='bbox 1015 2287 1065 2315; x_wconf 90' lang='lat' dir='ltr'>ne</span> <span class='ocrx_word' id='word_1_439' title='bbox 1081 2276 1180 2315; x_wconf 86' lang='lat' dir='ltr'>hanc</span> <span class='ocrx_word' id='word_1_440' title='bbox 1201 2277 1397 2315; x_wconf 86' lang='lat' dir='ltr'>materiam</span> <span class='ocrx_word' id='word_1_441' title='bbox 1411 2284 1487 2313; x_wconf 87' lang='lat' dir='ltr'>tam</span> <span class='ocrx_word' id='word_1_442' title='bbox 1510 2275 1748 2325; x_wconf 86' lang='lat' dir='ltr'>Reipublicae</span> <span class='ocrx_word' id='word_1_443' title='bbox 1772 2276 1905 2315; x_wconf 90' lang='lat' dir='ltr'>utilem</span> <span class='ocrx_word' id='word_1_444' title='bbox 1925 2278 2048 2316; x_wconf 89' lang='lat' dir='ltr'>omni-</span> 
     </span>
     <span class='ocr_line' id='line_1_41' title="bbox 249 2332 2047 2388; baseline -0.001 -11"><span class='ocrx_word' id='word_1_445' title='bbox 249 2348 303 2377; x_wconf 91' lang='lat' dir='ltr'>no</span> <span class='ocrx_word' id='word_1_446' title='bbox 320 2336 430 2376; x_wconf 86' lang='lat' dir='ltr'>filens</span> <span class='ocrx_word' id='word_1_447' title='bbox 450 2345 672 2388; x_wconf 82' lang='lat' dir='ltr'>praeteream</span> <span class='ocrx_word' id='word_1_448' title='bbox 686 2366 697 2385; x_wconf 94' lang='lat'>,</span> <span class='ocrx_word' id='word_1_449' title='bbox 728 2335 807 2375; x_wconf 90' lang='lat' dir='ltr'>duo</span> <span class='ocrx_word' id='word_1_450' title='bbox 827 2334 947 2376; x_wconf 77' lang='lat' dir='ltr'>solum</span> <span class='ocrx_word' id='word_1_451' title='bbox 973 2336 1120 2375; x_wconf 84' lang='lat' dir='ltr'>dicam:</span> <span class='ocrx_word' id='word_1_452' title='bbox 1149 2336 1312 2385; x_wconf 90' lang='lat' dir='ltr'>primum</span> <span class='ocrx_word' id='word_1_453' title='bbox 1330 2365 1341 2382; x_wconf 91' lang='lat'>‚</span> <span class='ocrx_word' id='word_1_454' title='bbox 1373 2342 1466 2373; x_wconf 92' lang='lat' dir='ltr'>tunc</span> <span class='ocrx_word' id='word_1_455' title='bbox 1480 2343 1677 2374; x_wconf 88' lang='lat' dir='ltr'>monetam</span> <span class='ocrx_word' id='word_1_456' title='bbox 1686 2332 1822 2384; x_wconf 83' lang='lat' dir='ltr'>justam</span> <span class='ocrx_word' id='word_1_457' title='bbox 1832 2333 1931 2384; x_wconf 87' lang='lat' dir='ltr'>fore,</span> <span class='ocrx_word' id='word_1_458' title='bbox 1948 2335 2047 2376; x_wconf 86' lang='lat' dir='ltr'>&amp;ab</span> 
     </span>
    </p>
   </div>
   <div class='ocr_carea' id='block_1_23' title="bbox 250 2393 2132 2456">
    <p class='ocr_par' dir='ltr' id='par_1_23' title="bbox 250 2393 2132 2456">
     <span class='ocr_line' id='line_1_42' title="bbox 250 2393 2132 2456; baseline 0 -21"><span class='ocrx_word' id='word_1_459' title='bbox 250 2395 505 2435; x_wconf 88' lang='lat' dir='ltr'>incommodis</span> <span class='ocrx_word' id='word_1_460' title='bbox 523 2396 680 2435; x_wconf 87' lang='lat' dir='ltr'>liberam</span> <span class='ocrx_word' id='word_1_461' title='bbox 697 2423 710 2441; x_wconf 86' lang='lat'><strong>‚</strong></span> <span class='ocrx_word' id='word_1_462' title='bbox 741 2395 829 2435; x_wconf 69' lang='lat' dir='ltr'>etim</span> <span class='ocrx_word' id='word_1_463' title='bbox 856 2395 905 2435; x_wconf 89' lang='lat' dir='ltr'>ad</span> <span class='ocrx_word' id='word_1_464' title='bbox 920 2397 1090 2436; x_wconf 86' lang='lat' dir='ltr'>valorem</span> <span class='ocrx_word' id='word_1_465' title='bbox 1108 2394 1187 2445; x_wconf 87' lang='lat' dir='ltr'>ejus</span> <span class='ocrx_word' id='word_1_466' title='bbox 1204 2394 1444 2434; x_wconf 88' lang='lat' dir='ltr'>intrinsecum</span> <span class='ocrx_word' id='word_1_467' title='bbox 1463 2394 1539 2433; x_wconf 89' lang='lat' dir='ltr'>sola</span> <span class='ocrx_word' id='word_1_468' title='bbox 1564 2393 1748 2446; x_wconf 79' lang='lat' dir='ltr'>signatura</span> <span class='ocrx_word' id='word_1_469' title='bbox 1783 2396 1951 2434; x_wconf 86' lang='lat' dir='ltr'>exterior</span> <span class='ocrx_word' id='word_1_470' title='bbox 1988 2408 2052 2435; x_wconf 89' lang='lat' dir='ltr'>ac·</span> <span class='ocrx_word' id='word_1_471' title='bbox 2106 2416 2132 2456; x_wconf 78' lang='lat'>.]</span> 
     </span>
    </p>
   </div>
   <div class='ocr_carea' id='block_1_24' title="bbox 249 2454 2048 2508">
    <p class='ocr_par' dir='ltr' id='par_1_24' title="bbox 249 2454 2048 2508">
     <span class='ocr_line' id='line_1_43' title="bbox 249 2454 2048 2508; baseline 0 -13"><span class='ocrx_word' id='word_1_472' title='bbox 249 2454 396 2495; x_wconf 78' lang='lat' dir='ltr'>cesserit</span> <span class='ocrx_word' id='word_1_473' title='bbox 417 2485 429 2504; x_wconf 94' lang='lat'>,</span> <span class='ocrx_word' id='word_1_474' title='bbox 463 2455 499 2494; x_wconf 72' lang='grc' dir='ltr'>δε</span> <span class='ocrx_word' id='word_1_475' title='bbox 523 2457 602 2494; x_wconf 88' lang='lat' dir='ltr'>auri</span> <span class='ocrx_word' id='word_1_476' title='bbox 633 2457 853 2508; x_wconf 88' lang='lat' dir='ltr'>argentique</span> <span class='ocrx_word' id='word_1_477' title='bbox 869 2457 966 2495; x_wconf 89' lang='lat' dir='ltr'>inter</span> <span class='ocrx_word' id='word_1_478' title='bbox 984 2455 1021 2494; x_wconf 92' lang='lat' dir='ltr'>se</span> <span class='ocrx_word' id='word_1_479' title='bbox 1042 2456 1348 2506; x_wconf 89' lang='lat' dir='ltr'>contemperatio</span> <span class='ocrx_word' id='word_1_480' title='bbox 1379 2454 1606 2494; x_wconf 89' lang='lat' dir='ltr'>convenerit</span> <span class='ocrx_word' id='word_1_481' title='bbox 1632 2464 1721 2491; x_wconf 88' lang='lat' dir='ltr'>cum</span> <span class='ocrx_word' id='word_1_482' title='bbox 1747 2455 1912 2493; x_wconf 85' lang='lat' dir='ltr'>mixtura</span> <span class='ocrx_word' id='word_1_483' title='bbox 1938 2454 2048 2500; x_wconf 83' lang='lat' dir='ltr'>fimili</span> 
     </span>
    </p>
   </div>
   <div class='ocr_carea' id='block_1_25' title="bbox 247 2503 2132 2748">
    <p class='ocr_par' dir='ltr' id='par_1_25' title="bbox 247 2503 2132 2754">
     <span class='ocr_line' id='line_1_44' title="bbox 250 2503 2132 2567; baseline 0.001 -13"><span class='ocrx_word' id='word_1_484' title='bbox 250 2517 410 2554; x_wconf 86' lang='lat' dir='ltr'>aliorum</span> <span class='ocrx_word' id='word_1_485' title='bbox 429 2513 666 2567; x_wconf 87' lang='lat' dir='ltr'>Principum:</span> <span class='ocrx_word' id='word_1_486' title='bbox 697 2516 748 2554; x_wconf 88' lang='lat' dir='ltr'>ita</span> <span class='ocrx_word' id='word_1_487' title='bbox 764 2516 865 2554; x_wconf 89' lang='lat' dir='ltr'>enim</span> <span class='ocrx_word' id='word_1_488' title='bbox 879 2514 947 2554; x_wconf 86' lang='lat' dir='ltr'>fiet</span> <span class='ocrx_word' id='word_1_489' title='bbox 959 2544 973 2563; x_wconf 91' lang='lat'>,</span> <span class='ocrx_word' id='word_1_490' title='bbox 991 2524 1035 2554; x_wconf 85' lang='lat' dir='ltr'>ut</span> <span class='ocrx_word' id='word_1_491' title='bbox 1052 2512 1075 2553; x_wconf 79' lang='grc' dir='ltr'>ὲ</span> <span class='ocrx_word' id='word_1_492' title='bbox 1090 2514 1227 2565; x_wconf 80' lang='lat' dir='ltr'>Regno</span> <span class='ocrx_word' id='word_1_493' title='bbox 1240 2514 1312 2554; x_wconf 81' lang='lat' dir='ltr'>alio</span> <span class='ocrx_word' id='word_1_494' title='bbox 1330 2526 1409 2553; x_wconf 91' lang='lat' dir='ltr'>non</span> <span class='ocrx_word' id='word_1_495' title='bbox 1422 2515 1731 2566; x_wconf 87' lang='lat' dir='ltr'>transportentur.</span> <span class='ocrx_word' id='word_1_496' title='bbox 1793 2514 1969 2554; x_wconf 88' lang='lat' dir='ltr'>Alterum</span> <span class='ocrx_word' id='word_1_497' title='bbox 1978 2513 2045 2565; x_wconf 89' lang='lat' dir='ltr'>est,</span> <span class='ocrx_word' id='word_1_498' title='bbox 2127 2503 2132 2514; x_wconf 65' lang='lat'><strong>⁴</strong></span> 
     </span>
     <span class='ocr_line' id='line_1_45' title="bbox 250 2572 2107 2627; baseline 0 -13"><span class='ocrx_word' id='word_1_499' title='bbox 250 2585 293 2614; x_wconf 88' lang='lat' dir='ltr'>ut</span> <span class='ocrx_word' id='word_1_500' title='bbox 309 2584 474 2614; x_wconf 85' lang='lat' dir='ltr'>monetae</span> <span class='ocrx_word' id='word_1_501' title='bbox 499 2575 638 2614; x_wconf 88' lang='lat' dir='ltr'>eodem</span> <span class='ocrx_word' id='word_1_502' title='bbox 661 2574 885 2627; x_wconf 88' lang='lat' dir='ltr'>pondere&amp;</span> <span class='ocrx_word' id='word_1_503' title='bbox 907 2576 1039 2614; x_wconf 87' lang='lat' dir='ltr'>valore</span> <span class='ocrx_word' id='word_1_504' title='bbox 1053 2603 1066 2623; x_wconf 95' lang='lat'>,</span> <span class='ocrx_word' id='word_1_505' title='bbox 1098 2573 1293 2621; x_wconf 86' lang='lat' dir='ltr'>constent,</span> <span class='ocrx_word' id='word_1_506' title='bbox 1317 2586 1395 2625; x_wconf 91' lang='lat' dir='ltr'>quo</span> <span class='ocrx_word' id='word_1_507' title='bbox 1414 2582 1581 2613; x_wconf 89' lang='lat' dir='ltr'>monetae</span> <span class='ocrx_word' id='word_1_508' title='bbox 1604 2573 1764 2612; x_wconf 91' lang='lat' dir='ltr'>aliorum</span> <span class='ocrx_word' id='word_1_509' title='bbox 1794 2572 2012 2627; x_wconf 84' lang='lat' dir='ltr'>Principum</span> <span class='ocrx_word' id='word_1_510' title='bbox 2029 2604 2043 2624; x_wconf 87' lang='lat'>,</span> <span class='ocrx_word' id='word_1_511' title='bbox 2105 2598 2107 2620; x_wconf 44' lang='grc' dir='ltr'><strong><em>ρ</em></strong></span> 
     </span>
     <span class='ocr_line' id='line_1_46' title="bbox 247 2632 2107 2687; baseline 0 -13"><span class='ocrx_word' id='word_1_512' title='bbox 247 2634 508 2687; x_wconf 84' lang='lat' dir='ltr'>permittendo</span> <span class='ocrx_word' id='word_1_513' title='bbox 520 2635 682 2686; x_wconf 82' lang='lat' dir='ltr'>insuper,</span> <span class='ocrx_word' id='word_1_514' title='bbox 703 2644 745 2674; x_wconf 89' lang='lat' dir='ltr'>ut</span> <span class='ocrx_word' id='word_1_515' title='bbox 763 2644 1026 2674; x_wconf 84' lang='lat' dir='ltr'>extranearum</span> <span class='ocrx_word' id='word_1_516' title='bbox 1036 2635 1150 2673; x_wconf 84' lang='lat' dir='ltr'>etiam</span> <span class='ocrx_word' id='word_1_517' title='bbox 1166 2633 1251 2673; x_wconf 88' lang='lat' dir='ltr'>usus</span> <span class='ocrx_word' id='word_1_518' title='bbox 1271 2634 1475 2684; x_wconf 81' lang='lat' dir='ltr'>sit3neque</span> <span class='ocrx_word' id='word_1_519' title='bbox 1484 2634 1661 2685; x_wconf 88' lang='lat' dir='ltr'>supremo</span> <span class='ocrx_word' id='word_1_520' title='bbox 1680 2632 1863 2685; x_wconf 90' lang='lat' dir='ltr'>Principis</span> <span class='ocrx_word' id='word_1_521' title='bbox 1877 2635 2042 2687; x_wconf 89' lang='lat' dir='ltr'>irnperio</span> <span class='ocrx_word' id='word_1_522' title='bbox 2106 2656 2107 2662; x_wconf 68' lang='lat'><em>=</em></span> 
     </span>
     <span class='ocr_line' id='line_1_47' title="bbox 249 2692 2040 2748; baseline 0.001 -16"><span class='ocrx_word' id='word_1_523' title='bbox 249 2696 452 2745; x_wconf 88' lang='lat' dir='ltr'>quicquam</span> <span class='ocrx_word' id='word_1_524' title='bbox 479 2695 638 2748; x_wconf 82' lang='lat' dir='ltr'>derogat</span> <span class='ocrx_word' id='word_1_525' title='bbox 653 2725 665 2744; x_wconf 92' lang='lat'>,</span> <span class='ocrx_word' id='word_1_526' title='bbox 695 2694 722 2733; x_wconf 86' lang='lat' dir='ltr'><strong>fi</strong></span> <span class='ocrx_word' id='word_1_527' title='bbox 740 2696 778 2734; x_wconf 91' lang='lat' dir='ltr'>in</span> <span class='ocrx_word' id='word_1_528' title='bbox 787 2694 849 2734; x_wconf 90' lang='lat' dir='ltr'>sua</span> <span class='ocrx_word' id='word_1_529' title='bbox 871 2695 1017 2734; x_wconf 91' lang='lat' dir='ltr'>ditione</span> <span class='ocrx_word' id='word_1_530' title='bbox 1033 2704 1132 2746; x_wconf 82' lang='lat' dir='ltr'>typo</span> <span class='ocrx_word' id='word_1_531' title='bbox 1149 2695 1362 2733; x_wconf 89' lang='lat' dir='ltr'>monetario</span> <span class='ocrx_word' id='word_1_532' title='bbox 1377 2692 1632 2746; x_wconf 79' lang='lat' dir='ltr'>&amp;insignibus</span> <span class='ocrx_word' id='word_1_533' title='bbox 1653 2693 1781 2732; x_wconf 88' lang='lat' dir='ltr'>alienis</span> <span class='ocrx_word' id='word_1_534' title='bbox 1800 2702 1941 2742; x_wconf 85' lang='lat' dir='ltr'>utatur,</span> <span class='ocrx_word' id='word_1_535' title='bbox 1956 2706 2040 2746; x_wconf 83' lang='lat' dir='ltr'>quae</span> 
     </span>
    </p>
   </div>
   <div class='ocr_carea' id='block_1_26' title="bbox 247 2752 2039 2805">
    <p class='ocr_par' dir='ltr' id='par_1_26' title="bbox 247 2752 2039 2805">
     <span class='ocr_line' id='line_1_48' title="bbox 247 2752 2039 2805; baseline -0.001 -13"><span class='ocrx_word' id='word_1_536' title='bbox 247 2752 369 2793; x_wconf 90' lang='lat' dir='ltr'>solum</span> <span class='ocrx_word' id='word_1_537' title='bbox 383 2754 537 2805; x_wconf 88' lang='lat' dir='ltr'>pondus</span> <span class='ocrx_word' id='word_1_538' title='bbox 552 2756 590 2795; x_wconf 73' lang='lat' dir='ltr'>&lt;Sc</span> <span class='ocrx_word' id='word_1_539' title='bbox 608 2756 780 2794; x_wconf 88' lang='lat' dir='ltr'>valorem</span> <span class='ocrx_word' id='word_1_540' title='bbox 808 2756 949 2795; x_wconf 86' lang='lat' dir='ltr'>metalli</span> <span class='ocrx_word' id='word_1_541' title='bbox 965 2755 1061 2794; x_wconf 83' lang='lat' dir='ltr'>illius</span> <span class='ocrx_word' id='word_1_542' title='bbox 1079 2752 1314 2794; x_wconf 89' lang='lat' dir='ltr'>attestentur.</span> <span class='ocrx_word' id='word_1_543' title='bbox 1372 2753 1503 2805; x_wconf 88' lang='lat' dir='ltr'>Atque</span> <span class='ocrx_word' id='word_1_544' title='bbox 1529 2754 1607 2793; x_wconf 89' lang='lat' dir='ltr'>hoc</span> <span class='ocrx_word' id='word_1_545' title='bbox 1621 2752 1961 2794; x_wconf 74' lang='lat' dir='ltr'>commodissimum</span> <span class='ocrx_word' id='word_1_546' title='bbox 1984 2754 2039 2791; x_wconf 93' lang='lat' dir='ltr'>vi-</span> 
     </span>
    </p>
   </div>
   <div class='ocr_carea' id='block_1_27' title="bbox 247 2812 2103 2867">
    <p class='ocr_par' dir='ltr' id='par_1_27' title="bbox 247 2812 2103 2867">
     <span class='ocr_line' id='line_1_49' title="bbox 247 2812 2103 2867; baseline -0.001 -16"><span class='ocrx_word' id='word_1_547' title='bbox 247 2812 359 2852; x_wconf 88' lang='lat' dir='ltr'>detur</span> <span class='ocrx_word' id='word_1_548' title='bbox 377 2814 414 2853; x_wconf 88' lang='lat' dir='ltr'>in</span> <span class='ocrx_word' id='word_1_549' title='bbox 430 2815 473 2853; x_wconf 88' lang='lat' dir='ltr'>iis</span> <span class='ocrx_word' id='word_1_550' title='bbox 491 2815 729 2856; x_wconf 84' lang='lat' dir='ltr'>Monarchiis</span> <span class='ocrx_word' id='word_1_551' title='bbox 742 2844 753 2864; x_wconf 92' lang='lat'>,</span> <span class='ocrx_word' id='word_1_552' title='bbox 772 2827 858 2867; x_wconf 89' lang='lat' dir='ltr'>quae</span> <span class='ocrx_word' id='word_1_553' title='bbox 879 2815 1108 2855; x_wconf 83' lang='lat' dir='ltr'>commercia</span> <span class='ocrx_word' id='word_1_554' title='bbox 1139 2813 1177 2855; x_wconf 88' lang='lat'>&amp;</span> <span class='ocrx_word' id='word_1_555' title='bbox 1206 2813 1484 2866; x_wconf 88' lang='lat' dir='ltr'>negotiationes</span> <span class='ocrx_word' id='word_1_556' title='bbox 1509 2824 1598 2854; x_wconf 89' lang='lat' dir='ltr'>cum</span> <span class='ocrx_word' id='word_1_557' title='bbox 1614 2812 1849 2853; x_wconf 90' lang='lat' dir='ltr'>Nationibus</span> <span class='ocrx_word' id='word_1_558' title='bbox 1868 2815 1978 2853; x_wconf 83' lang='lat' dir='ltr'>variis</span> <span class='ocrx_word' id='word_1_559' title='bbox 2000 2824 2038 2852; x_wconf 91' lang='lat' dir='ltr'>e·</span> <span class='ocrx_word' id='word_1_560' title='bbox 2101 2837 2103 2850; x_wconf 34' lang='grc' dir='ltr'><em>Α</em></span> 
     </span>
    </p>
   </div>
   <div class='ocr_carea' id='block_1_28' title="bbox 246 2882 418 2917">
    <p class='ocr_par' dir='ltr' id='par_1_28' title="bbox 246 2882 418 2917">
     <span class='ocr_line' id='line_1_50' title="bbox 246 2882 418 2917; baseline -0.006 -5"><span class='ocrx_word' id='word_1_561' title='bbox 246 2882 418 2917; x_wconf 74' lang='lat' dir='ltr'>xercent,</span> 
     </span>
    </p>
   </div>
   <div class='ocr_carea' id='block_1_29' title="bbox 252 2978 508 2987">
    <p class='ocr_par' dir='ltr' id='par_1_29' title="bbox 252 2978 508 2987">
     <span class='ocr_line' id='line_1_51' title="bbox 252 2978 508 2987; baseline 0 743"><span class='ocrx_word' id='word_1_562' title='bbox 252 2978 508 2987; x_wconf 95' lang='lat' dir='ltr'> </span> 
     </span>
    </p>
   </div>
   <div class='ocr_carea' id='block_1_30' title="bbox 230 3035 2037 3197">
    <p class='ocr_par' dir='ltr' id='par_1_30' title="bbox 230 3035 2037 3197">
     <span class='ocr_line' id='line_1_52' title="bbox 347 3035 2035 3092; baseline -0.002 -16"><span class='ocrx_word' id='word_1_563' title='bbox 347 3040 405 3084; x_wconf 80' lang='lat' dir='ltr'>(a)</span> <span class='ocrx_word' id='word_1_564' title='bbox 422 3045 459 3076; x_wconf 90' lang='lat' dir='ltr'><em>A</em></span> <span class='ocrx_word' id='word_1_565' title='bbox 468 3037 654 3091; x_wconf 72' lang='lat' dir='ltr'>domesticis</span> <span class='ocrx_word' id='word_1_566' title='bbox 673 3039 834 3077; x_wconf 79' lang='lat' dir='ltr'>volumus</span> <span class='ocrx_word' id='word_1_567' title='bbox 848 3036 1009 3076; x_wconf 75' lang='lat' dir='ltr'>inchoare</span> <span class='ocrx_word' id='word_1_568' title='bbox 1024 3037 1237 3092; x_wconf 64' lang='lat' dir='ltr'>diſsipHnam</span> <span class='ocrx_word' id='word_1_569' title='bbox 1252 3063 1260 3076; x_wconf 85' lang='lat'>‚</span> <span class='ocrx_word' id='word_1_570' title='bbox 1285 3047 1326 3073; x_wconf 83' lang='lat' dir='ltr'>ut</span> <span class='ocrx_word' id='word_1_571' title='bbox 1343 3037 1410 3075; x_wconf 87' lang='lat' dir='ltr'>reli</span> <span class='ocrx_word' id='word_1_572' title='bbox 1431 3052 1488 3075; x_wconf 84' lang='lat' dir='ltr'>uos</span> <span class='ocrx_word' id='word_1_573' title='bbox 1496 3038 1631 3091; x_wconf 74' lang='lat' dir='ltr'>pudeat</span> <span class='ocrx_word' id='word_1_574' title='bbox 1653 3050 1774 3075; x_wconf 74' lang='lat' dir='ltr'>errare</span> <span class='ocrx_word' id='word_1_575' title='bbox 1790 3063 1798 3078; x_wconf 89' lang='lat'>,</span> <span class='ocrx_word' id='word_1_576' title='bbox 1827 3035 1963 3088; x_wconf 79' lang='lat' dir='ltr'>quando</span> <span class='ocrx_word' id='word_1_577' title='bbox 1979 3050 2035 3073; x_wconf 83' lang='lat' dir='ltr'>no-</span> 
     </span>
     <span class='ocr_line' id='line_1_53' title="bbox 230 3088 2037 3145; baseline -0.001 -17"><span class='ocrx_word' id='word_1_578' title='bbox 230 3090 321 3143; x_wconf 84' lang='lat' dir='ltr'>stris</span> <span class='ocrx_word' id='word_1_579' title='bbox 334 3090 558 3143; x_wconf 72' lang='lat' dir='ltr'>cognqsc&#39;imur</span> <span class='ocrx_word' id='word_1_580' title='bbox 576 3092 762 3129; x_wconf 77' lang='lat' dir='ltr'>excedendi</span> <span class='ocrx_word' id='word_1_581' title='bbox 782 3091 963 3129; x_wconf 76' lang='lat' dir='ltr'>licentiam</span> <span class='ocrx_word' id='word_1_582' title='bbox 980 3106 1047 3129; x_wconf 82' lang='lat' dir='ltr'>non</span> <span class='ocrx_word' id='word_1_583' title='bbox 1062 3089 1217 3145; x_wconf 62' lang='lat' dir='ltr'>praebere.</span> <span class='ocrx_word' id='word_1_584' title='bbox 1241 3089 1398 3130; x_wconf 85' lang='lat' dir='ltr'>Caffiod.</span> <span class='ocrx_word' id='word_1_585' title='bbox 1431 3119 1441 3130; x_wconf 94' lang='lat'>.</span> <span class='ocrx_word' id='word_1_586' title='bbox 1460 3104 1517 3131; x_wconf 83' lang='lat'>10.</span> <span class='ocrx_word' id='word_1_587' title='bbox 1540 3096 1596 3144; x_wconf 77' lang='lat' dir='ltr'>ep.</span> <span class='ocrx_word' id='word_1_588' title='bbox 1621 3102 1655 3139; x_wconf 73' lang='grc' dir='ltr'>ς.</span> <span class='ocrx_word' id='word_1_589' title='bbox 1706 3096 1724 3137; x_wconf 76' lang='grc' dir='ltr'><em>ζ</em></span> <span class='ocrx_word' id='word_1_590' title='bbox 1733 3091 1753 3126; x_wconf 94' lang='lat' dir='ltr'>b</span> <span class='ocrx_word' id='word_1_591' title='bbox 1760 3093 1778 3134; x_wconf 83' lang='lat'><em>)</em></span> <span class='ocrx_word' id='word_1_592' title='bbox 1791 3089 1877 3126; x_wconf 83' lang='lat' dir='ltr'>Bell.</span> <span class='ocrx_word' id='word_1_593' title='bbox 1893 3088 1932 3127; x_wconf 81' lang='lat' dir='ltr'>in</span> <span class='ocrx_word' id='word_1_594' title='bbox 1957 3088 2037 3127; x_wconf 73' lang='lat' dir='ltr'>vita.</span> 
     </span>
     <span class='ocr_line' id='line_1_54' title="bbox 243 3143 1332 3197; baseline 0 -16"><span class='ocrx_word' id='word_1_595' title='bbox 243 3147 280 3185; x_wconf 75' lang='lat' dir='ltr'>S.</span> <span class='ocrx_word' id='word_1_596' title='bbox 297 3145 389 3182; x_wconf 86' lang='lat' dir='ltr'>Lud.</span> <span class='ocrx_word' id='word_1_597' title='bbox 434 3149 493 3193; x_wconf 87' lang='lat' dir='ltr'>(c)</span> <span class='ocrx_word' id='word_1_598' title='bbox 510 3146 551 3183; x_wconf 86' lang='lat' dir='ltr'>L.</span> <span class='ocrx_word' id='word_1_599' title='bbox 569 3144 784 3194; x_wconf 80' lang='lat' dir='ltr'>2.de1.prol.</span> <span class='ocrx_word' id='word_1_600' title='bbox 804 3144 874 3184; x_wconf 79' lang='lat' dir='ltr'>del.</span> <span class='ocrx_word' id='word_1_601' title='bbox 890 3143 980 3183; x_wconf 88' lang='lat' dir='ltr'>fuer.</span> <span class='ocrx_word' id='word_1_602' title='bbox 992 3148 1069 3197; x_wconf 80' lang='lat' dir='ltr'>Juz.</span> <span class='ocrx_word' id='word_1_603' title='bbox 1120 3144 1181 3193; x_wconf 83' lang='lat' dir='ltr'>(d)</span> <span class='ocrx_word' id='word_1_604' title='bbox 1199 3144 1332 3182; x_wconf 86' lang='lat' dir='ltr'>Petrar.</span> 
     </span>
    </p>
   </div>
   <div class='ocr_carea' id='block_1_31' title="bbox 1840 3254 2039 3322">
    <p class='ocr_par' dir='ltr' id='par_1_31' title="bbox 1840 3204 2132 3357">
     <span class='ocr_line' id='line_1_55' title="bbox 1840 3254 2039 3322; baseline 0 0"><span class='ocrx_word' id='word_1_605' title='bbox 1840 3254 2039 3322; x_wconf 87' lang='lat' dir='ltr'>SYM·</span> 
     </span>
    </p>
   </div>
   <div class='ocr_carea' id='block_1_32' title="bbox 2093 326 2132 3486">
    <p class='ocr_par' dir='ltr' id='par_1_32' title="bbox 2093 326 2132 3486">
     <span class='ocr_line' id='line_1_56' title="bbox 2093 326 2132 3486; baseline 0 0"><span class='ocrx_word' id='word_1_606' title='bbox 2093 326 2132 3486; x_wconf 95' lang='lat' dir='ltr'> </span> 
     </span>
    </p>
   </div>
  </div>
 </body>
</html>
