<?xml version="1.0" encoding="UTF-8"?>
<!DOCTYPE html PUBLIC "-//W3C//DTD XHTML 1.0 Transitional//EN"
    "http://www.w3.org/TR/xhtml1/DTD/xhtml1-transitional.dtd">
<html xmlns="http://www.w3.org/1999/xhtml" xml:lang="en" lang="en">
 <head>
  <title>
</title>
<meta http-equiv="Content-Type" content="text/html;charset=utf-8" />
  <meta name='ocr-system' content='tesseract 3.04.00' />
  <meta name='ocr-capabilities' content='ocr_page ocr_carea ocr_par ocr_line ocrx_word'/>
</head>
<body>
  <div class='ocr_page' id='page_1' title='image "./didacisaavedraef00saav_0328.png"; bbox 0 0 2132 3730; ppageno 0'>
   <div class='ocr_carea' id='block_1_1' title="bbox 256 230 1620 298">
    <p class='ocr_par' dir='ltr' id='par_1_1' title="bbox 256 230 1620 298">
     <span class='ocr_line' id='line_1_1' title="bbox 256 230 1620 298; baseline -0.009 -12"><span class='ocrx_word' id='word_1_1' title='bbox 256 251 342 298; x_wconf 77' lang='lat'><strong>308</strong></span> <span class='ocrx_word' id='word_1_2' title='bbox 686 231 1031 279; x_wconf 78' lang='lat' dir='ltr'><em>DJDACJ</em></span> <span class='ocrx_word' id='word_1_3' title='bbox 1086 230 1620 277; x_wconf 81' lang='lat' dir='ltr'><em>SAAVEDRAE.</em></span> 
     </span>
    </p>
   </div>
   <div class='ocr_carea' id='block_1_2' title="bbox 245 315 2047 1208">
    <p class='ocr_par' dir='ltr' id='par_1_2' title="bbox 245 315 2047 1208">
     <span class='ocr_line' id='line_1_2' title="bbox 256 315 2036 369; baseline -0.01 0"><span class='ocrx_word' id='word_1_4' title='bbox 256 328 447 368; x_wconf 87' lang='lat' dir='ltr'><strong>dederunt</strong></span> <span class='ocrx_word' id='word_1_5' title='bbox 473 325 531 363; x_wconf 84' lang='lat' dir='ltr'><strong>aeri</strong></span> <span class='ocrx_word' id='word_1_6' title='bbox 551 323 674 360; x_wconf 87' lang='lat' dir='ltr'><strong>alieno</strong></span> <span class='ocrx_word' id='word_1_7' title='bbox 694 317 979 367; x_wconf 89' lang='lat' dir='ltr'><strong>contrahendo,</strong></span> <span class='ocrx_word' id='word_1_8' title='bbox 1011 318 1087 357; x_wconf 81' lang='lat' dir='ltr'><strong>h&#39;oc</strong></span> <span class='ocrx_word' id='word_1_9' title='bbox 1106 317 1201 358; x_wconf 79' lang='lat' dir='ltr'><strong>vero</strong></span> <span class='ocrx_word' id='word_1_10' title='bbox 1227 319 1342 358; x_wconf 88' lang='lat' dir='ltr'><strong>usuris</strong></span> <span class='ocrx_word' id='word_1_11' title='bbox 1364 317 1400 357; x_wconf 87' lang='lat'>&amp;</span> <span class='ocrx_word' id='word_1_12' title='bbox 1421 319 1588 357; x_wconf 83' lang='lat' dir='ltr'><strong>cambiis.</strong></span> <span class='ocrx_word' id='word_1_13' title='bbox 1650 315 1937 369; x_wconf 85' lang='lat' dir='ltr'><strong>Ingravescente</strong></span> <span class='ocrx_word' id='word_1_14' title='bbox 1949 325 2036 366; x_wconf 89' lang='lat' dir='ltr'><strong>por—</strong></span> 
     </span>
     <span class='ocr_line' id='line_1_3' title="bbox 252 374 2038 430; baseline -0.01 -1"><span class='ocrx_word' id='word_1_15' title='bbox 252 388 299 429; x_wconf 75' lang='grc' dir='ltr'><strong>τὸ</strong></span> <span class='ocrx_word' id='word_1_16' title='bbox 326 384 555 429; x_wconf 76' lang='lat' dir='ltr'><strong>necestitate,</strong></span> <span class='ocrx_word' id='word_1_17' title='bbox 585 378 798 430; x_wconf 84' lang='lat' dir='ltr'><strong>Majoribus</strong></span> <span class='ocrx_word' id='word_1_18' title='bbox 819 378 953 418; x_wconf 68' lang='lat' dir='ltr'><strong>indies’</strong></span> <span class='ocrx_word' id='word_1_19' title='bbox 981 377 1189 429; x_wconf 77' lang='lat' dir='ltr'><strong>sumptibus</strong></span> <span class='ocrx_word' id='word_1_20' title='bbox 1226 391 1324 430; x_wconf 91' lang='lat' dir='ltr'><strong>opus</strong></span> <span class='ocrx_word' id='word_1_21' title='bbox 1344 377 1430 417; x_wconf 89' lang='lat' dir='ltr'><strong>fuit.</strong></span> <span class='ocrx_word' id='word_1_22' title='bbox 1488 376 1565 416; x_wconf 87' lang='lat' dir='ltr'><strong>Sed</strong></span> <span class='ocrx_word' id='word_1_23' title='bbox 1590 376 1681 415; x_wconf 82' lang='lat' dir='ltr'>nihil</span> <span class='ocrx_word' id='word_1_24' title='bbox 1707 376 1813 416; x_wconf 91' lang='lat' dir='ltr'><strong>bono</strong></span> <span class='ocrx_word' id='word_1_25' title='bbox 1843 374 2038 414; x_wconf 89' lang='lat' dir='ltr'><strong>communi</strong></span> 
     </span>
     <span class='ocr_line' id='line_1_4' title="bbox 253 433 2039 501; baseline -0.009 -14"><span class='ocrx_word' id='word_1_26' title='bbox 253 450 338 501; x_wconf 85' lang='lat' dir='ltr'><strong>plus</strong></span> <span class='ocrx_word' id='word_1_27' title='bbox 362 443 518 489; x_wconf 85' lang='lat' dir='ltr'><strong>nocuit,</strong></span> <span class='ocrx_word' id='word_1_28' title='bbox 548 437 660 491; x_wconf 78' lang='lat' dir='ltr'><strong>quam</strong></span> <span class='ocrx_word' id='word_1_29' title='bbox 685 441 917 490; x_wconf 79' lang='lat' dir='ltr'>permutatio</span> <span class='ocrx_word' id='word_1_30' title='bbox 945 436 1196 478; x_wconf 83' lang='lat' dir='ltr'><strong>Monetarum</strong></span> <span class='ocrx_word' id='word_1_31' title='bbox 1212 467 1223 485; x_wconf 91' lang='lat'><strong>,</strong></span> <span class='ocrx_word' id='word_1_32' title='bbox 1255 438 1438 488; x_wconf 87' lang='lat' dir='ltr'><strong>quodque</strong></span> <span class='ocrx_word' id='word_1_33' title='bbox 1475 435 1775 476; x_wconf 86' lang='lat' dir='ltr'><strong>animadversum</strong></span> <span class='ocrx_word' id='word_1_34' title='bbox 1800 447 1879 474; x_wconf 91' lang='lat' dir='ltr'><strong>non</strong></span> <span class='ocrx_word' id='word_1_35' title='bbox 1903 433 2039 479; x_wconf 84' lang='lat' dir='ltr'><strong>fuerit,</strong></span> 
     </span>
     <span class='ocr_line' id='line_1_5' title="bbox 253 491 2041 552; baseline -0.009 -4"><span class='ocrx_word' id='word_1_36' title='bbox 253 518 332 548; x_wconf 84' lang='lat' dir='ltr'><strong>non</strong></span> <span class='ocrx_word' id='word_1_37' title='bbox 355 499 477 543; x_wconf 69' lang='lat' dir='ltr'><strong>minus</strong></span> <span class='ocrx_word' id='word_1_38' title='bbox 498 511 541 539; x_wconf 92' lang='lat' dir='ltr'><strong>ac</strong></span> <span class='ocrx_word' id='word_1_39' title='bbox 568 499 684 551; x_wconf 85' lang='lat' dir='ltr'>ipsam</span> <span class='ocrx_word' id='word_1_40' title='bbox 714 499 974 550; x_wconf 78' lang='lat' dir='ltr'><strong>Religionem,</strong></span> <span class='ocrx_word' id='word_1_41' title='bbox 1006 493 1074 552; x_wconf 77' lang='lat' dir='ltr'><strong>(a)</strong></span> <span class='ocrx_word' id='word_1_42' title='bbox 1107 497 1144 535; x_wconf 90' lang='lat' dir='ltr'><strong>in</strong></span> <span class='ocrx_word' id='word_1_43' title='bbox 1174 496 1236 535; x_wconf 89' lang='lat' dir='ltr'><strong>sua</strong></span> <span class='ocrx_word' id='word_1_44' title='bbox 1260 497 1426 547; x_wconf 90' lang='lat' dir='ltr'><strong>puritate</strong></span> <span class='ocrx_word' id='word_1_45' title='bbox 1451 494 1729 536; x_wconf 88' lang='lat' dir='ltr'><strong>conservandas</strong></span> <span class='ocrx_word' id='word_1_46' title='bbox 1774 507 1838 534; x_wconf 88' lang='lat' dir='ltr'><strong>eas</strong></span> <span class='ocrx_word' id='word_1_47' title='bbox 1868 493 1972 543; x_wconf 82' lang='lat' dir='ltr'><strong>effe,</strong></span> <span class='ocrx_word' id='word_1_48' title='bbox 2003 491 2041 531; x_wconf 70' lang='grc' dir='ltr'><strong>δε</strong></span> 
     </span>
     <span class='ocr_line' id='line_1_6' title="bbox 251 553 2043 617; baseline -0.006 -14"><span class='ocrx_word' id='word_1_49' title='bbox 251 567 376 617; x_wconf 85' lang='lat' dir='ltr'><strong>Reges</strong></span> <span class='ocrx_word' id='word_1_50' title='bbox 392 560 630 612; x_wconf 90' lang='lat' dir='ltr'><strong>Alphonsum</strong></span> <span class='ocrx_word' id='word_1_51' title='bbox 647 557 865 610; x_wconf 82' lang='lat' dir='ltr'><strong>Sapientem</strong></span> <span class='ocrx_word' id='word_1_52' title='bbox 881 588 894 607; x_wconf 94' lang='lat'><strong>,</strong></span> <span class='ocrx_word' id='word_1_53' title='bbox 923 556 1160 609; x_wconf 89' lang='lat' dir='ltr'><strong>Alphonsum</strong></span> <span class='ocrx_word' id='word_1_54' title='bbox 1179 554 1464 604; x_wconf 78' lang='lat' dir='ltr'><strong>Undecimum,</strong></span> <span class='ocrx_word' id='word_1_55' title='bbox 1490 555 1527 594; x_wconf 71' lang='grc' dir='ltr'><strong>δε</strong></span> <span class='ocrx_word' id='word_1_56' title='bbox 1559 554 1770 595; x_wconf 82' lang='lat' dir='ltr'><strong>Henricum</strong></span> <span class='ocrx_word' id='word_1_57' title='bbox 1802 553 2043 600; x_wconf 85' lang='lat' dir='ltr'><strong>Secundum,</strong></span> 
     </span>
     <span class='ocr_line' id='line_1_7' title="bbox 252 613 2041 676; baseline -0.006 -14"><span class='ocrx_word' id='word_1_58' title='bbox 252 625 316 676; x_wconf 87' lang='lat' dir='ltr'><strong>qui</strong></span> <span class='ocrx_word' id='word_1_59' title='bbox 335 632 397 661; x_wconf 87' lang='lat' dir='ltr'><strong>eas</strong></span> <span class='ocrx_word' id='word_1_60' title='bbox 414 623 678 666; x_wconf 83' lang='lat' dir='ltr'><strong>immutarunt,</strong></span> <span class='ocrx_word' id='word_1_61' title='bbox 710 617 933 669; x_wconf 87' lang='lat' dir='ltr'><strong>&amp;Regnum</strong></span> <span class='ocrx_word' id='word_1_62' title='bbox 949 618 984 657; x_wconf 68' lang='grc' dir='ltr'><strong>δε</strong></span> <span class='ocrx_word' id='word_1_63' title='bbox 999 615 1136 668; x_wconf 86' lang='lat' dir='ltr'><strong>seipsos</strong></span> <span class='ocrx_word' id='word_1_64' title='bbox 1157 617 1195 654; x_wconf 92' lang='lat' dir='ltr'><strong>in</strong></span> <span class='ocrx_word' id='word_1_65' title='bbox 1214 615 1462 665; x_wconf 77' lang='lat' dir='ltr'><strong>graviffimum</strong></span> <span class='ocrx_word' id='word_1_66' title='bbox 1477 613 1681 663; x_wconf 82' lang='lat' dir='ltr'><strong>conjecisse</strong></span> <span class='ocrx_word' id='word_1_67' title='bbox 1705 614 1921 663; x_wconf 78' lang='lat' dir='ltr'><strong>discrimen,</strong></span> <span class='ocrx_word' id='word_1_68' title='bbox 1946 625 2041 665; x_wconf 83' lang='lat' dir='ltr'><strong>quo-</strong></span> 
     </span>
     <span class='ocr_line' id='line_1_8' title="bbox 248 672 2040 725; baseline -0.006 -3"><span class='ocrx_word' id='word_1_69' title='bbox 248 695 330 723; x_wconf 89' lang='lat' dir='ltr'><strong>rum</strong></span> <span class='ocrx_word' id='word_1_70' title='bbox 348 681 485 721; x_wconf 83' lang='lat' dir='ltr'><strong>damna</strong></span> <span class='ocrx_word' id='word_1_71' title='bbox 506 679 742 719; x_wconf 89' lang='lat' dir='ltr'><strong>documento</strong></span> <span class='ocrx_word' id='word_1_72' title='bbox 766 678 878 718; x_wconf 87' lang='lat' dir='ltr'><strong>nobis</strong></span> <span class='ocrx_word' id='word_1_73' title='bbox 897 676 970 717; x_wconf 83' lang='lat' dir='ltr'><strong>effe</strong></span> <span class='ocrx_word' id='word_1_74' title='bbox 989 676 1174 716; x_wconf 90' lang='lat' dir='ltr'><strong>deberent</strong></span> <span class='ocrx_word' id='word_1_75' title='bbox 1183 689 1195 723; x_wconf 84' lang='grc'><strong>,-</strong></span> <span class='ocrx_word' id='word_1_76' title='bbox 1224 674 1288 714; x_wconf 87' lang='lat' dir='ltr'><strong>sed</strong></span> <span class='ocrx_word' id='word_1_77' title='bbox 1309 673 1464 725; x_wconf 85' lang='lat' dir='ltr'><strong>quando</strong></span> <span class='ocrx_word' id='word_1_78' title='bbox 1491 672 1616 712; x_wconf 81' lang='lat' dir='ltr'><strong>fatalia</strong></span> <span class='ocrx_word' id='word_1_79' title='bbox 1634 676 1728 712; x_wconf 89' lang='lat' dir='ltr'><strong>mala</strong></span> <span class='ocrx_word' id='word_1_80' title='bbox 1747 675 1849 723; x_wconf 88' lang='lat' dir='ltr'><strong>sunt,</strong></span> <span class='ocrx_word' id='word_1_81' title='bbox 1878 685 1951 713; x_wconf 89' lang='lat' dir='ltr'><strong>nec</strong></span> <span class='ocrx_word' id='word_1_82' title='bbox 1975 685 2040 712; x_wconf 85' lang='lat' dir='ltr'><strong>ex-</strong></span> 
     </span>
     <span class='ocr_line' id='line_1_9' title="bbox 247 731 2042 795; baseline -0.007 -13"><span class='ocrx_word' id='word_1_83' title='bbox 247 742 443 795; x_wconf 90' lang='lat' dir='ltr'><strong>perientiae</strong></span> <span class='ocrx_word' id='word_1_84' title='bbox 462 748 645 787; x_wconf 86' lang='lat' dir='ltr'><strong>movent,</strong></span> <span class='ocrx_word' id='word_1_85' title='bbox 674 749 747 777; x_wconf 85' lang='lat' dir='ltr'><strong>nec</strong></span> <span class='ocrx_word' id='word_1_86' title='bbox 764 739 953 789; x_wconf 71' lang='lat' dir='ltr'><strong>exempla.</strong></span> <span class='ocrx_word' id='word_1_87' title='bbox 1011 735 1154 775; x_wconf 90' lang='lat' dir='ltr'><strong>Surdus</strong></span> <span class='ocrx_word' id='word_1_88' title='bbox 1171 736 1300 786; x_wconf 87' lang='lat' dir='ltr'><strong>itaque</strong></span> <span class='ocrx_word' id='word_1_89' title='bbox 1326 734 1372 773; x_wconf 89' lang='lat' dir='ltr'><strong>ad</strong></span> <span class='ocrx_word' id='word_1_90' title='bbox 1384 734 1466 773; x_wconf 86' lang='lat' dir='ltr'><strong>haec</strong></span> <span class='ocrx_word' id='word_1_91' title='bbox 1484 734 1628 773; x_wconf 89' lang='lat' dir='ltr'><strong>monita</strong></span> <span class='ocrx_word' id='word_1_92' title='bbox 1644 732 1732 772; x_wconf 82' lang='lat' dir='ltr'><strong>Rex</strong></span> <span class='ocrx_word' id='word_1_93' title='bbox 1757 734 1952 785; x_wconf 83' lang='lat' dir='ltr'><strong>Philippus</strong></span> <span class='ocrx_word' id='word_1_94' title='bbox 1976 731 2042 777; x_wconf 82' lang='lat'><strong>111,</strong></span> 
     </span>
     <span class='ocr_line' id='line_1_10' title="bbox 246 793 2045 854; baseline -0.006 -13"><span class='ocrx_word' id='word_1_95' title='bbox 246 804 285 842; x_wconf 90' lang='lat' dir='ltr'><strong>in</strong></span> <span class='ocrx_word' id='word_1_96' title='bbox 301 802 458 854; x_wconf 89' lang='lat' dir='ltr'><strong>duplum</strong></span> <span class='ocrx_word' id='word_1_97' title='bbox 477 801 580 839; x_wconf 87' lang='lat' dir='ltr'><strong>auxit</strong></span> <span class='ocrx_word' id='word_1_98' title='bbox 596 800 768 838; x_wconf 88' lang='lat' dir='ltr'><strong>valorem</strong></span> <span class='ocrx_word' id='word_1_99' title='bbox 790 806 958 837; x_wconf 81' lang='lat' dir='ltr'><strong>monetae</strong></span> <span class='ocrx_word' id='word_1_100' title='bbox 984 808 1111 844; x_wconf 67' lang='lat' dir='ltr'><strong>aereae,</strong></span> <span class='ocrx_word' id='word_1_101' title='bbox 1142 808 1225 847; x_wconf 84' lang='lat' dir='ltr'><strong>quae</strong></span> <span class='ocrx_word' id='word_1_102' title='bbox 1252 793 1299 833; x_wconf 89' lang='lat' dir='ltr'><strong>ad</strong></span> <span class='ocrx_word' id='word_1_103' title='bbox 1336 806 1379 833; x_wconf 85' lang='lat' dir='ltr'><strong>ea</strong></span> <span class='ocrx_word' id='word_1_104' title='bbox 1408 793 1525 846; x_wconf 88' lang='lat' dir='ltr'><strong>usque</strong></span> <span class='ocrx_word' id='word_1_105' title='bbox 1553 803 1726 845; x_wconf 86' lang='lat' dir='ltr'><strong>tempora</strong></span> <span class='ocrx_word' id='word_1_106' title='bbox 1755 802 2045 844; x_wconf 88' lang='lat' dir='ltr'><strong>contemperata</strong></span> 
     </span>
     <span class='ocr_line' id='line_1_11' title="bbox 248 852 2044 909; baseline -0.006 -8"><span class='ocrx_word' id='word_1_107' title='bbox 248 862 300 903; x_wconf 86' lang='lat' dir='ltr'><strong>fic</strong></span> <span class='ocrx_word' id='word_1_108' title='bbox 317 861 461 909; x_wconf 84' lang='lat' dir='ltr'><strong>fuerat,</strong></span> <span class='ocrx_word' id='word_1_109' title='bbox 491 869 535 898; x_wconf 89' lang='lat' dir='ltr'><strong>ut</strong></span> <span class='ocrx_word' id='word_1_110' title='bbox 562 859 704 898; x_wconf 89' lang='lat' dir='ltr'><strong>levium</strong></span> <span class='ocrx_word' id='word_1_111' title='bbox 720 868 844 897; x_wconf 88' lang='lat' dir='ltr'><strong>rerum</strong></span> <span class='ocrx_word' id='word_1_112' title='bbox 866 856 1071 896; x_wconf 76' lang='lat' dir='ltr'><strong>deserviret</strong></span> <span class='ocrx_word' id='word_1_113' title='bbox 1097 856 1351 902; x_wconf 89' lang='lat' dir='ltr'><strong>commercio,</strong></span> <span class='ocrx_word' id='word_1_114' title='bbox 1382 853 1419 893; x_wconf 90' lang='lat'>&amp;</span> <span class='ocrx_word' id='word_1_115' title='bbox 1446 862 1574 893; x_wconf 87' lang='lat' dir='ltr'><strong>tamen</strong></span> <span class='ocrx_word' id='word_1_116' title='bbox 1589 862 1756 893; x_wconf 83' lang='lat' dir='ltr'><strong>monetae</strong></span> <span class='ocrx_word' id='word_1_117' title='bbox 1785 852 1935 903; x_wconf 89' lang='lat' dir='ltr'><strong>majoris</strong></span> <span class='ocrx_word' id='word_1_118' title='bbox 1957 863 2044 903; x_wconf 53' lang='lat' dir='ltr'><strong>pre⁴</strong></span> 
     </span>
     <span class='ocr_line' id='line_1_12' title="bbox 247 910 2044 971; baseline -0.007 -9"><span class='ocrx_word' id='word_1_119' title='bbox 247 924 342 962; x_wconf 87' lang='lat' dir='ltr'><strong>tium</strong></span> <span class='ocrx_word' id='word_1_120' title='bbox 366 928 596 971; x_wconf 86' lang='lat' dir='ltr'><strong>exaequaret.</strong></span> <span class='ocrx_word' id='word_1_121' title='bbox 655 916 1077 956; x_wconf 86' lang='lat' dir='ltr'><strong>InnotuitNationibus</strong></span> <span class='ocrx_word' id='word_1_122' title='bbox 1101 916 1239 954; x_wconf 87' lang='lat' dir='ltr'><strong>exteris</strong></span> <span class='ocrx_word' id='word_1_123' title='bbox 1268 913 1462 954; x_wconf 85' lang='lat' dir='ltr'><strong>aestimatio</strong></span> <span class='ocrx_word' id='word_1_124' title='bbox 1479 944 1490 961; x_wconf 92' lang='lat'><strong>,</strong></span> <span class='ocrx_word' id='word_1_125' title='bbox 1521 912 1636 964; x_wconf 74' lang='lat' dir='ltr'><strong>quam</strong></span> <span class='ocrx_word' id='word_1_126' title='bbox 1664 913 1898 952; x_wconf 84' lang='lat' dir='ltr'><strong>monetarius</strong></span> <span class='ocrx_word' id='word_1_127' title='bbox 1928 910 2044 964; x_wconf 87' lang='lat' dir='ltr'><strong>Regis</strong></span> 
     </span>
     <span class='ocr_line' id='line_1_13' title="bbox 247 968 2044 1025; baseline -0.006 -4"><span class='ocrx_word' id='word_1_128' title='bbox 247 983 435 1023; x_wconf 86' lang='lat' dir='ltr'><strong>marculus</strong></span> <span class='ocrx_word' id='word_1_129' title='bbox 457 980 523 1018; x_wconf 89' lang='lat' dir='ltr'><strong>vili</strong></span> <span class='ocrx_word' id='word_1_130' title='bbox 545 977 601 1017; x_wconf 88' lang='lat' dir='ltr'><strong>isti</strong></span> <span class='ocrx_word' id='word_1_131' title='bbox 622 978 788 1016; x_wconf 86' lang='lat' dir='ltr'><strong>materiae</strong></span> <span class='ocrx_word' id='word_1_132' title='bbox 809 977 992 1015; x_wconf 84' lang='lat' dir='ltr'><strong>tribuerat</strong></span> <span class='ocrx_word' id='word_1_133' title='bbox 1010 1006 1021 1025; x_wconf 87' lang='lat'><strong>‚</strong></span> <span class='ocrx_word' id='word_1_134' title='bbox 1054 975 1092 1015; x_wconf 73' lang='grc' dir='ltr'><strong>δι</strong></span> <span class='ocrx_word' id='word_1_135' title='bbox 1110 987 1202 1014; x_wconf 86' lang='lat' dir='ltr'><strong>mox</strong></span> <span class='ocrx_word' id='word_1_136' title='bbox 1220 976 1280 1014; x_wconf 86' lang='lat' dir='ltr'><strong>illa</strong></span> <span class='ocrx_word' id='word_1_137' title='bbox 1304 974 1379 1025; x_wconf 89' lang='lat' dir='ltr'><strong>ipsa</strong></span> <span class='ocrx_word' id='word_1_138' title='bbox 1407 974 1445 1012; x_wconf 90' lang='lat' dir='ltr'><strong>in</strong></span> <span class='ocrx_word' id='word_1_139' title='bbox 1460 973 1784 1025; x_wconf 86' lang='lat' dir='ltr'><strong>negotiationibus</strong></span> <span class='ocrx_word' id='word_1_140' title='bbox 1807 973 1861 1011; x_wconf 89' lang='lat' dir='ltr'><strong>uti</strong></span> <span class='ocrx_word' id='word_1_141' title='bbox 1878 968 2044 1023; x_wconf 71' lang='lat' dir='ltr'><strong>coepere,</strong></span> 
     </span>
     <span class='ocr_line' id='line_1_14' title="bbox 245 1032 2045 1093; baseline -0.006 -12"><span class='ocrx_word' id='word_1_142' title='bbox 245 1040 430 1093; x_wconf 83' lang='lat' dir='ltr'><strong>fiquidem</strong></span> <span class='ocrx_word' id='word_1_143' title='bbox 454 1049 614 1090; x_wconf 90' lang='lat' dir='ltr'><strong>cuprum</strong></span> <span class='ocrx_word' id='word_1_144' title='bbox 636 1037 873 1076; x_wconf 88' lang='lat' dir='ltr'><strong>elaboratum</strong></span> <span class='ocrx_word' id='word_1_145' title='bbox 892 1032 1078 1075; x_wconf 70' lang='lat' dir='ltr'><strong>invexere</strong></span> <span class='ocrx_word' id='word_1_146' title='bbox 1106 1037 1143 1074; x_wconf 90' lang='lat' dir='ltr'><strong>in</strong></span> <span class='ocrx_word' id='word_1_147' title='bbox 1166 1034 1385 1086; x_wconf 81' lang='lat' dir='ltr'><strong>Hispaniam</strong></span> <span class='ocrx_word' id='word_1_148' title='bbox 1402 1064 1412 1082; x_wconf 92' lang='lat'><strong>,</strong></span> <span class='ocrx_word' id='word_1_149' title='bbox 1442 1033 1638 1085; x_wconf 82' lang='lat' dir='ltr'><strong>asportatis</strong></span> <span class='ocrx_word' id='word_1_150' title='bbox 1665 1032 1754 1071; x_wconf 88' lang='lat' dir='ltr'><strong>inde</strong></span> <span class='ocrx_word' id='word_1_151' title='bbox 1772 1043 1863 1072; x_wconf 86' lang='lat' dir='ltr'><strong>auro</strong></span> <span class='ocrx_word' id='word_1_152' title='bbox 1880 1061 1892 1081; x_wconf 89' lang='lat'><strong>,</strong></span> <span class='ocrx_word' id='word_1_153' title='bbox 1914 1042 2045 1084; x_wconf 85' lang='lat' dir='ltr'><strong>argen-</strong></span> 
     </span>
     <span class='ocr_line' id='line_1_15' title="bbox 246 1091 2044 1150; baseline -0.006 -10"><span class='ocrx_word' id='word_1_154' title='bbox 246 1111 314 1149; x_wconf 86' lang='lat' dir='ltr'><strong>to,</strong></span> <span class='ocrx_word' id='word_1_155' title='bbox 333 1100 487 1150; x_wconf 87' lang='lat' dir='ltr'><strong>aliisque</strong></span> <span class='ocrx_word' id='word_1_156' title='bbox 512 1096 714 1137; x_wconf 82' lang='lat' dir='ltr'><strong>mercibus.</strong></span> <span class='ocrx_word' id='word_1_157' title='bbox 778 1096 866 1149; x_wconf 90' lang='lat' dir='ltr'><strong>Qua</strong></span> <span class='ocrx_word' id='word_1_158' title='bbox 888 1107 929 1135; x_wconf 91' lang='lat' dir='ltr'><strong>re</strong></span> <span class='ocrx_word' id='word_1_159' title='bbox 947 1097 1032 1147; x_wconf 87' lang='lat' dir='ltr'><strong>plus</strong></span> <span class='ocrx_word' id='word_1_160' title='bbox 1061 1091 1221 1134; x_wconf 71' lang='lat' dir='ltr'><strong>attulere</strong></span> <span class='ocrx_word' id='word_1_161' title='bbox 1250 1093 1376 1134; x_wconf 89' lang='lat' dir='ltr'><strong>damni</strong></span> <span class='ocrx_word' id='word_1_162' title='bbox 1399 1123 1411 1142; x_wconf 85' lang='lat'><strong>,</strong></span> <span class='ocrx_word' id='word_1_163' title='bbox 1442 1091 1556 1145; x_wconf 74' lang='lat' dir='ltr'><strong>quam</strong></span> <span class='ocrx_word' id='word_1_164' title='bbox 1578 1092 1605 1131; x_wconf 87' lang='lat' dir='ltr'><strong>sl</strong></span> <span class='ocrx_word' id='word_1_165' title='bbox 1629 1091 1825 1143; x_wconf 86' lang='lat' dir='ltr'><strong>serpentes</strong></span> <span class='ocrx_word' id='word_1_166' title='bbox 1846 1103 1981 1131; x_wconf 89' lang='lat' dir='ltr'><strong>omnes</strong></span> <span class='ocrx_word' id='word_1_167' title='bbox 2005 1091 2044 1130; x_wconf 89' lang='lat'>&amp;</span> 
     </span>
     <span class='ocr_line' id='line_1_16' title="bbox 245 1150 2047 1208; baseline -0.005 -9"><span class='ocrx_word' id='word_1_168' title='bbox 245 1160 415 1200; x_wconf 86' lang='lat' dir='ltr'><strong>animalia</strong></span> <span class='ocrx_word' id='word_1_169' title='bbox 435 1167 624 1198; x_wconf 86' lang='lat' dir='ltr'><strong>venenata</strong></span> <span class='ocrx_word' id='word_1_170' title='bbox 650 1155 789 1195; x_wconf 85' lang='lat' dir='ltr'><strong>Africae</strong></span> <span class='ocrx_word' id='word_1_171' title='bbox 815 1154 1021 1208; x_wconf 81' lang='lat' dir='ltr'><strong>sparsissent</strong></span> <span class='ocrx_word' id='word_1_172' title='bbox 1036 1166 1105 1206; x_wconf 92' lang='lat' dir='ltr'><strong>per</strong></span> <span class='ocrx_word' id='word_1_173' title='bbox 1122 1154 1340 1206; x_wconf 84' lang='lat' dir='ltr'><strong>Hispaniam</strong></span> <span class='ocrx_word' id='word_1_174' title='bbox 1361 1183 1373 1203; x_wconf 92' lang='lat'><strong>,</strong></span> <span class='ocrx_word' id='word_1_175' title='bbox 1405 1152 1442 1192; x_wconf 68' lang='grc' dir='ltr'><strong>δι</strong></span> <span class='ocrx_word' id='word_1_176' title='bbox 1474 1151 1634 1204; x_wconf 89' lang='lat' dir='ltr'><strong>Hispani</strong></span> <span class='ocrx_word' id='word_1_177' title='bbox 1661 1153 1725 1203; x_wconf 88' lang='lat' dir='ltr'><strong>qui</strong></span> <span class='ocrx_word' id='word_1_178' title='bbox 1751 1150 1839 1191; x_wconf 74' lang='lat' dir='ltr'><strong>alias</strong></span> <span class='ocrx_word' id='word_1_179' title='bbox 1863 1150 2047 1191; x_wconf 81' lang='lat' dir='ltr'><strong>irriserant</strong></span> 
     </span>
    </p>
   </div>
   <div class='ocr_carea' id='block_1_3' title="bbox 1276 295 1526 305">
    <p class='ocr_par' dir='ltr' id='par_1_3' title="bbox 1276 295 1526 305">
     <span class='ocr_line' id='line_1_17' title="bbox 1276 295 1526 305; baseline 0 3425"><span class='ocrx_word' id='word_1_180' title='bbox 1276 295 1526 305; x_wconf 95' lang='lat' dir='ltr'><strong> </strong></span> 
     </span>
    </p>
   </div>
   <div class='ocr_carea' id='block_1_4' title="bbox 1030 299 1270 307">
    <p class='ocr_par' dir='ltr' id='par_1_4' title="bbox 1030 299 1270 307">
     <span class='ocr_line' id='line_1_18' title="bbox 1030 299 1270 307; baseline 0 3423"><span class='ocrx_word' id='word_1_181' title='bbox 1030 299 1270 307; x_wconf 95' lang='lat' dir='ltr'><strong> </strong></span> 
     </span>
    </p>
   </div>
   <div class='ocr_carea' id='block_1_5' title="bbox 305 300 1025 317">
    <p class='ocr_par' dir='ltr' id='par_1_5' title="bbox 305 300 1025 317">
     <span class='ocr_line' id='line_1_19' title="bbox 305 300 1025 317; baseline 0 3413"><span class='ocrx_word' id='word_1_182' title='bbox 305 300 1025 317; x_wconf 95' lang='lat' dir='ltr'><strong> </strong></span> 
     </span>
    </p>
   </div>
   <div class='ocr_carea' id='block_1_6' title="bbox 243 1210 2089 1269">
    <p class='ocr_par' dir='ltr' id='par_1_6' title="bbox 243 1210 2089 1269">
     <span class='ocr_line' id='line_1_20' title="bbox 243 1210 2089 1269; baseline -0.007 -9"><span class='ocrx_word' id='word_1_183' title='bbox 243 1219 421 1261; x_wconf 90' lang='lat' dir='ltr'><strong>Rhodios</strong></span> <span class='ocrx_word' id='word_1_184' title='bbox 435 1249 447 1267; x_wconf 88' lang='lat'><strong>,</strong></span> <span class='ocrx_word' id='word_1_185' title='bbox 477 1216 584 1269; x_wconf 78' lang='lat' dir='ltr'><strong>quod</strong></span> <span class='ocrx_word' id='word_1_186' title='bbox 603 1226 743 1267; x_wconf 89' lang='lat' dir='ltr'><strong>cuprea</strong></span> <span class='ocrx_word' id='word_1_187' title='bbox 758 1224 956 1255; x_wconf 87' lang='lat' dir='ltr'><strong>uterentur</strong></span> <span class='ocrx_word' id='word_1_188' title='bbox 977 1222 1133 1253; x_wconf 89' lang='lat' dir='ltr'><strong>moneta</strong></span> <span class='ocrx_word' id='word_1_189' title='bbox 1148 1243 1160 1263; x_wconf 92' lang='lat'><strong>,</strong></span> <span class='ocrx_word' id='word_1_190' title='bbox 1190 1213 1427 1253; x_wconf 89' lang='lat' dir='ltr'><strong>Nationibus</strong></span> <span class='ocrx_word' id='word_1_191' title='bbox 1438 1213 1516 1253; x_wconf 88' lang='lat' dir='ltr'><strong>aliis</strong></span> <span class='ocrx_word' id='word_1_192' title='bbox 1533 1213 1619 1252; x_wconf 88' lang='lat' dir='ltr'><strong>risui</strong></span> <span class='ocrx_word' id='word_1_193' title='bbox 1635 1211 1792 1251; x_wconf 91' lang='lat' dir='ltr'><strong>fuerunt</strong></span> <span class='ocrx_word' id='word_1_194' title='bbox 1808 1211 1846 1252; x_wconf 76' lang='grc' dir='ltr'><strong>δι</strong></span> <span class='ocrx_word' id='word_1_195' title='bbox 1864 1210 2043 1251; x_wconf 86' lang='lat' dir='ltr'><strong>ludibrio.</strong></span> <span class='ocrx_word' id='word_1_196' title='bbox 2085 1244 2089 1247; x_wconf 86' lang='lat'><strong>.</strong></span> 
     </span>
    </p>
   </div>
   <div class='ocr_carea' id='block_1_7' title="bbox 244 1272 2047 1744">
    <p class='ocr_par' dir='ltr' id='par_1_7' title="bbox 244 1272 2047 1744">
     <span class='ocr_line' id='line_1_21' title="bbox 244 1272 2045 1332; baseline -0.006 -12"><span class='ocrx_word' id='word_1_197' title='bbox 244 1279 477 1332; x_wconf 75' lang='lat' dir='ltr'><strong>impeditum</strong></span> <span class='ocrx_word' id='word_1_198' title='bbox 502 1276 575 1316; x_wconf 84' lang='lat' dir='ltr'><strong>fuit</strong></span> <span class='ocrx_word' id='word_1_199' title='bbox 593 1277 865 1315; x_wconf 87' lang='lat' dir='ltr'><strong>commercium</strong></span> <span class='ocrx_word' id='word_1_200' title='bbox 887 1275 992 1327; x_wconf 88' lang='lat' dir='ltr'><strong>gravi</strong></span> <span class='ocrx_word' id='word_1_201' title='bbox 1011 1274 1082 1314; x_wconf 86' lang='lat' dir='ltr'><strong>illo·</strong></span> <span class='ocrx_word' id='word_1_202' title='bbox 1098 1273 1134 1313; x_wconf 89' lang='lat'>&amp;</span> <span class='ocrx_word' id='word_1_203' title='bbox 1158 1275 1279 1313; x_wconf 87' lang='lat' dir='ltr'><strong>inutili</strong></span> <span class='ocrx_word' id='word_1_204' title='bbox 1306 1275 1474 1314; x_wconf 91' lang='lat' dir='ltr'><strong>metallo.</strong></span> <span class='ocrx_word' id='word_1_205' title='bbox 1535 1272 1885 1312; x_wconf 89' lang='lat' dir='ltr'><strong>Creveruntrerum</strong></span> <span class='ocrx_word' id='word_1_206' title='bbox 1903 1273 2045 1323; x_wconf 83' lang='lat' dir='ltr'><strong>pretia,</strong></span> 
     </span>
     <span class='ocr_line' id='line_1_22' title="bbox 245 1329 2047 1385; baseline -0.005 -6"><span class='ocrx_word' id='word_1_207' title='bbox 245 1341 283 1380; x_wconf 90' lang='lat'>&amp;</span> <span class='ocrx_word' id='word_1_208' title='bbox 303 1350 450 1378; x_wconf 84' lang='lat' dir='ltr'><strong>merces</strong></span> <span class='ocrx_word' id='word_1_209' title='bbox 473 1337 605 1376; x_wconf 81' lang='lat' dir='ltr'><strong>sensim</strong></span> <span class='ocrx_word' id='word_1_210' title='bbox 624 1331 781 1375; x_wconf 77' lang='lat' dir='ltr'><strong>defuere</strong></span> <span class='ocrx_word' id='word_1_211' title='bbox 801 1366 812 1383; x_wconf 91' lang='lat'><strong>,</strong></span> <span class='ocrx_word' id='word_1_212' title='bbox 843 1334 938 1375; x_wconf 87' lang='lat' dir='ltr'><strong>ficut</strong></span> <span class='ocrx_word' id='word_1_213' title='bbox 970 1333 1209 1385; x_wconf 88' lang='lat' dir='ltr'><strong>temporibus</strong></span> <span class='ocrx_word' id='word_1_214' title='bbox 1232 1334 1348 1385; x_wconf 83' lang='lat' dir='ltr'><strong>Regis</strong></span> <span class='ocrx_word' id='word_1_215' title='bbox 1369 1332 1563 1384; x_wconf 84' lang='lat' dir='ltr'><strong>Alphonfi</strong></span> <span class='ocrx_word' id='word_1_216' title='bbox 1582 1331 1784 1383; x_wconf 71' lang='lat' dir='ltr'><strong>Sapientis,</strong></span> <span class='ocrx_word' id='word_1_217' title='bbox 1879 1329 2047 1371; x_wconf 81' lang='lat' dir='ltr'><strong>Ceffavit</strong></span> 
     </span>
     <span class='ocr_line' id='line_1_23' title="bbox 245 1390 2047 1450; baseline -0.006 -11"><span class='ocrx_word' id='word_1_218' title='bbox 245 1401 393 1450; x_wconf 87' lang='lat' dir='ltr'><strong>emptio</strong></span> <span class='ocrx_word' id='word_1_219' title='bbox 423 1397 460 1436; x_wconf 88' lang='lat'>&amp;</span> <span class='ocrx_word' id='word_1_220' title='bbox 483 1395 657 1435; x_wconf 87' lang='lat' dir='ltr'><strong>venditio</strong></span> <span class='ocrx_word' id='word_1_221' title='bbox 679 1404 794 1445; x_wconf 88' lang='lat' dir='ltr'><strong>atque</strong></span> <span class='ocrx_word' id='word_1_222' title='bbox 817 1393 891 1433; x_wconf 78' lang='lat' dir='ltr'><strong>una</strong></span> <span class='ocrx_word' id='word_1_223' title='bbox 916 1394 1105 1432; x_wconf 87' lang='lat' dir='ltr'><strong>imminuti</strong></span> <span class='ocrx_word' id='word_1_224' title='bbox 1137 1394 1221 1431; x_wconf 88' lang='lat' dir='ltr'><strong>sunt</strong></span> <span class='ocrx_word' id='word_1_225' title='bbox 1246 1392 1388 1431; x_wconf 86' lang='lat' dir='ltr'><strong>reditus</strong></span> <span class='ocrx_word' id='word_1_226' title='bbox 1419 1392 1531 1443; x_wconf 88' lang='lat' dir='ltr'><strong>Regii</strong></span> <span class='ocrx_word' id='word_1_227' title='bbox 1557 1421 1569 1439; x_wconf 84' lang='grc'>,</span> <span class='ocrx_word' id='word_1_228' title='bbox 1601 1392 1778 1441; x_wconf 86' lang='lat' dir='ltr'><strong>adeoque</strong></span> <span class='ocrx_word' id='word_1_229' title='bbox 1801 1390 1952 1431; x_wconf 80' lang='lat' dir='ltr'><strong>necess&#39;e</strong></span> <span class='ocrx_word' id='word_1_230' title='bbox 1974 1390 2047 1431; x_wconf 87' lang='lat' dir='ltr'><strong>fuit</strong></span> 
     </span>
     <span class='ocr_line' id='line_1_24' title="bbox 244 1449 2046 1502; baseline -0.004 -4"><span class='ocrx_word' id='word_1_231' title='bbox 244 1471 350 1499; x_wconf 89' lang='lat' dir='ltr'><strong>nova</strong></span> <span class='ocrx_word' id='word_1_232' title='bbox 381 1458 610 1496; x_wconf 89' lang='lat' dir='ltr'><strong>tributorum</strong></span> <span class='ocrx_word' id='word_1_233' title='bbox 633 1453 671 1493; x_wconf 88' lang='lat'>&amp;</span> <span class='ocrx_word' id='word_1_234' title='bbox 701 1452 943 1492; x_wconf 64' lang='lat' dir='ltr'><strong>exaerionum</strong></span> <span class='ocrx_word' id='word_1_235' title='bbox 968 1451 1188 1491; x_wconf 86' lang='lat' dir='ltr'><strong>adinvenire</strong></span> <span class='ocrx_word' id='word_1_236' title='bbox 1208 1452 1333 1491; x_wconf 80' lang='lat' dir='ltr'><strong>media</strong></span> <span class='ocrx_word' id='word_1_237' title='bbox 1355 1481 1368 1502; x_wconf 90' lang='lat'><strong>,</strong></span> <span class='ocrx_word' id='word_1_238' title='bbox 1397 1451 1500 1490; x_wconf 91' lang='lat' dir='ltr'><strong>unde</strong></span> <span class='ocrx_word' id='word_1_239' title='bbox 1527 1450 1648 1502; x_wconf 76' lang='lat' dir='ltr'><strong>porro</strong></span> <span class='ocrx_word' id='word_1_240' title='bbox 1671 1449 1837 1499; x_wconf 59' lang='lat' dir='ltr'><strong>fastum,</strong></span> <span class='ocrx_word' id='word_1_241' title='bbox 1869 1461 1911 1490; x_wconf 93' lang='lat' dir='ltr'><strong>ut</strong></span> <span class='ocrx_word' id='word_1_242' title='bbox 1932 1453 2046 1491; x_wconf 87' lang='lat' dir='ltr'><strong>inter-</strong></span> 
     </span>
     <span class='ocr_line' id='line_1_25' title="bbox 245 1509 2046 1570; baseline -0.003 -13"><span class='ocrx_word' id='word_1_243' title='bbox 245 1517 524 1570; x_wconf 87' lang='lat' dir='ltr'><strong>quiescentibus</strong></span> <span class='ocrx_word' id='word_1_244' title='bbox 539 1514 615 1565; x_wconf 87' lang='lat' dir='ltr'><strong>jam</strong></span> <span class='ocrx_word' id='word_1_245' title='bbox 641 1513 880 1551; x_wconf 87' lang='lat' dir='ltr'><strong>commerciis</strong></span> <span class='ocrx_word' id='word_1_246' title='bbox 898 1510 1066 1550; x_wconf 80' lang='lat' dir='ltr'><strong>Castellae</strong></span> <span class='ocrx_word' id='word_1_247' title='bbox 1092 1522 1187 1562; x_wconf 91' lang='lat' dir='ltr'><strong>opes</strong></span> <span class='ocrx_word' id='word_1_248' title='bbox 1206 1511 1540 1557; x_wconf 85' lang='lat' dir='ltr'><strong>consumerentur,</strong></span> <span class='ocrx_word' id='word_1_249' title='bbox 1556 1510 1593 1548; x_wconf 71' lang='grc' dir='ltr'><strong>δε</strong></span> <span class='ocrx_word' id='word_1_250' title='bbox 1608 1509 1743 1548; x_wconf 86' lang='lat' dir='ltr'><strong>eadem</strong></span> <span class='ocrx_word' id='word_1_251' title='bbox 1768 1521 2046 1551; x_wconf 88' lang='lat' dir='ltr'><strong>renovarentur</strong></span> 
     </span>
     <span class='ocr_line' id='line_1_26' title="bbox 246 1567 2046 1623; baseline -0.003 -6"><span class='ocrx_word' id='word_1_252' title='bbox 246 1575 466 1617; x_wconf 88' lang='lat' dir='ltr'><strong>incommda</strong></span> <span class='ocrx_word' id='word_1_253' title='bbox 489 1604 500 1623; x_wconf 88' lang='lat'><strong>‚</strong></span> <span class='ocrx_word' id='word_1_254' title='bbox 531 1573 691 1612; x_wconf 87' lang='lat' dir='ltr'><strong>subortis</strong></span> <span class='ocrx_word' id='word_1_255' title='bbox 716 1573 792 1610; x_wconf 85' lang='lat' dir='ltr'><strong>aliis</strong></span> <span class='ocrx_word' id='word_1_256' title='bbox 815 1583 864 1609; x_wconf 78' lang='lat' dir='ltr'><strong>ex</strong></span> <span class='ocrx_word' id='word_1_257' title='bbox 879 1571 978 1618; x_wconf 83' lang='lat' dir='ltr'><strong>aliis,</strong></span> <span class='ocrx_word' id='word_1_258' title='bbox 1011 1581 1094 1620; x_wconf 85' lang='lat' dir='ltr'><strong>quae</strong></span> <span class='ocrx_word' id='word_1_259' title='bbox 1115 1571 1297 1608; x_wconf 89' lang='lat' dir='ltr'><strong>circulum</strong></span> <span class='ocrx_word' id='word_1_260' title='bbox 1319 1568 1449 1608; x_wconf 86' lang='lat' dir='ltr'><strong>fecere</strong></span> <span class='ocrx_word' id='word_1_261' title='bbox 1470 1567 1726 1620; x_wconf 86' lang='lat' dir='ltr'><strong>perniciosum</strong></span> <span class='ocrx_word' id='word_1_262' title='bbox 1741 1599 1754 1618; x_wconf 91' lang='lat'><strong>,</strong></span> <span class='ocrx_word' id='word_1_263' title='bbox 1784 1569 2046 1623; x_wconf 87' lang='lat' dir='ltr'><strong>majoremque</strong></span> 
     </span>
     <span class='ocr_line' id='line_1_27' title="bbox 244 1626 2047 1680; baseline -0.002 -3"><span class='ocrx_word' id='word_1_264' title='bbox 244 1649 347 1677; x_wconf 87' lang='lat' dir='ltr'><strong>nunc</strong></span> <span class='ocrx_word' id='word_1_265' title='bbox 363 1636 579 1674; x_wconf 84' lang='lat' dir='ltr'><strong>minitantur</strong></span> <span class='ocrx_word' id='word_1_266' title='bbox 606 1632 750 1670; x_wconf 87' lang='lat' dir='ltr'><strong>ruinam</strong></span> <span class='ocrx_word' id='word_1_267' title='bbox 769 1661 780 1678; x_wconf 88' lang='lat'><strong>,</strong></span> <span class='ocrx_word' id='word_1_268' title='bbox 811 1632 849 1668; x_wconf 91' lang='lat' dir='ltr'><strong>ni</strong></span> <span class='ocrx_word' id='word_1_269' title='bbox 866 1630 1031 1680; x_wconf 85' lang='lat' dir='ltr'><strong>tempori</strong></span> <span class='ocrx_word' id='word_1_270' title='bbox 1048 1626 1238 1667; x_wconf 81' lang='lat' dir='ltr'><strong>adferatur</strong></span> <span class='ocrx_word' id='word_1_271' title='bbox 1263 1628 1475 1668; x_wconf 89' lang='lat' dir='ltr'><strong>remedium</strong></span> <span class='ocrx_word' id='word_1_272' title='bbox 1495 1659 1505 1676; x_wconf 89' lang='lat'>‚</span> <span class='ocrx_word' id='word_1_273' title='bbox 1536 1628 1573 1668; x_wconf 72' lang='grc' dir='ltr'><strong>ὅτ.-</strong></span> <span class='ocrx_word' id='word_1_274' title='bbox 1588 1630 1753 1679; x_wconf 89' lang='lat' dir='ltr'><strong>pretium</strong></span> <span class='ocrx_word' id='word_1_275' title='bbox 1768 1641 1934 1671; x_wconf 82' lang='lat' dir='ltr'><strong>monetae</strong></span> <span class='ocrx_word' id='word_1_276' title='bbox 1950 1634 2047 1673; x_wconf 89' lang='lat' dir='ltr'><strong>illius</strong></span> 
     </span>
     <span class='ocr_line' id='line_1_28' title="bbox 246 1687 2047 1744; baseline -0.002 -8"><span class='ocrx_word' id='word_1_277' title='bbox 246 1708 350 1736; x_wconf 83' lang='lat' dir='ltr'><strong>aereae</strong></span> <span class='ocrx_word' id='word_1_278' title='bbox 375 1693 422 1733; x_wconf 89' lang='lat' dir='ltr'><strong>ad</strong></span> <span class='ocrx_word' id='word_1_279' title='bbox 440 1694 611 1732; x_wconf 89' lang='lat' dir='ltr'><strong>valorem</strong></span> <span class='ocrx_word' id='word_1_280' title='bbox 638 1690 744 1728; x_wconf 89' lang='lat' dir='ltr'><strong>suum</strong></span> <span class='ocrx_word' id='word_1_281' title='bbox 766 1688 1007 1728; x_wconf 90' lang='lat' dir='ltr'><strong>intrinsecum</strong></span> <span class='ocrx_word' id='word_1_282' title='bbox 1026 1687 1241 1727; x_wconf 88' lang='lat' dir='ltr'><strong>reducatur.</strong></span> <span class='ocrx_word' id='word_1_283' title='bbox 1302 1687 1401 1741; x_wconf 90' lang='lat' dir='ltr'><strong>Quis</strong></span> <span class='ocrx_word' id='word_1_284' title='bbox 1427 1689 1538 1740; x_wconf 86' lang='lat' dir='ltr'><strong>igitur</strong></span> <span class='ocrx_word' id='word_1_285' title='bbox 1558 1701 1639 1728; x_wconf 93' lang='lat' dir='ltr'><strong>non</strong></span> <span class='ocrx_word' id='word_1_286' title='bbox 1668 1687 1926 1744; x_wconf 79' lang='lat' dir='ltr'><strong>existimasset,</strong></span> <span class='ocrx_word' id='word_1_287' title='bbox 1954 1708 2047 1736; x_wconf 82' lang='lat' dir='ltr'><strong>auro</strong></span> 
     </span>
    </p>
   </div>
   <div class='ocr_carea' id='block_1_8' title="bbox 243 1747 2115 1804">
    <p class='ocr_par' dir='ltr' id='par_1_8' title="bbox 243 1747 2115 1804">
     <span class='ocr_line' id='line_1_29' title="bbox 243 1747 2115 1804; baseline -0.001 -8"><span class='ocrx_word' id='word_1_288' title='bbox 243 1757 340 1797; x_wconf 90' lang='lat' dir='ltr'><strong>novi</strong></span> <span class='ocrx_word' id='word_1_289' title='bbox 360 1755 455 1793; x_wconf 90' lang='lat' dir='ltr'><strong>illius</strong></span> <span class='ocrx_word' id='word_1_290' title='bbox 491 1752 592 1790; x_wconf 84' lang='lat' dir='ltr'><strong>orbis</strong></span> <span class='ocrx_word' id='word_1_291' title='bbox 625 1761 718 1789; x_wconf 87' lang='lat' dir='ltr'><strong>mox</strong></span> <span class='ocrx_word' id='word_1_292' title='bbox 746 1749 848 1788; x_wconf 90' lang='lat' dir='ltr'><strong>hunc</strong></span> <span class='ocrx_word' id='word_1_293' title='bbox 865 1749 1023 1787; x_wconf 83' lang='lat' dir='ltr'><strong>alterum</strong></span> <span class='ocrx_word' id='word_1_294' title='bbox 1044 1748 1268 1798; x_wconf 86' lang='lat' dir='ltr'><strong>acquisitum</strong></span> <span class='ocrx_word' id='word_1_295' title='bbox 1288 1747 1418 1788; x_wconf 78' lang='lat' dir='ltr'><strong>iri?&amp;</strong></span> <span class='ocrx_word' id='word_1_296' title='bbox 1447 1747 1611 1788; x_wconf 88' lang='lat' dir='ltr'><strong>vidimus</strong></span> <span class='ocrx_word' id='word_1_297' title='bbox 1637 1758 1763 1789; x_wconf 88' lang='lat' dir='ltr'><strong>tamen</strong></span> <span class='ocrx_word' id='word_1_298' title='bbox 1779 1780 1790 1799; x_wconf 93' lang='lat'><strong>,</strong></span> <span class='ocrx_word' id='word_1_299' title='bbox 1828 1754 1913 1804; x_wconf 89' lang='lat' dir='ltr'><strong>plus</strong></span> <span class='ocrx_word' id='word_1_300' title='bbox 1940 1755 2049 1795; x_wconf 77' lang='lat' dir='ltr'><strong>antea</strong></span> <span class='ocrx_word' id='word_1_301' title='bbox 2113 1763 2115 1765; x_wconf 74' lang='grc'><strong><em>’</em></strong></span> 
     </span>
    </p>
   </div>
   <div class='ocr_carea' id='block_1_9' title="bbox 243 1806 2050 2048">
    <p class='ocr_par' dir='ltr' id='par_1_9' title="bbox 243 1806 2050 2048">
     <span class='ocr_line' id='line_1_30' title="bbox 243 1806 2048 1870; baseline -0.002 -14"><span class='ocrx_word' id='word_1_302' title='bbox 243 1814 427 1857; x_wconf 51' lang='lat' dir='ltr'><strong>effessum</strong></span> <span class='ocrx_word' id='word_1_303' title='bbox 447 1809 559 1853; x_wconf 78' lang='lat' dir='ltr'><strong>fuisse</strong></span> <span class='ocrx_word' id='word_1_304' title='bbox 576 1810 657 1849; x_wconf 91' lang='lat' dir='ltr'><strong>solo</strong></span> <span class='ocrx_word' id='word_1_305' title='bbox 677 1810 789 1848; x_wconf 91' lang='lat' dir='ltr'><strong>animi</strong></span> <span class='ocrx_word' id='word_1_306' title='bbox 815 1809 958 1847; x_wconf 86' lang='lat' dir='ltr'><strong>robore</strong></span> <span class='ocrx_word' id='word_1_307' title='bbox 993 1819 1037 1846; x_wconf 83' lang='lat' dir='ltr'><strong>ac</strong></span> <span class='ocrx_word' id='word_1_308' title='bbox 1060 1806 1288 1847; x_wconf 88' lang='lat' dir='ltr'><strong>fortitudine</strong></span> <span class='ocrx_word' id='word_1_309' title='bbox 1303 1839 1314 1856; x_wconf 85' lang='lat'><strong>,</strong></span> <span class='ocrx_word' id='word_1_310' title='bbox 1354 1806 1466 1860; x_wconf 77' lang='lat' dir='ltr'><strong>quam</strong></span> <span class='ocrx_word' id='word_1_311' title='bbox 1494 1807 1628 1860; x_wconf 75' lang='lat' dir='ltr'><strong>postea</strong></span> <span class='ocrx_word' id='word_1_312' title='bbox 1655 1811 1766 1849; x_wconf 91' lang='lat' dir='ltr'><strong>tantis</strong></span> <span class='ocrx_word' id='word_1_313' title='bbox 1786 1810 1961 1870; x_wconf 77' lang='lat' dir='ltr'><strong>divitiis3</strong></span> <span class='ocrx_word' id='word_1_314' title='bbox 1993 1819 2048 1857; x_wconf 77' lang='lat' dir='ltr'><strong>uti</strong></span> 
     </span>
     <span class='ocr_line' id='line_1_31' title="bbox 246 1865 2048 1923; baseline -0.001 -8"><span class='ocrx_word' id='word_1_315' title='bbox 246 1876 399 1915; x_wconf 86' lang='lat' dir='ltr'><strong>Vitellii</strong></span> <span class='ocrx_word' id='word_1_316' title='bbox 417 1883 593 1923; x_wconf 90' lang='lat' dir='ltr'><strong>tempore</strong></span> <span class='ocrx_word' id='word_1_317' title='bbox 613 1869 769 1907; x_wconf 86' lang='lat' dir='ltr'><strong>Tacitus</strong></span> <span class='ocrx_word' id='word_1_318' title='bbox 791 1865 873 1921; x_wconf 73' lang='lat' dir='ltr'><strong>(h)</strong></span> <span class='ocrx_word' id='word_1_319' title='bbox 897 1867 1128 1906; x_wconf 87' lang='lat' dir='ltr'><strong>observavit.</strong></span> <span class='ocrx_word' id='word_1_320' title='bbox 1199 1867 1262 1906; x_wconf 89' lang='lat' dir='ltr'><strong>Illa</strong></span> <span class='ocrx_word' id='word_1_321' title='bbox 1288 1868 1363 1919; x_wconf 88' lang='lat' dir='ltr'><strong>ipsa</strong></span> <span class='ocrx_word' id='word_1_322' title='bbox 1382 1868 1516 1907; x_wconf 84' lang='lat' dir='ltr'><strong>damna</strong></span> <span class='ocrx_word' id='word_1_323' title='bbox 1535 1881 1583 1908; x_wconf 81' lang='lat' dir='ltr'><strong>ex</strong></span> <span class='ocrx_word' id='word_1_324' title='bbox 1612 1868 1801 1910; x_wconf 89' lang='lat' dir='ltr'><strong>Indiarum</strong></span> <span class='ocrx_word' id='word_1_325' title='bbox 1826 1871 2048 1917; x_wconf 65' lang='lat' dir='ltr'><strong>detefftione</strong></span> 
     </span>
     <span class='ocr_line' id='line_1_32' title="bbox 247 1925 2048 1983; baseline 0.001 -8"><span class='ocrx_word' id='word_1_326' title='bbox 247 1947 341 1977; x_wconf 87' lang='lat' dir='ltr'><strong>mox</strong></span> <span class='ocrx_word' id='word_1_327' title='bbox 357 1942 514 1983; x_wconf 84' lang='lat' dir='ltr'><strong>experta</strong></span> <span class='ocrx_word' id='word_1_328' title='bbox 532 1931 614 1969; x_wconf 87' lang='lat' dir='ltr'><strong>sunt</strong></span> <span class='ocrx_word' id='word_1_329' title='bbox 632 1929 702 1967; x_wconf 88' lang='lat' dir='ltr'><strong>alia</strong></span> <span class='ocrx_word' id='word_1_330' title='bbox 728 1929 841 1967; x_wconf 89' lang='lat' dir='ltr'><strong>etiam</strong></span> <span class='ocrx_word' id='word_1_331' title='bbox 860 1926 993 1978; x_wconf 81' lang='lat' dir='ltr'><strong>Regna</strong></span> <span class='ocrx_word' id='word_1_332' title='bbox 1015 1925 1052 1964; x_wconf 65' lang='grc' dir='ltr'><strong>ὃς</strong></span> <span class='ocrx_word' id='word_1_333' title='bbox 1081 1926 1292 1966; x_wconf 86' lang='lat' dir='ltr'><strong>Provinciae</strong></span> <span class='ocrx_word' id='word_1_334' title='bbox 1309 1936 1450 1966; x_wconf 84' lang='lat' dir='ltr'><strong>exterae</strong></span> <span class='ocrx_word' id='word_1_335' title='bbox 1466 1958 1477 1975; x_wconf 95' lang='lat'><strong>,</strong></span> <span class='ocrx_word' id='word_1_336' title='bbox 1509 1928 1562 1966; x_wconf 93' lang='lat' dir='ltr'><strong>ob</strong></span> <span class='ocrx_word' id='word_1_337' title='bbox 1588 1927 1767 1970; x_wconf 89' lang='lat' dir='ltr'><strong>fiduciam</strong></span> <span class='ocrx_word' id='word_1_338' title='bbox 1792 1939 1978 1975; x_wconf 90' lang='lat' dir='ltr'><strong>tantarum</strong></span> <span class='ocrx_word' id='word_1_339' title='bbox 2006 1951 2048 1977; x_wconf 90' lang='lat' dir='ltr'><strong>o-</strong></span> 
     </span>
     <span class='ocr_line' id='line_1_33' title="bbox 246 1983 2050 2048; baseline -0.001 -14"><span class='ocrx_word' id='word_1_340' title='bbox 246 2007 341 2048; x_wconf 86' lang='lat' dir='ltr'><strong>pum</strong></span> <span class='ocrx_word' id='word_1_341' title='bbox 359 2024 371 2041; x_wconf 81' lang='lat'><strong>,</strong></span> <span class='ocrx_word' id='word_1_342' title='bbox 404 1989 557 2042; x_wconf 88' lang='lat' dir='ltr'><strong>&amp;passu</strong></span> <span class='ocrx_word' id='word_1_343' title='bbox 574 1987 713 2027; x_wconf 90' lang='lat' dir='ltr'><strong>eodem</strong></span> <span class='ocrx_word' id='word_1_344' title='bbox 740 2017 752 2035; x_wconf 87' lang='lat'><strong>,</strong></span> <span class='ocrx_word' id='word_1_345' title='bbox 782 1998 861 2038; x_wconf 92' lang='lat' dir='ltr'><strong>quo</strong></span> <span class='ocrx_word' id='word_1_346' title='bbox 885 1986 923 2024; x_wconf 90' lang='lat' dir='ltr'><strong>in</strong></span> <span class='ocrx_word' id='word_1_347' title='bbox 951 1983 1110 2023; x_wconf 87' lang='lat' dir='ltr'><strong>Castella</strong></span> <span class='ocrx_word' id='word_1_348' title='bbox 1133 2016 1145 2034; x_wconf 85' lang='lat'><strong>,</strong></span> <span class='ocrx_word' id='word_1_349' title='bbox 1176 1984 1340 2024; x_wconf 89' lang='lat' dir='ltr'><strong>ascendit</strong></span> <span class='ocrx_word' id='word_1_350' title='bbox 1364 1988 1401 2025; x_wconf 88' lang='lat' dir='ltr'><strong>in</strong></span> <span class='ocrx_word' id='word_1_351' title='bbox 1422 1988 1465 2024; x_wconf 90' lang='lat' dir='ltr'><strong>iis</strong></span> <span class='ocrx_word' id='word_1_352' title='bbox 1490 1999 1614 2027; x_wconf 90' lang='lat' dir='ltr'><strong>rerum</strong></span> <span class='ocrx_word' id='word_1_353' title='bbox 1630 1989 1795 2039; x_wconf 88' lang='lat' dir='ltr'><strong>pretium</strong></span> <span class='ocrx_word' id='word_1_354' title='bbox 1816 2021 1829 2040; x_wconf 83' lang='lat'>‚</span> <span class='ocrx_word' id='word_1_355' title='bbox 1860 1992 1897 2032; x_wconf 76' lang='grc' dir='ltr'><strong>δε</strong></span> <span class='ocrx_word' id='word_1_356' title='bbox 1923 2006 2050 2035; x_wconf 62' lang='grc' dir='ltr'><strong>ποτε</strong></span> 
     </span>
    </p>
   </div>
   <div class='ocr_carea' id='block_1_10' title="bbox 249 2042 2094 2101">
    <p class='ocr_par' dir='ltr' id='par_1_10' title="bbox 249 2042 2094 2101">
     <span class='ocr_line' id='line_1_34' title="bbox 249 2042 2094 2101; baseline -0.002 -7"><span class='ocrx_word' id='word_1_357' title='bbox 249 2052 342 2094; x_wconf 70' lang='lat' dir='ltr'><strong>vere</strong></span> <span class='ocrx_word' id='word_1_358' title='bbox 363 2052 531 2101; x_wconf 89' lang='lat' dir='ltr'><strong>sumptus</strong></span> <span class='ocrx_word' id='word_1_359' title='bbox 545 2079 557 2097; x_wconf 89' lang='lat'><strong>,</strong></span> <span class='ocrx_word' id='word_1_360' title='bbox 587 2045 682 2086; x_wconf 78' lang='lat' dir='ltr'><strong>ultra</strong></span> <span class='ocrx_word' id='word_1_361' title='bbox 701 2044 813 2097; x_wconf 77' lang='lat' dir='ltr'><strong>quam</strong></span> <span class='ocrx_word' id='word_1_362' title='bbox 831 2045 975 2098; x_wconf 89' lang='lat' dir='ltr'><strong>proprii</strong></span> <span class='ocrx_word' id='word_1_363' title='bbox 992 2042 1135 2084; x_wconf 89' lang='lat' dir='ltr'><strong>ferrent</strong></span> <span class='ocrx_word' id='word_1_364' title='bbox 1149 2045 1311 2094; x_wconf 62' lang='lat' dir='ltr'><strong>redium,</strong></span> <span class='ocrx_word' id='word_1_365' title='bbox 1344 2046 1446 2084; x_wconf 90' lang='lat' dir='ltr'><strong>unde</strong></span> <span class='ocrx_word' id='word_1_366' title='bbox 1461 2047 1809 2088; x_wconf 87' lang='lat' dir='ltr'><strong>etiamnumiisdem</strong></span> <span class='ocrx_word' id='word_1_367' title='bbox 1826 2051 2047 2095; x_wconf 70' lang='lat' dir='ltr'><strong>conflitstan-</strong></span> <span class='ocrx_word' id='word_1_368' title='bbox 2091 2089 2094 2093; x_wconf 79' lang='grc'><strong>,</strong></span> 
     </span>
    </p>
   </div>
   <div class='ocr_carea' id='block_1_11' title="bbox 251 2104 2048 2164">
    <p class='ocr_par' dir='ltr' id='par_1_11' title="bbox 251 2104 2048 2164">
     <span class='ocr_line' id='line_1_35' title="bbox 251 2104 2048 2164; baseline -0.001 -11"><span class='ocrx_word' id='word_1_369' title='bbox 251 2125 313 2154; x_wconf 89' lang='lat' dir='ltr'><strong>tur</strong></span> <span class='ocrx_word' id='word_1_370' title='bbox 325 2108 592 2157; x_wconf 86' lang='lat' dir='ltr'><strong>incommodis,</strong></span> <span class='ocrx_word' id='word_1_371' title='bbox 614 2106 650 2146; x_wconf 85' lang='lat'>&amp;</span> <span class='ocrx_word' id='word_1_372' title='bbox 669 2106 776 2145; x_wconf 79' lang='lat' dir='ltr'><strong>tanto</strong></span> <span class='ocrx_word' id='word_1_373' title='bbox 803 2105 956 2156; x_wconf 89' lang='lat' dir='ltr'><strong>quidem</strong></span> <span class='ocrx_word' id='word_1_374' title='bbox 970 2104 1194 2154; x_wconf 85' lang='lat' dir='ltr'><strong>majoribus,</strong></span> <span class='ocrx_word' id='word_1_375' title='bbox 1218 2106 1361 2155; x_wconf 81' lang='lat' dir='ltr'><strong>quanto</strong></span> <span class='ocrx_word' id='word_1_376' title='bbox 1379 2104 1668 2145; x_wconf 86' lang='lat' dir='ltr'><strong>Provinciaeillae</strong></span> <span class='ocrx_word' id='word_1_377' title='bbox 1679 2106 1810 2148; x_wconf 86' lang='lat' dir='ltr'><strong>absunt</strong></span> <span class='ocrx_word' id='word_1_378' title='bbox 1819 2112 1990 2164; x_wconf 84' lang='lat' dir='ltr'><strong>longius,</strong></span> <span class='ocrx_word' id='word_1_379' title='bbox 2009 2115 2048 2155; x_wconf 86' lang='lat'>&amp;</span> 
     </span>
    </p>
   </div>
   <div class='ocr_carea' id='block_1_12' title="bbox 2101 0 2132 857">
    <p class='ocr_par' dir='ltr' id='par_1_12' title="bbox 2101 0 2132 857">
     <span class='ocr_line' id='line_1_36' title="bbox 2101 0 2132 857; baseline 0 0"><span class='ocrx_word' id='word_1_380' title='bbox 2101 0 2132 857; x_wconf 95' lang='lat' dir='ltr'><strong> </strong></span> 
     </span>
    </p>
   </div>
   <div class='ocr_carea' id='block_1_13' title="bbox 2112 842 2119 1599">
    <p class='ocr_par' dir='ltr' id='par_1_13' title="bbox 2112 842 2119 1599">
     <span class='ocr_line' id='line_1_37' title="bbox 2112 842 2119 1599; baseline 0 0"><span class='ocrx_word' id='word_1_381' title='bbox 2112 842 2119 1599; x_wconf 95' lang='lat' dir='ltr'><strong> </strong></span> 
     </span>
    </p>
   </div>
   <div class='ocr_carea' id='block_1_14' title="bbox 2108 842 2120 1854">
    <p class='ocr_par' dir='ltr' id='par_1_14' title="bbox 2108 842 2120 1854">
     <span class='ocr_line' id='line_1_38' title="bbox 2108 842 2120 1854; baseline 0 0"><span class='ocrx_word' id='word_1_382' title='bbox 2108 842 2120 1854; x_wconf 95' lang='lat' dir='ltr'><strong> </strong></span> 
     </span>
    </p>
   </div>
   <div class='ocr_carea' id='block_1_15' title="bbox 251 2163 2049 2225">
    <p class='ocr_par' dir='ltr' id='par_1_15' title="bbox 251 2163 2106 2225">
     <span class='ocr_line' id='line_1_39' title="bbox 251 2163 2049 2225; baseline 0 -11"><span class='ocrx_word' id='word_1_383' title='bbox 251 2173 430 2214; x_wconf 87' lang='lat' dir='ltr'><strong>incertius</strong></span> <span class='ocrx_word' id='word_1_384' title='bbox 457 2167 510 2208; x_wconf 92' lang='lat' dir='ltr'><strong>est</strong></span> <span class='ocrx_word' id='word_1_385' title='bbox 521 2170 598 2207; x_wconf 89' lang='lat' dir='ltr'><strong>auri</strong></span> <span class='ocrx_word' id='word_1_386' title='bbox 617 2177 731 2216; x_wconf 90' lang='lat' dir='ltr'><strong>atque</strong></span> <span class='ocrx_word' id='word_1_387' title='bbox 750 2166 893 2218; x_wconf 87' lang='lat' dir='ltr'><strong>argenti</strong></span> <span class='ocrx_word' id='word_1_388' title='bbox 908 2163 1118 2204; x_wconf 89' lang='lat' dir='ltr'><strong>remedium</strong></span> <span class='ocrx_word' id='word_1_389' title='bbox 1133 2194 1145 2214; x_wconf 88' lang='lat'><strong>,</strong></span> <span class='ocrx_word' id='word_1_390' title='bbox 1160 2163 1266 2216; x_wconf 89' lang='lat' dir='ltr'><strong>quod</strong></span> <span class='ocrx_word' id='word_1_391' title='bbox 1291 2163 1493 2204; x_wconf 80' lang='lat' dir='ltr'><strong>advehitur</strong></span> <span class='ocrx_word' id='word_1_392' title='bbox 1513 2176 1562 2204; x_wconf 85' lang='lat' dir='ltr'><strong>ex</strong></span> <span class='ocrx_word' id='word_1_393' title='bbox 1586 2165 1700 2205; x_wconf 89' lang='lat' dir='ltr'><strong>Indiis</strong></span> <span class='ocrx_word' id='word_1_394' title='bbox 1714 2196 1726 2214; x_wconf 87' lang='lat'><strong>,</strong></span> <span class='ocrx_word' id='word_1_395' title='bbox 1749 2166 1786 2206; x_wconf 88' lang='lat'>&amp;</span> <span class='ocrx_word' id='word_1_396' title='bbox 1805 2170 1851 2211; x_wconf 93' lang='lat' dir='ltr'><strong>ab</strong></span> <span class='ocrx_word' id='word_1_397' title='bbox 1867 2170 2049 2225; x_wconf 83' lang='lat' dir='ltr'><strong>Hispania</strong></span> 
     </span>
    </p>
   </div>
   <div class='ocr_carea' id='block_1_16' title="bbox 252 2225 2046 2343">
    <p class='ocr_par' dir='ltr' id='par_1_16' title="bbox 252 2225 2046 2343">
     <span class='ocr_line' id='line_1_40' title="bbox 252 2225 728 2274; baseline -0.025 0"><span class='ocrx_word' id='word_1_398' title='bbox 252 2235 295 2274; x_wconf 85' lang='lat' dir='ltr'><strong>iis</strong></span> <span class='ocrx_word' id='word_1_399' title='bbox 313 2228 587 2272; x_wconf 86' lang='lat' dir='ltr'><strong>communicari</strong></span> <span class='ocrx_word' id='word_1_400' title='bbox 599 2225 728 2267; x_wconf 71' lang='lat' dir='ltr'><strong>debet,</strong></span> 
     </span>
     <span class='ocr_line' id='line_1_41' title="bbox 401 2281 2046 2343; baseline 0.001 -14"><span class='ocrx_word' id='word_1_401' title='bbox 401 2289 434 2341; x_wconf 83' lang='lat'><strong>§.</strong></span> <span class='ocrx_word' id='word_1_402' title='bbox 458 2287 553 2328; x_wconf 87' lang='lat' dir='ltr'><strong>Haec</strong></span> <span class='ocrx_word' id='word_1_403' title='bbox 575 2283 823 2326; x_wconf 87' lang='lat' dir='ltr'><strong>incommoda</strong></span> <span class='ocrx_word' id='word_1_404' title='bbox 840 2282 922 2325; x_wconf 88' lang='lat' dir='ltr'><strong>sunt</strong></span> <span class='ocrx_word' id='word_1_405' title='bbox 938 2316 950 2334; x_wconf 89' lang='lat'>‚</span> <span class='ocrx_word' id='word_1_406' title='bbox 982 2296 1065 2338; x_wconf 87' lang='lat' dir='ltr'><strong>quae</strong></span> <span class='ocrx_word' id='word_1_407' title='bbox 1079 2281 1268 2323; x_wconf 87' lang='lat' dir='ltr'><strong>Indiarum</strong></span> <span class='ocrx_word' id='word_1_408' title='bbox 1293 2281 1462 2322; x_wconf 72' lang='lat' dir='ltr'><strong>detefflo</strong></span> <span class='ocrx_word' id='word_1_409' title='bbox 1484 2282 1609 2323; x_wconf 88' lang='lat' dir='ltr'><strong>secum</strong></span> <span class='ocrx_word' id='word_1_410' title='bbox 1632 2285 1785 2334; x_wconf 85' lang='lat' dir='ltr'><strong>attulit,</strong></span> <span class='ocrx_word' id='word_1_411' title='bbox 1817 2287 1855 2326; x_wconf 73' lang='grc' dir='ltr'><strong>δε</strong></span> <span class='ocrx_word' id='word_1_412' title='bbox 1874 2289 2046 2343; x_wconf 86' lang='lat' dir='ltr'><strong>incogni-</strong></span> 
     </span>
    </p>
   </div>
   <div class='ocr_carea' id='block_1_17' title="bbox 249 2341 2046 2464">
    <p class='ocr_par' dir='ltr' id='par_1_17' title="bbox 249 2341 2046 2464">
     <span class='ocr_line' id='line_1_42' title="bbox 249 2341 2046 2402; baseline -0.004 -11"><span class='ocrx_word' id='word_1_413' title='bbox 249 2355 296 2394; x_wconf 86' lang='lat' dir='ltr'><strong>tis</strong></span> <span class='ocrx_word' id='word_1_414' title='bbox 315 2348 525 2391; x_wconf 89' lang='lat' dir='ltr'><strong>eorundem</strong></span> <span class='ocrx_word' id='word_1_415' title='bbox 559 2345 676 2386; x_wconf 84' lang='lat' dir='ltr'><strong>causis</strong></span> <span class='ocrx_word' id='word_1_416' title='bbox 697 2375 709 2393; x_wconf 86' lang='lat'>‚</span> <span class='ocrx_word' id='word_1_417' title='bbox 742 2341 851 2386; x_wconf 82' lang='lat' dir='ltr'><strong>facile</strong></span> <span class='ocrx_word' id='word_1_418' title='bbox 870 2346 1150 2398; x_wconf 86' lang='lat' dir='ltr'><strong>cognoscuntur</strong></span> <span class='ocrx_word' id='word_1_419' title='bbox 1173 2342 1352 2381; x_wconf 90' lang='lat' dir='ltr'><strong>remedia.</strong></span> <span class='ocrx_word' id='word_1_420' title='bbox 1411 2341 1579 2382; x_wconf 88' lang='lat' dir='ltr'><strong>Primum</strong></span> <span class='ocrx_word' id='word_1_421' title='bbox 1597 2342 1652 2383; x_wconf 92' lang='lat' dir='ltr'><strong>est</strong></span> <span class='ocrx_word' id='word_1_422' title='bbox 1667 2373 1680 2394; x_wconf 89' lang='lat'><strong>,</strong></span> <span class='ocrx_word' id='word_1_423' title='bbox 1708 2353 1751 2384; x_wconf 89' lang='lat' dir='ltr'><strong>ut</strong></span> <span class='ocrx_word' id='word_1_424' title='bbox 1766 2357 1817 2385; x_wconf 93' lang='lat' dir='ltr'><strong>ne</strong></span> <span class='ocrx_word' id='word_1_425' title='bbox 1838 2350 2046 2402; x_wconf 74' lang='lat' dir='ltr'><strong>negligatur</strong></span> 
     </span>
     <span class='ocr_line' id='line_1_43' title="bbox 250 2398 2046 2464; baseline -0.004 -13"><span class='ocrx_word' id='word_1_426' title='bbox 250 2411 490 2464; x_wconf 87' lang='lat' dir='ltr'><strong>Agricultura</strong></span> <span class='ocrx_word' id='word_1_427' title='bbox 511 2408 574 2458; x_wconf 88' lang='lat' dir='ltr'><strong>spe</strong></span> <span class='ocrx_word' id='word_1_428' title='bbox 607 2406 750 2444; x_wconf 89' lang='lat' dir='ltr'><strong>illarum</strong></span> <span class='ocrx_word' id='word_1_429' title='bbox 771 2416 891 2456; x_wconf 90' lang='lat' dir='ltr'><strong>opum</strong></span> <span class='ocrx_word' id='word_1_430' title='bbox 909 2419 918 2443; x_wconf 91' lang='lat'>:</span> <span class='ocrx_word' id='word_1_431' title='bbox 953 2417 1006 2444; x_wconf 87' lang='lat' dir='ltr'><strong>eae</strong></span> <span class='ocrx_word' id='word_1_432' title='bbox 1029 2404 1128 2443; x_wconf 90' lang='lat' dir='ltr'><strong>enim</strong></span> <span class='ocrx_word' id='word_1_433' title='bbox 1143 2433 1154 2450; x_wconf 86' lang='lat'><strong>,</strong></span> <span class='ocrx_word' id='word_1_434' title='bbox 1182 2414 1273 2452; x_wconf 88' lang='lat' dir='ltr'><strong>quas</strong></span> <span class='ocrx_word' id='word_1_435' title='bbox 1293 2398 1313 2440; x_wconf 71' lang='lat' dir='ltr'><strong>e</strong></span> <span class='ocrx_word' id='word_1_436' title='bbox 1335 2410 1433 2440; x_wconf 89' lang='lat' dir='ltr'><strong>terra</strong></span> <span class='ocrx_word' id='word_1_437' title='bbox 1451 2403 1660 2455; x_wconf 86' lang='lat' dir='ltr'><strong>colligimus</strong></span> <span class='ocrx_word' id='word_1_438' title='bbox 1678 2434 1690 2452; x_wconf 88' lang='lat'><strong>,</strong></span> <span class='ocrx_word' id='word_1_439' title='bbox 1723 2407 1840 2458; x_wconf 89' lang='lat' dir='ltr'><strong>magis</strong></span> <span class='ocrx_word' id='word_1_440' title='bbox 1855 2411 2046 2451; x_wconf 72' lang='lat' dir='ltr'><strong>naturales</strong></span> 
     </span>
    </p>
   </div>
   <div class='ocr_carea' id='block_1_18' title="bbox 250 2462 2098 2518">
    <p class='ocr_par' dir='ltr' id='par_1_18' title="bbox 250 2462 2098 2518">
     <span class='ocr_line' id='line_1_44' title="bbox 250 2462 2098 2518; baseline -0.002 -6"><span class='ocrx_word' id='word_1_441' title='bbox 250 2472 333 2513; x_wconf 84' lang='lat' dir='ltr'><strong>sunt</strong></span> <span class='ocrx_word' id='word_1_442' title='bbox 354 2501 366 2518; x_wconf 84' lang='lat'><strong>,</strong></span> <span class='ocrx_word' id='word_1_443' title='bbox 399 2469 579 2508; x_wconf 89' lang='lat' dir='ltr'><strong>certiores</strong></span> <span class='ocrx_word' id='word_1_444' title='bbox 597 2464 633 2504; x_wconf 87' lang='lat'>&amp;</span> <span class='ocrx_word' id='word_1_445' title='bbox 660 2465 775 2515; x_wconf 85' lang='lat' dir='ltr'><strong>magis</strong></span> <span class='ocrx_word' id='word_1_446' title='bbox 796 2465 973 2504; x_wconf 90' lang='lat' dir='ltr'><strong>omnibus</strong></span> <span class='ocrx_word' id='word_1_447' title='bbox 991 2473 1241 2509; x_wconf 79' lang='lat' dir='ltr'><strong>communes3</strong></span> <span class='ocrx_word' id='word_1_448' title='bbox 1271 2472 1386 2513; x_wconf 89' lang='lat' dir='ltr'><strong>quare</strong></span> <span class='ocrx_word' id='word_1_449' title='bbox 1409 2462 1597 2515; x_wconf 83' lang='lat' dir='ltr'><strong>Agricolis</strong></span> <span class='ocrx_word' id='word_1_450' title='bbox 1614 2464 1812 2518; x_wconf 88' lang='lat' dir='ltr'><strong>privilegia</strong></span> <span class='ocrx_word' id='word_1_451' title='bbox 1832 2469 2049 2512; x_wconf 85' lang='lat' dir='ltr'><strong>concedere</strong></span> <span class='ocrx_word' id='word_1_452' title='bbox 2089 2472 2098 2504; x_wconf 56' lang='grc' dir='ltr'><strong>’ἑ</strong></span> 
     </span>
    </p>
   </div>
   <div class='ocr_carea' id='block_1_19' title="bbox 249 2522 1345 2584">
    <p class='ocr_par' dir='ltr' id='par_1_19' title="bbox 249 2522 1345 2584">
     <span class='ocr_line' id='line_1_45' title="bbox 249 2522 1345 2584; baseline -0.008 -13"><span class='ocrx_word' id='word_1_453' title='bbox 249 2537 408 2584; x_wconf 86' lang='lat' dir='ltr'><strong>oportet</strong></span> <span class='ocrx_word' id='word_1_454' title='bbox 432 2558 445 2576; x_wconf 90' lang='lat'><strong>,</strong></span> <span class='ocrx_word' id='word_1_455' title='bbox 476 2536 620 2577; x_wconf 90' lang='lat' dir='ltr'><strong>eosque</strong></span> <span class='ocrx_word' id='word_1_456' title='bbox 632 2524 678 2563; x_wconf 93' lang='lat' dir='ltr'><strong>ab</strong></span> <span class='ocrx_word' id='word_1_457' title='bbox 694 2524 872 2563; x_wconf 90' lang='lat' dir='ltr'><strong>oneribus</strong></span> <span class='ocrx_word' id='word_1_458' title='bbox 890 2525 978 2563; x_wconf 89' lang='lat' dir='ltr'><strong>belli</strong></span> <span class='ocrx_word' id='word_1_459' title='bbox 990 2525 1144 2574; x_wconf 90' lang='lat' dir='ltr'><strong>aliisque</strong></span> <span class='ocrx_word' id='word_1_460' title='bbox 1165 2522 1345 2562; x_wconf 83' lang='lat' dir='ltr'><strong>eximere.</strong></span> 
     </span>
    </p>
   </div>
   <div class='ocr_carea' id='block_1_20' title="bbox 404 2579 2107 2637">
    <p class='ocr_par' dir='ltr' id='par_1_20' title="bbox 404 2579 2107 2637">
     <span class='ocr_line' id='line_1_46' title="bbox 404 2579 2107 2637; baseline -0.004 -10"><span class='ocrx_word' id='word_1_461' title='bbox 404 2585 625 2626; x_wconf 86' lang='lat' dir='ltr'><strong>Secundum</strong></span> <span class='ocrx_word' id='word_1_462' title='bbox 645 2583 698 2623; x_wconf 87' lang='lat' dir='ltr'><strong>est</strong></span> <span class='ocrx_word' id='word_1_463' title='bbox 712 2613 722 2630; x_wconf 89' lang='lat'><strong>,</strong></span> <span class='ocrx_word' id='word_1_464' title='bbox 756 2593 797 2622; x_wconf 89' lang='lat' dir='ltr'><strong>ut</strong></span> <span class='ocrx_word' id='word_1_465' title='bbox 816 2582 940 2637; x_wconf 78' lang='lat' dir='ltr'><strong>(cum</strong></span> <span class='ocrx_word' id='word_1_466' title='bbox 959 2596 1018 2624; x_wconf 92' lang='lat' dir='ltr'><strong>res</strong></span> <span class='ocrx_word' id='word_1_467' title='bbox 1039 2582 1217 2635; x_wconf 83' lang='lat' dir='ltr'><strong>quaelibet</strong></span> <span class='ocrx_word' id='word_1_468' title='bbox 1235 2582 1273 2620; x_wconf 89' lang='lat' dir='ltr'><strong>in</strong></span> <span class='ocrx_word' id='word_1_469' title='bbox 1288 2583 1475 2633; x_wconf 85' lang='lat' dir='ltr'><strong>integrum</strong></span> <span class='ocrx_word' id='word_1_470' title='bbox 1492 2579 1705 2622; x_wconf 89' lang='lat' dir='ltr'><strong>restituatur</strong></span> <span class='ocrx_word' id='word_1_471' title='bbox 1721 2594 1791 2636; x_wconf 88' lang='lat' dir='ltr'><strong>per</strong></span> <span class='ocrx_word' id='word_1_472' title='bbox 1809 2585 1935 2627; x_wconf 89' lang='lat' dir='ltr'><strong>media</strong></span> <span class='ocrx_word' id='word_1_473' title='bbox 1956 2600 2048 2630; x_wconf 87' lang='lat' dir='ltr'><strong>con.</strong></span> <span class='ocrx_word' id='word_1_474' title='bbox 2094 2592 2107 2609; x_wconf 80' lang='lat'><strong>·¹</strong></span> 
     </span>
    </p>
   </div>
   <div class='ocr_carea' id='block_1_21' title="bbox 248 2641 2048 2993">
    <p class='ocr_par' dir='ltr' id='par_1_21' title="bbox 248 2641 2048 2993">
     <span class='ocr_line' id='line_1_47' title="bbox 248 2641 2047 2697; baseline 0 -7"><span class='ocrx_word' id='word_1_475' title='bbox 248 2650 359 2690; x_wconf 87' lang='lat' dir='ltr'><strong>traria</strong></span> <span class='ocrx_word' id='word_1_476' title='bbox 380 2649 423 2686; x_wconf 90' lang='lat' dir='ltr'><strong>iis</strong></span> <span class='ocrx_word' id='word_1_477' title='bbox 442 2677 453 2696; x_wconf 89' lang='lat'><strong>,</strong></span> <span class='ocrx_word' id='word_1_478' title='bbox 486 2645 506 2684; x_wconf 74' lang='lat' dir='ltr'><strong>a</strong></span> <span class='ocrx_word' id='word_1_479' title='bbox 532 2645 668 2697; x_wconf 86' lang='lat' dir='ltr'><strong>quibus</strong></span> <span class='ocrx_word' id='word_1_480' title='bbox 691 2642 878 2683; x_wconf 50' lang='lat' dir='ltr'><strong>destructa</strong></span> <span class='ocrx_word' id='word_1_481' title='bbox 900 2643 997 2692; x_wconf 87' lang='lat' dir='ltr'><strong>fuit,</strong></span> <span class='ocrx_word' id='word_1_482' title='bbox 1028 2645 1275 2694; x_wconf 88' lang='lat' dir='ltr'><strong>sumptusque</strong></span> <span class='ocrx_word' id='word_1_483' title='bbox 1302 2641 1462 2691; x_wconf 86' lang='lat' dir='ltr'><strong>majores</strong></span> <span class='ocrx_word' id='word_1_484' title='bbox 1486 2641 1557 2681; x_wconf 88' lang='lat' dir='ltr'><strong>fint</strong></span> <span class='ocrx_word' id='word_1_485' title='bbox 1573 2672 1585 2690; x_wconf 89' lang='lat'><strong>,</strong></span> <span class='ocrx_word' id='word_1_486' title='bbox 1614 2641 1728 2693; x_wconf 78' lang='lat' dir='ltr'><strong>quam</strong></span> <span class='ocrx_word' id='word_1_487' title='bbox 1752 2647 1990 2689; x_wconf 87' lang='lat' dir='ltr'><strong>metallorum</strong></span> <span class='ocrx_word' id='word_1_488' title='bbox 2007 2651 2047 2689; x_wconf 89' lang='lat' dir='ltr'><strong>il-</strong></span> 
     </span>
     <span class='ocr_line' id='line_1_48' title="bbox 250 2701 2046 2758; baseline -0.001 -8"><span class='ocrx_word' id='word_1_489' title='bbox 250 2712 373 2751; x_wconf 87' lang='lat' dir='ltr'><strong>lorum</strong></span> <span class='ocrx_word' id='word_1_490' title='bbox 394 2707 474 2758; x_wconf 85' lang='lat' dir='ltr'><strong>spes</strong></span> <span class='ocrx_word' id='word_1_491' title='bbox 494 2706 530 2745; x_wconf 88' lang='lat'>&amp;</span> <span class='ocrx_word' id='word_1_492' title='bbox 557 2701 832 2757; x_wconf 65' lang='lat' dir='ltr'><strong>exspettatio&gt;</strong></span> <span class='ocrx_word' id='word_1_493' title='bbox 862 2714 1044 2755; x_wconf 88' lang='lat' dir='ltr'><strong>procuret</strong></span> <span class='ocrx_word' id='word_1_494' title='bbox 1074 2702 1254 2753; x_wconf 84' lang='lat' dir='ltr'><strong>Princeps</strong></span> <span class='ocrx_word' id='word_1_495' title='bbox 1274 2730 1286 2750; x_wconf 83' lang='lat'><strong>,</strong></span> <span class='ocrx_word' id='word_1_496' title='bbox 1317 2710 1495 2752; x_wconf 84' lang='lat' dir='ltr'><strong>tanquam</strong></span> <span class='ocrx_word' id='word_1_497' title='bbox 1525 2703 1648 2741; x_wconf 90' lang='lat' dir='ltr'><strong>bonus</strong></span> <span class='ocrx_word' id='word_1_498' title='bbox 1675 2703 1942 2747; x_wconf 87' lang='lat' dir='ltr'><strong>Paterfamilias</strong></span> <span class='ocrx_word' id='word_1_499' title='bbox 1966 2719 1978 2756; x_wconf 67' lang='lat'>3</span> <span class='ocrx_word' id='word_1_500' title='bbox 2008 2709 2046 2749; x_wconf 89' lang='lat' dir='ltr'><strong>id</strong></span> 
     </span>
     <span class='ocr_line' id='line_1_49' title="bbox 254 2760 2043 2820; baseline -0.001 -14"><span class='ocrx_word' id='word_1_501' title='bbox 254 2767 359 2820; x_wconf 85' lang='lat' dir='ltr'><strong>quod</strong></span> <span class='ocrx_word' id='word_1_502' title='bbox 378 2765 529 2805; x_wconf 87' lang='lat' dir='ltr'><strong>Neroni</strong></span> <span class='ocrx_word' id='word_1_503' title='bbox 554 2763 742 2803; x_wconf 89' lang='lat' dir='ltr'><strong>suaserunt</strong></span> <span class='ocrx_word' id='word_1_504' title='bbox 762 2761 828 2817; x_wconf 75' lang='lat' dir='ltr'><strong>(c)</strong></span> <span class='ocrx_word' id='word_1_505' title='bbox 858 2763 1062 2803; x_wconf 88' lang='lat' dir='ltr'><strong>Senatores</strong></span> <span class='ocrx_word' id='word_1_506' title='bbox 1080 2792 1092 2811; x_wconf 88' lang='lat'><strong>,</strong></span> <span class='ocrx_word' id='word_1_507' title='bbox 1122 2772 1165 2801; x_wconf 88' lang='lat' dir='ltr'><strong>ut</strong></span> <span class='ocrx_word' id='word_1_508' title='bbox 1184 2760 1326 2800; x_wconf 90' lang='lat' dir='ltr'><strong>reditus</strong></span> <span class='ocrx_word' id='word_1_509' title='bbox 1347 2762 1491 2812; x_wconf 88' lang='lat' dir='ltr'><strong>publici</strong></span> <span class='ocrx_word' id='word_1_510' title='bbox 1509 2761 1697 2802; x_wconf 86' lang='lat' dir='ltr'><strong>excedant</strong></span> <span class='ocrx_word' id='word_1_511' title='bbox 1712 2764 1843 2815; x_wconf 77' lang='lat' dir='ltr'><strong>potius</strong></span> <span class='ocrx_word' id='word_1_512' title='bbox 1859 2767 1970 2818; x_wconf 77' lang='lat' dir='ltr'><strong>quarn</strong></span> <span class='ocrx_word' id='word_1_513' title='bbox 1983 2768 2043 2808; x_wconf 87' lang='lat' dir='ltr'><strong>de.</strong></span> 
     </span>
     <span class='ocr_line' id='line_1_50' title="bbox 254 2820 2048 2875; baseline 0 -8"><span class='ocrx_word' id='word_1_514' title='bbox 254 2829 383 2868; x_wconf 87' lang='lat' dir='ltr'><strong>ficiant</strong></span> <span class='ocrx_word' id='word_1_515' title='bbox 406 2826 571 2875; x_wconf 86' lang='lat' dir='ltr'><strong>sumptus</strong></span> <span class='ocrx_word' id='word_1_516' title='bbox 597 2823 828 2872; x_wconf 85' lang='lat' dir='ltr'><strong>ordinarios,</strong></span> <span class='ocrx_word' id='word_1_517' title='bbox 847 2823 1082 2864; x_wconf 84' lang='lat' dir='ltr'><strong>moderando</strong></span> <span class='ocrx_word' id='word_1_518' title='bbox 1104 2820 1313 2873; x_wconf 85' lang='lat' dir='ltr'><strong>superfluos</strong></span> <span class='ocrx_word' id='word_1_519' title='bbox 1329 2850 1340 2868; x_wconf 90' lang='lat'><strong>,</strong></span> <span class='ocrx_word' id='word_1_520' title='bbox 1370 2821 1417 2859; x_wconf 89' lang='lat' dir='ltr'><strong>ad</strong></span> <span class='ocrx_word' id='word_1_521' title='bbox 1438 2823 1687 2861; x_wconf 87' lang='lat' dir='ltr'><strong>imitationem</strong></span> <span class='ocrx_word' id='word_1_522' title='bbox 1720 2824 1877 2865; x_wconf 87' lang='lat' dir='ltr'><strong>Antonii</strong></span> <span class='ocrx_word' id='word_1_523' title='bbox 1901 2825 1954 2865; x_wconf 87' lang='lat' dir='ltr'><strong>Pii</strong></span> <span class='ocrx_word' id='word_1_524' title='bbox 1977 2827 2048 2868; x_wconf 81' lang='lat' dir='ltr'><strong>Im-</strong></span> 
     </span>
     <span class='ocr_line' id='line_1_51' title="bbox 250 2879 2044 2939; baseline 0.001 -14"><span class='ocrx_word' id='word_1_525' title='bbox 250 2886 435 2939; x_wconf 89' lang='lat' dir='ltr'><strong>peratoris</strong></span> <span class='ocrx_word' id='word_1_526' title='bbox 456 2914 468 2932; x_wconf 87' lang='lat'>‚</span> <span class='ocrx_word' id='word_1_527' title='bbox 491 2885 553 2934; x_wconf 87' lang='lat' dir='ltr'><strong>qui</strong></span> <span class='ocrx_word' id='word_1_528' title='bbox 572 2882 754 2934; x_wconf 86' lang='lat' dir='ltr'><strong>stipendia</strong></span> <span class='ocrx_word' id='word_1_529' title='bbox 775 2882 812 2922; x_wconf 88' lang='lat'>&amp;</span> <span class='ocrx_word' id='word_1_530' title='bbox 835 2883 957 2924; x_wconf 87' lang='lat' dir='ltr'><strong>salaria</strong></span> <span class='ocrx_word' id='word_1_531' title='bbox 977 2883 1127 2934; x_wconf 88' lang='lat' dir='ltr'><strong>Imperii</strong></span> <span class='ocrx_word' id='word_1_532' title='bbox 1146 2893 1225 2921; x_wconf 91' lang='lat' dir='ltr'><strong>non</strong></span> <span class='ocrx_word' id='word_1_533' title='bbox 1249 2879 1450 2920; x_wconf 86' lang='lat' dir='ltr'><strong>necessaria</strong></span> <span class='ocrx_word' id='word_1_534' title='bbox 1471 2883 1628 2921; x_wconf 89' lang='lat' dir='ltr'><strong>omnino</strong></span> <span class='ocrx_word' id='word_1_535' title='bbox 1645 2881 1808 2933; x_wconf 90' lang='lat' dir='ltr'><strong>sustulit,</strong></span> <span class='ocrx_word' id='word_1_536' title='bbox 1829 2897 1906 2936; x_wconf 90' lang='lat' dir='ltr'><strong>quo</strong></span> <span class='ocrx_word' id='word_1_537' title='bbox 1923 2889 2044 2928; x_wconf 88' lang='lat' dir='ltr'><strong>modo</strong></span> 
     </span>
     <span class='ocr_line' id='line_1_52' title="bbox 251 2941 2048 2993; baseline -0.001 -5"><span class='ocrx_word' id='word_1_538' title='bbox 251 2947 385 2988; x_wconf 88' lang='lat' dir='ltr'><strong>eadem</strong></span> <span class='ocrx_word' id='word_1_539' title='bbox 410 2945 523 2983; x_wconf 86' lang='lat' dir='ltr'><strong>etiarn</strong></span> <span class='ocrx_word' id='word_1_540' title='bbox 541 2945 707 2982; x_wconf 87' lang='lat' dir='ltr'><strong>correxit</strong></span> <span class='ocrx_word' id='word_1_541' title='bbox 740 2942 957 2984; x_wconf 85' lang='lat' dir='ltr'><strong>Alexander</strong></span> <span class='ocrx_word' id='word_1_542' title='bbox 977 2943 1142 2983; x_wconf 88' lang='lat' dir='ltr'><strong>Severus</strong></span> <span class='ocrx_word' id='word_1_543' title='bbox 1163 2941 1395 2993; x_wconf 87' lang='lat' dir='ltr'><strong>Imperator,</strong></span> <span class='ocrx_word' id='word_1_544' title='bbox 1425 2941 1554 2981; x_wconf 89' lang='lat' dir='ltr'><strong>dicens</strong></span> <span class='ocrx_word' id='word_1_545' title='bbox 1574 2941 1795 2992; x_wconf 87' lang='lat' dir='ltr'><strong>Tyrannum</strong></span> <span class='ocrx_word' id='word_1_546' title='bbox 1819 2943 1892 2984; x_wconf 85' lang='lat' dir='ltr'><strong>effe</strong></span> <span class='ocrx_word' id='word_1_547' title='bbox 1909 2944 2048 2988; x_wconf 90' lang='lat' dir='ltr'><strong>Princi-</strong></span> 
     </span>
    </p>
   </div>
   <div class='ocr_carea' id='block_1_22' title="bbox 1940 3019 2045 3060">
    <p class='ocr_par' dir='ltr' id='par_1_22' title="bbox 1940 3019 2045 3060">
     <span class='ocr_line' id='line_1_53' title="bbox 1940 3019 2045 3060; baseline 0.019 -2"><span class='ocrx_word' id='word_1_548' title='bbox 1940 3019 2045 3060; x_wconf 78' lang='lat' dir='ltr'><strong>pem,</strong></span> 
     </span>
    </p>
   </div>
   <div class='ocr_carea' id='block_1_23' title="bbox 253 3097 502 3106">
    <p class='ocr_par' dir='ltr' id='par_1_23' title="bbox 253 3097 502 3106">
     <span class='ocr_line' id='line_1_54' title="bbox 253 3097 502 3106; baseline 0 624"><span class='ocrx_word' id='word_1_549' title='bbox 253 3097 502 3106; x_wconf 95' lang='lat' dir='ltr'><strong> </strong></span> 
     </span>
    </p>
   </div>
   <div class='ocr_carea' id='block_1_24' title="bbox 513 3097 766 3104">
    <p class='ocr_par' dir='ltr' id='par_1_24' title="bbox 513 3097 766 3104">
     <span class='ocr_line' id='line_1_55' title="bbox 513 3097 766 3104; baseline 0 626"><span class='ocrx_word' id='word_1_550' title='bbox 513 3097 766 3104; x_wconf 95' lang='lat' dir='ltr'><strong> </strong></span> 
     </span>
    </p>
   </div>
   <div class='ocr_carea' id='block_1_25' title="bbox 767 3099 1021 3106">
    <p class='ocr_par' dir='ltr' id='par_1_25' title="bbox 767 3099 1021 3106">
     <span class='ocr_line' id='line_1_56' title="bbox 767 3099 1021 3106; baseline 0 0"><span class='ocrx_word' id='word_1_551' title='bbox 767 3099 1021 3106; x_wconf 95' lang='lat' dir='ltr'><strong> </strong></span> 
     </span>
    </p>
   </div>
   <div class='ocr_carea' id='block_1_26' title="bbox 1025 3096 1279 3110">
    <p class='ocr_par' dir='ltr' id='par_1_26' title="bbox 1025 3096 1279 3110">
     <span class='ocr_line' id='line_1_57' title="bbox 1025 3096 1279 3110; baseline 0 620"><span class='ocrx_word' id='word_1_552' title='bbox 1025 3096 1279 3110; x_wconf 95' lang='lat' dir='ltr'><strong> </strong></span> 
     </span>
    </p>
   </div>
   <div class='ocr_carea' id='block_1_27' title="bbox 1282 3099 1536 3107">
    <p class='ocr_par' dir='ltr' id='par_1_27' title="bbox 1282 3099 1536 3107">
     <span class='ocr_line' id='line_1_58' title="bbox 1282 3099 1536 3107; baseline 0 623"><span class='ocrx_word' id='word_1_553' title='bbox 1282 3099 1536 3107; x_wconf 95' lang='lat' dir='ltr'><strong> </strong></span> 
     </span>
    </p>
   </div>
   <div class='ocr_carea' id='block_1_28' title="bbox 1536 3101 1789 3110">
    <p class='ocr_par' dir='ltr' id='par_1_28' title="bbox 1536 3101 1789 3110">
     <span class='ocr_line' id='line_1_59' title="bbox 1536 3101 1789 3110; baseline 0 620"><span class='ocrx_word' id='word_1_554' title='bbox 1536 3101 1789 3110; x_wconf 95' lang='lat' dir='ltr'><strong> </strong></span> 
     </span>
    </p>
   </div>
   <div class='ocr_carea' id='block_1_29' title="bbox 1790 3102 2045 3116">
    <p class='ocr_par' dir='ltr' id='par_1_29' title="bbox 1790 3102 2045 3116">
     <span class='ocr_line' id='line_1_60' title="bbox 1790 3102 2045 3116; baseline 0 614"><span class='ocrx_word' id='word_1_555' title='bbox 1790 3102 2045 3116; x_wconf 95' lang='lat' dir='ltr'><strong> </strong></span> 
     </span>
    </p>
   </div>
   <div class='ocr_carea' id='block_1_30' title="bbox 250 3130 2045 3243">
    <p class='ocr_par' dir='ltr' id='par_1_30' title="bbox 250 3130 2045 3243">
     <span class='ocr_line' id='line_1_61' title="bbox 345 3130 2045 3192; baseline 0.005 -24"><span class='ocrx_word' id='word_1_556' title='bbox 345 3134 401 3177; x_wconf 83' lang='lat' dir='ltr'><strong>(a)</strong></span> <span class='ocrx_word' id='word_1_557' title='bbox 424 3130 609 3168; x_wconf 63' lang='lat' dir='ltr'><strong>war.Hist.</strong></span> <span class='ocrx_word' id='word_1_558' title='bbox 623 3130 868 3191; x_wconf 32' lang='lat' dir='ltr'><strong>Hisp.li&#39;b.-13⁴.</strong></span> <span class='ocrx_word' id='word_1_559' title='bbox 887 3133 1166 3192; x_wconf 32' lang='lat' dir='ltr'><strong>c.9.l.·16.·cap.</strong></span> <span class='ocrx_word' id='word_1_560' title='bbox 1181 3143 1216 3176; x_wconf 88' lang='lat'><strong>9.</strong></span> <span class='ocrx_word' id='word_1_561' title='bbox 1244 3132 1341 3191; x_wconf 86' lang='lat'><strong>¹·.¹7·</strong></span> <span class='ocrx_word' id='word_1_562' title='bbox 1361 3146 1436 3183; x_wconf 80' lang='lat' dir='ltr'><strong>cap.</strong></span> <span class='ocrx_word' id='word_1_563' title='bbox 1453 3148 1488 3171; x_wconf 84' lang='lat'><strong>2.</strong></span> <span class='ocrx_word' id='word_1_564' title='bbox 1541 3136 1601 3183; x_wconf 81' lang='lat' dir='ltr'><strong>(b)</strong></span> <span class='ocrx_word' id='word_1_565' title='bbox 1630 3136 1728 3172; x_wconf 81' lang='lat' dir='ltr'><strong>Vires</strong></span> <span class='ocrx_word' id='word_1_566' title='bbox 1751 3134 1839 3172; x_wconf 80' lang='lat' dir='ltr'><em>luxu</em></span> <span class='ocrx_word' id='word_1_567' title='bbox 1859 3149 2045 3191; x_wconf 80' lang='lat' dir='ltr'><strong>corrumpe-</strong></span> 
     </span>
     <span class='ocr_line' id='line_1_62' title="bbox 250 3181 2043 3243; baseline 0.004 -22"><span class='ocrx_word' id='word_1_568' title='bbox 250 3183 398 3225; x_wconf 73' lang='lat' dir='ltr'><strong>bantur,</strong></span> <span class='ocrx_word' id='word_1_569' title='bbox 411 3194 531 3220; x_wconf 73' lang='lat' dir='ltr'><strong>contra</strong></span> <span class='ocrx_word' id='word_1_570' title='bbox 546 3192 702 3221; x_wconf 78' lang='lat' dir='ltr'><strong>veterem</strong></span> <span class='ocrx_word' id='word_1_571' title='bbox 719 3181 935 3235; x_wconf 70' lang='lat' dir='ltr'><strong>dssc&#39;zpltnam</strong></span> <span class='ocrx_word' id='word_1_572' title='bbox 952 3183 997 3226; x_wconf 61' lang='grc' dir='ltr'><em>ὠ</em></span> <span class='ocrx_word' id='word_1_573' title='bbox 1010 3182 1177 3231; x_wconf 76' lang='lat' dir='ltr'><strong>mstztuta</strong></span> <span class='ocrx_word' id='word_1_574' title='bbox 1198 3188 1396 3232; x_wconf 73' lang='lat' dir='ltr'><strong>Majorum,</strong></span> <span class='ocrx_word' id='word_1_575' title='bbox 1413 3185 1507 3230; x_wconf 74' lang='lat' dir='ltr'><strong>apud</strong></span> <span class='ocrx_word' id='word_1_576' title='bbox 1523 3199 1603 3239; x_wconf 77' lang='lat' dir='ltr'><strong>quos·</strong></span> <span class='ocrx_word' id='word_1_577' title='bbox 1623 3188 1765 3224; x_wconf 69' lang='lat' dir='ltr'><strong>virtute</strong></span> <span class='ocrx_word' id='word_1_578' title='bbox 1780 3217 1789 3233; x_wconf 91' lang='lat'>‚</span> <span class='ocrx_word' id='word_1_579' title='bbox 1819 3201 1924 3240; x_wconf 77' lang='lat' dir='ltr'><strong>quam</strong></span> <span class='ocrx_word' id='word_1_580' title='bbox 1944 3201 2043 3243; x_wconf 81' lang='lat' dir='ltr'><strong>pecu-</strong></span> 
     </span>
    </p>
   </div>
   <div class='ocr_carea' id='block_1_31' title="bbox 251 3232 2087 3291">
    <p class='ocr_par' dir='ltr' id='par_1_31' title="bbox 251 3232 2087 3291">
     <span class='ocr_line' id='line_1_63' title="bbox 251 3232 2087 3291; baseline 0.004 -18"><span class='ocrx_word' id='word_1_581' title='bbox 251 3235 310 3273; x_wconf 67' lang='lat' dir='ltr'><strong>nisi</strong></span> <span class='ocrx_word' id='word_1_582' title='bbox 326 3250 379 3272; x_wconf 81' lang='lat' dir='ltr'><strong>res</strong></span> <span class='ocrx_word' id='word_1_583' title='bbox 394 3241 545 3272; x_wconf 73' lang='lat' dir='ltr'><strong>Romana</strong></span> <span class='ocrx_word' id='word_1_584' title='bbox 559 3235 679 3272; x_wconf 63' lang='lat' dir='ltr'><strong>melihs</strong></span> <span class='ocrx_word' id='word_1_585' title='bbox 683 3232 789 3285; x_wconf 83' lang='lat' dir='ltr'><strong>stetit</strong></span> <span class='ocrx_word' id='word_1_586' title='bbox 827 3238 912 3272; x_wconf 86' lang='lat' dir='ltr'><strong>Tac.</strong></span> <span class='ocrx_word' id='word_1_587' title='bbox 928 3238 950 3273; x_wconf 91' lang='lat'><strong>1.</strong></span> <span class='ocrx_word' id='word_1_588' title='bbox 964 3251 996 3273; x_wconf 88' lang='lat'><strong>2.</strong></span> <span class='ocrx_word' id='word_1_589' title='bbox 1014 3236 1146 3272; x_wconf 87' lang='lat' dir='ltr'><strong>Histor.</strong></span> <span class='ocrx_word' id='word_1_590' title='bbox 1202 3236 1271 3288; x_wconf 69' lang='lat' dir='ltr'><strong>(c)</strong></span> <span class='ocrx_word' id='word_1_591' title='bbox 1307 3243 1352 3275; x_wconf 78' lang='lat' dir='ltr'><strong>Ut</strong></span> <span class='ocrx_word' id='word_1_592' title='bbox 1364 3241 1461 3276; x_wconf 77' lang='lat' dir='ltr'><strong>ratio</strong></span> <span class='ocrx_word' id='word_1_593' title='bbox 1482 3236 1661 3291; x_wconf 74' lang='lat' dir='ltr'><strong>quastuum</strong></span> <span class='ocrx_word' id='word_1_594' title='bbox 1678 3265 1687 3280; x_wconf 91' lang='lat'>‚</span> <span class='ocrx_word' id='word_1_595' title='bbox 1714 3238 1759 3282; x_wconf 59' lang='grc' dir='ltr'><strong>όν</strong></span> <span class='ocrx_word' id='word_1_596' title='bbox 1782 3255 1860 3279; x_wconf 78' lang='lat' dir='ltr'><strong>nece</strong></span> <span class='ocrx_word' id='word_1_597' title='bbox 1883 3252 1956 3279; x_wconf 74' lang='lat' dir='ltr'><strong>ztas</strong></span> <span class='ocrx_word' id='word_1_598' title='bbox 1976 3257 2045 3281; x_wconf 79' lang='lat' dir='ltr'><strong>ero·</strong></span> <span class='ocrx_word' id='word_1_599' title='bbox 2084 3276 2087 3281; x_wconf 77' lang='grc'>,</span> 
     </span>
    </p>
   </div>
   <div class='ocr_carea' id='block_1_32' title="bbox 246 3287 1187 3343">
    <p class='ocr_par' dir='ltr' id='par_1_32' title="bbox 246 3287 1187 3343">
     <span class='ocr_line' id='line_1_64' title="bbox 246 3287 1187 3343; baseline 0.002 -18"><span class='ocrx_word' id='word_1_600' title='bbox 246 3289 433 3343; x_wconf 70' lang='lat' dir='ltr'><strong>gatianum</strong></span> <span class='ocrx_word' id='word_1_601' title='bbox 449 3287 583 3334; x_wconf 61' lang='lat' dir='ltr'><strong>interf?</strong></span> <span class='ocrx_word' id='word_1_602' title='bbox 597 3296 832 3340; x_wconf 73' lang='lat' dir='ltr'><strong>congruerent.</strong></span> <span class='ocrx_word' id='word_1_603' title='bbox 849 3289 934 3326; x_wconf 82' lang='lat' dir='ltr'><strong>Tac.</strong></span> <span class='ocrx_word' id='word_1_604' title='bbox 948 3289 970 3326; x_wconf 90' lang='lat' dir='ltr'><strong>l.</strong></span> <span class='ocrx_word' id='word_1_605' title='bbox 987 3299 1043 3338; x_wconf 87' lang='lat'><strong>13.</strong></span> <span class='ocrx_word' id='word_1_606' title='bbox 1057 3288 1187 3328; x_wconf 68' lang='lat' dir='ltr'><strong>Annal-</strong></span> 
     </span>
    </p>
   </div>
  </div>
 </body>
</html>
