2132 3730
244 252 333 294 290
663 236 1009 277 DIDACI
1064 236 1601 282 SAAVEDRAE

247 335 330 362 rum
353 334 499 363 errores
515 350 526 368 ‚
559 321 621 370 qui
637 317 749 357 facile
769 319 1002 358 invalescunt
1022 321 1086 358 ubi
1104 331 1233 372 regnat
1255 323 1416 372 inscitia,
1447 322 1494 362 ad
1511 323 2046 377 administrandaniJustitiam‚

244 381 292 421 ad
319 379 592 422 conservandas
620 378 656 416 &
679 378 867 430 augendas
886 389 983 417 artes
1002 409 1014 427 ‚
1046 381 1227 431 imprimis
1247 383 1424 422 militares
1445 392 1456 423 t
1487 395 1614 434 neque
1635 385 1735 423 enim
1758 386 1882 424 minus
1911 386 2043 422 civita-

242 450 302 481 tes
332 439 506 493 praesidiis
532 439 602 477 suis
626 439 800 477 muniunt
818 436 899 477 Viri
920 437 1048 487 doffi,
1081 452 1125 478 ac
1146 441 1282 479 milites
1302 471 1315 489 ,
1344 451 1387 480 ut
1419 442 1611 492 Syracusae
1641 443 1836 494 quondam
1866 445 1902 483 in
1921 443 2047 483 Sicilia

243 511 410 552 expertae
434 493 540 537 fuere
562 499 599 538 in
624 497 876 538 Archimede:
907 498 1012 537 Dola
1025 498 1251 550 Burgundiae
1272 501 1362 539 urbs
1383 503 1420 540 in
1440 502 1591 541 erudito
1610 502 1646 541 &
1668 502 1875 542 fideliffimo
1897 504 1963 542 suo
1982 503 2047 541 Se·

243 571 353 608 natu,
384 558 489 609 cujus
515 558 694 610 prudenti
716 557 874 597 consilio
893 587 906 606 ‚
935 558 1136 610 ingeniosis
1155 560 1373 607 machinis,
1404 562 1480 599 acri
1500 561 1724 602 defensione
1748 562 1786 602 δε
1813 561 2040 602 fortitudine

243 620 353 659 animi
370 619 454 670 plus
488 617 600 669 quam
624 617 778 657 heroica
798 647 809 665 ‚
840 618 930 657 urbs
951 619 1010 657 illa
1036 617 1724 661 adversus‘valentiffimas‘Gallorum
1746 625 1880 673 copias
1902 633 2047 673 propu-

240 688 351 730 gnata
369 677 443 717 fuit
463 690 476 725 ς
506 678 641 718 museis
663 677 700 716 in
726 679 1010 717 armamentaria
1029 677 1224 718 conversis
1241 708 1253 726 ‚
1285 680 1382 731 togis
1404 680 1573 718 literariis
1591 680 1628 717 in
1638 681 1775 720 loricas
1791 681 1951 728 ferreas,
1984 694 2044 719 ca-

238 737 345 777 lamis
366 739 403 778 in
415 737 581 792 gladios,
613 739 677 789 qui
692 749 771 777 non
793 748 1006 778 atramento
1023 769 1035 787 ‚
1066 737 1130 778 sed
1157 736 1342 778 Francico
1362 737 1538 789 sanguine
1558 739 1714 778 nomina
1735 739 1772 779 δε
1791 743 1939 793 egregia
1955 740 2046 779 faci-

236 810 332 839 nora
354 800 497 838 civium
530 798 727 838 aeternitati
752 797 1068 849 transcripserunt.
1130 797 1220 837 Sola
1256 798 1462 838 multitudo
1485 800 1600 838 nimia
1621 808 1702 838 tuin
1727 798 2053 852 Universitatuin2

237 868 321 898 tum
342 870 475 898 eorum
493 888 505 907 ,
536 859 599 909 qui
621 859 736 897 literis
759 857 833 897 sese
853 857 999 897 dedunt
1015 889 1026 907 ,
1057 857 1118 897 illa
1140 856 1216 906 est,
1236 869 1320 909 quae
1338 858 1444 898 bono
1460 859 1618 910 publico
1640 858 1779 906 officit,
1793 860 2045 909 quemadmo-

238 918 331 958 dum
353 918 471 970 reipsa
490 920 527 957 in
554 915 735 970 Hispania
750 918 968 969 experimur
986 929 1002 965 ‚-
1034 929 1149 968 quare
1167 919 1283 970 inagis
1303 917 1324 957 e
1341 930 1381 957 re
1408 916 1603 957 communi
1630 917 1705 957 esse
1723 916 1902 967 videtur,
1916 918 1944 957 fi
1964 930 2046 958 non

236 979 306 1019 nisi
330 981 441 1030 pauci
462 977 509 1016 ad
535 990 598 1017 eas
629 977 666 1016 se
685 978 879 1029 applicent
899 977 1069 1016 scientias
1084 1006 1096 1025 ‚
1127 988 1211 1028 quae
1229 979 1266 1016 in
1293 978 1554 1029 speculatione
1575 976 1783 1017 consistunt
1801 1007 1815 1029 ,
1844 987 1910 1017 aut
1942 979 2043 1017 circa
2085 981 2093 985 ”
2114 979 2116 987 “

238 1037 425 1094 justitiam
459 1037 656 1077 versantur
676 1068 687 1086 ,
719 1039 846 1089 plures
865 1037 963 1077 vero
987 1036 1035 1076 ad
1062 1046 1159 1076 artes
1180 1038 1349 1077 nauticas
1371 1069 1382 1086 ‚
1413 1037 1450 1077 δε
1477 1038 1667 1087 militares.
1725 1036 1769 1077 In
1791 1040 1899 1079 hunc
1926 1037 2044 1077 finem
2116 1027 2117 1035 ἵ

238 1108 441 1149 oporteret
467 1097 607 1149 majora
627 1099 782 1148 proemia
812 1098 869 1136 his
892 1096 1031 1144 statui,
1059 1096 1171 1146 quam
1195 1099 1264 1135 illis
1281 1127 1293 1145 .,
1324 1108 1366 1137 ut
1386 1101 1503 1149 magis
1520 1096 1566 1135 ad
1584 1108 1646 1136 eas
1675 1097 1834 1136 aliorum
1851 1098 2046 1152 alliceren-

236 1167 298 1196 tur
317 1159 443 1202 animi,
507 1158 609 1212 Quia
624 1151 723 1198 ἤέἓὸ
738 1158 893 1210 proemia
917 1157 968 1196 sic
992 1155 1195 1195 constituta
1224 1168 1301 1196 non
1323 1158 1424 1205 sunt,
1446 1158 1535 1196 hinc
1553 1155 1598 1195 fit
1614 1184 1626 1205 ,
1658 1156 1765 1207 quod
1787 1155 1935 1208 oppido
1951 1158 2048 1195 mul-

236 1218 266 1257 ti
293 1217 340 1256 ad
363 1219 551 1258 literarum
570 1216 690 1257 studia
709 1218 900 1270 appellant
919 1217 1084 1256 animum
1105 1245 1117 1264 ‚
1149 1215 1348 1267 desintque
1366 1216 1607 1257 Monarchiae
1634 1216 1680 1255 ad
1704 1215 1964 1255 defensionem
1991 1216 2047 1254 su-

237 1288 297 1317 am
317 1278 355 1318 &
384 1279 715 1318 conservationem
739 1279 876 1318 milites
895 1275 1026 1327 potius
1051 1305 1063 1323 ‚
1094 1275 1206 1326 quam
1221 1277 1384 1314 literati:
1417 1277 1523 1328 quod
1539 1276 1675 1316 vitium
1694 1276 1794 1328 ipsos
1813 1287 1968 1327 quoque
1982 1276 2047 1314 tri-

215 1337 403 1389 .umphos
424 1369 436 1387 ,
468 1338 504 1377 &
521 1339 692 1390 tropliaea
708 1337 880 1376 militaria
897 1336 1069 1374 comitari
1092 1335 1206 1384 solet,
1238 1335 1328 1374 dum
1351 1335 1544 1376 Nationes
1575 1336 1763 1375 bellicosae
1802 1335 1840 1375 &
1873 1334 2045 1374 vistoriis

235 1398 390 1447 inclytae
411 1428 421 1444 ‚
452 1399 604 1447 ingenio
627 1399 740 1437 etiam
768 1396 806 1435 &
842 1397 987 1434 calamo
1018 1393 1192 1444 superare
1220 1393 1463 1434 contendunt
1493 1405 1562 1433 eos
1586 1424 1598 1443 ,
1629 1406 1728 1444 quos
1754 1395 1896 1433 robore
1926 1394 1961 1433 ἃ
1990 1407 2046 1433 ar-

234 1458 307 1497 mis
334 1457 572 1503 devicerunt.
636 1456 737 1495 Cura
756 1454 856 1495 istius
879 1453 1035 1493 remedii
1059 1454 1106 1492 ad
1124 1453 1338 1504 Principem
1358 1453 1583 1504 bonumque
1610 1452 1907 1493 Moderatorem
1927 1456 2045 1505 perti—

232 1527 301 1557 nct
325 1546 338 1563 ‚
367 1516 474 1567 cujus
498 1517 567 1555 erit
586 1517 648 1555 tali
666 1528 752 1554 cum
778 1513 922 1565 judicio
942 1514 988 1552 de
1011 1512 1427 1561 educandajuventu‘t'e
1441 1512 1603 1551 statuere
1626 1512 1662 1550 &
1677 1512 1874 1557 ordinare,
1905 1523 1947 1551 ut
1972 1526 2043 1552 nu·-

233 1588 360 1617 merus
386 1576 569 1614 Virorum
587 1573 823 1614 eruditorum
850 1602 862 1621 ,
894 1572 1086 1618 Militum,
1117 1569 1319 1610 Artificum
1343 1600 1354 1620 ‚
1387 1572 1626 1623 aliorumque
1649 1570 1864 1612 officiorum
1886 1573 2043 1624 corpori
2098 1599 2106 1611 .

232 1633 362 1676 Status
374 1635 424 1674 sui
440 1634 530 1685 apte
548 1634 584 1672 &
607 1632 812 1672 secundum
830 1630 1125 1682 proportionem
1138 1632 1358 1670 conveniat.
1618 1638 1620 1642 ’
1785 1629 1789 1632 ’

385 1694 420 1745 §,
454 1697 583 1744 Atque
600 1692 803 1745 proportio
826 1693 862 1730 in
885 1693 928 1731 iis
959 1692 1072 1729 etiam
1098 1690 1242 1729 artendi
1262 1687 1405 1742 posset,
1436 1690 1500 1741 qui
1524 1689 1640 1729 vitam
1658 1687 1958 1731 Ecclesiasticam
1975 1701 2041 1731 aut

232 1752 460 1807 Religiolam
480 1752 659 1806 ampledti
689 1753 847 1803 cupiunt
866 1779 878 1798 ‚
909 1763 1070 1802 quor-„im
1095 1752 1304 1790 multitudo
1329 1751 1442 1789 nitnia
1472 1748 1710 1802 lzeipublicae
1730 1750 1767 1790 &
1787 1751 2044 1803 Principiplu-

231 1810 369 1855 rimi‘ini
391 1823 520 1854 nocet,
613 1811 759 1852 Verum
785 1811 934 1862 Religio
958 1811 993 1850 δι
1018 1811 1139 1849 Pietas
1160 1809 1288 1863 regula
1307 1807 1462 1849 politica
1481 1810 1682 1850 mensurari
1697 1822 1778 1850 non
1804 1810 1947 1851 debent
1963 1841 1975 1860 ‚
2006 1812 2045 1851 δε
2108 1807 2109 1810 ’

231 1876 354 1915 solent
381 1876 420 1914 in
443 1872 610 1912 Ecclesia
629 1873 813 1912 militante
830 1872 915 1923 plus
935 1882 1036 1909 arma
1055 1870 1254 1921 spiritualia
1277 1871 1448 1917 efficere,
1471 1869 1584 1921 quam
1611 1870 1808 1910 saecularia.
1871 1871 1950 1923 Qui
1966 1873 2042 1922 pri-

231 1947 316 1976 mus
335 1933 462 1973 Status
485 1933 581 1971 illius
599 1931 730 1971 auetor
759 1929 840 1978 est,
872 1930 1035 1968 eundem
1065 1931 1183 1980 porro
1213 1930 1453 1969 conservabit
1472 1958 1484 1977 ‚
1516 1930 1660 1979 absque
1692 1929 1923 1970 detrimento
1952 1931 2045 1971 Rei-
2073 1939 2076 1946 ·
2106 1968 2107 1977 ,

231 1994 409 2049 publicae.
471 1990 734 2030 Nihilominus
755 2020 767 2039 ,
797 1989 884 2029 cuni
913 1991 1114 2040 prudentia
1135 1990 1298 2028 humana
1321 1989 1488 2028 credet&
1504 1989 1657 2038 quidem
1679 2018 1692 2036 ‚
1723 2002 1802 2037 non
1823 1992 1969 2040 sperare
1987 2001 2041 2029 ta-
2105 2021 2107 2031 Α

233 2065 324 2096 men
357 2052 535 2093 miracula
558 2050 722 2099 debeat,
758 2049 854 2088 eiad
883 2061 996 2099 quein
1023 2048 1113 2087 illud
1132 2051 1183 2087 *ex
1205 2049 1332 2087 officio
1356 2043 1549 2098 pertinet,
1582 2047 1897 2088 considerandum
1931 2049 2042 2090 relin-
2102 2071 2107 2099 5

233 2125 313 2167 quo
340 2143 352 2162 ,
382 2125 427 2152 an
446 2121 571 2151 tantus
590 2109 938 2150 Ecclesiasticorum
959 2118 1138 2147 numerus
1156 2137 1167 2156 ,
1198 2107 1234 2146 δι
1259 2107 1536 2157 Religiol'orum
1559 2106 1749 2146 Ordinum
1768 2109 2039 2159 multiplicatio
2103 2121 2107 2131 ¹

232 2184 350 2225 atque
380 2174 658 2212 incrementum
697 2170 885 2209 excedant
920 2165 1023 2207 forte
1051 2166 1252 2206 facultates
1281 2166 1522 2205 Saecularium
1554 2164 1574 2202 a
1607 2167 1745 2216 quibus
1770 2169 1820 2206 illi
1846 2167 2044 2210 sustentari

233 2234 405 2281 debent,
438 2241 501 2271 aut
517 2230 585 2282 ipsi
614 2231 725 2270 etiam
757 2227 937 2268 Ecclesiae
959 2226 1116 2277 ejusque
1145 2225 1208 2281 fini
1230 2227 1346 2266 noxia
1368 2224 1450 2264 sint.
1511 2223 1585 2263 Cui
1620 2227 1674 2264 rei
1703 2224 1775 2276 jam
1802 2227 1948 2278 pridem
1969 2241 2040 2280 per
2104 2274 2105 2279 ¹

234 2294 414 2334 Cariones
438 2291 559 2332 sacros
584 2290 619 2330 &
641 2290 811 2330 Decreta
829 2285 1051 2339 Apostolfca
1081 2284 1339 2337 sapientillime
1360 2283 1555 2335 provisum
1578 2283 1652 2323 fuit
1667 2316 1678 2333 ‚
1709 2286 1746 2325 in
1764 2286 1942 2326 Concilio
1966 2288 2040 2342 La·
2104 2282 2105 2308 ³
2129 2293 2132 2304 ¹

235 2352 421 2394 teranenl'i
451 2352 618 2401 inprimis
635 2349 700 2389 sub
728 2348 954 2389 Innocentio
971 2346 1105 2385 Tertio
1128 2357 1141 2391 ς
1173 2345 1222 2383 sic
1239 2347 1339 2384 enim
1363 2340 1454 2383 illud
1480 2341 1623 2382 statuit:
1653 2341 1724 2400 (a)
1760 2345 1940 2386 Nenimia
1965 2348 2039 2387 Re-
2104 2336 2105 2347 ¹

232 2414 388 2466 ligionmn
408 2409 592 2463 diveisttas
612 2422 758 2461 gravem
777 2410 812 2448 in
833 2406 980 2459 Ecclcfia
1004 2406 1076 2445 Dei
1097 2402 1312 2458 cosfftfionem
1336 2403 1474 2444 indacat
1494 2433 1507 2452 ,
1526 2399 1680 2453 firmiter
1711 2404 1930 2456 prohibemus
1957 2437 1969 2456 ,
2000 2420 2042 2447 ne

235 2475 314 2528 quis
331 2471 370 2511 de
387 2479 506 2511 ccesero
530 2482 653 2509 novam
682 2468 882 2519 Religionem
905 2467 1061 2505 inveniat
1080 2496 1092 2514 ,
1116 2460 1177 2513 ſsd
1195 2466 1379 2517 quicunque
1401 2462 1451 2502 ad
1470 2463 1670 2514 Religionem
1692 2467 1847 2504 converti
1865 2466 2012 2506 volaterit
2025 2489 2041 2516 5

235 2545 338 2573 unam
356 2545 398 2571 ex
416 2529 614 2582 approbatis
639 2526 793 2581 affirmat.
854 2526 1062 2565 Consilium
1094 2524 1255 2577 Regium
1274 2522 1525 2563 Castellanum
1549 2521 1635 2562 alias
1653 2522 1843 2574 Majestati
1871 2525 1942 2564 suae
1961 2524 2040 2565 sua-
2102 2522 2103 2526 ’
2131 2567 2132 2570 Ἴ

235 2591 281 2633 fit
309 2622 320 2640 ,
351 2588 639 2644 supplicandum
664 2584 738 2627 esse
761 2587 920 2626 Summo
937 2584 1140 2633 Pontifici,
1169 2597 1219 2624 ne
1246 2586 1327 2636 quis
1350 2586 1387 2623 in
1410 2583 1547 2634 Regno
1571 2581 1739 2622 Castellae
1773 2582 1861 2624 ante
1878 2614 1891 2633 ‚
1922 2585 2037 2636 quain
2099 2610 2101 2640 ‡
2131 2619 2132 2628 ,

237 2652 385 2693 sextum
413 2650 449 2690 &
472 2649 665 2689 decimum
685 2648 802 2687 aetatis
825 2658 964 2686 annum
993 2643 1257 2697 complevisset
1282 2674 1294 2693 ‚
1324 2645 1362 2684 in
1395 2643 1602 2695 religiosam
1633 2642 1812 2683 familiam
1839 2644 2039 2685 ascribere-

237 2720 321 2760 tur,
344 2722 471 2762 neque
505 2719 593 2749 ante
616 2707 791 2749 &aetum
812 2719 950 2747 annum
974 2705 1197 2747 vicesimum
1214 2710 1308 2744 v‘ota
1321 2712 1558 2755 nuncuparet
1578 2716 1592 2750 ς
1621 2703 1755 2743 verum
1779 2703 2038 2745 confidentior
2088 2720 2089 2725 ¹
2127 2744 2130 2752 Α

237 2772 388 2823 pietas,
419 2770 456 2810 &
482 2770 595 2810 animi
637 2769 832 2820 scrupulus
871 2766 1082 2820 prudentiae
1115 2765 1316 2820 oppositus
1355 2763 1602 2804 incommoda
1628 2762 1695 2804 ista
1736 2762 1849 2804 facile
1878 2764 2038 2804 diffiniu-

240 2831 332 2875 lant.

390 2887 425 2940 §.
459 2889 637 2929 Attamen
658 2899 864 2941 perparum
883 2885 1081 2941 prodesset
1113 2883 1178 2926 ista
1195 2884 1398 2938 proportio
1441 2884 1480 2924 in
1503 2885 1569 2934 iis,
1602 2883 1665 2936 qui
1691 2893 1755 2924 aut
1785 2885 1897 2924 rebus
1924 2894 2036 2935 agen·
2089 2902 2091 2905 ·

239 2950 316 2996 dis,
348 2959 412 2988 aut
434 2948 755 3001 speculationibus
778 2949 920 2989 debent
946 2946 1163 2996 intendere,
1195 2945 1263 2985 nisi
1291 2947 1403 2985 etiam
1431 2945 1611 2997 Princeps
1645 2956 1770 2984 curam
1801 2944 1939 2983 habeat
1968 2943 2035 2983 Se·
2096 2988 2097 2996 ἵ
2128 2954 2132 2964 *

239 3011 383 3051 minarii
400 3009 613 3062 populari8‚
643 3009 746 3049 unde
770 3010 961 3061 procreari
984 3007 1125 3047 debent
1144 3005 1366 3047 sufficientes
1384 3008 1511 3054 cives,
1533 3006 1596 3057 qui
1626 3005 1740 3057 Reip.
1757 3003 1919 3042 formam
1946 3014 2039 3043 con·

239 3069 415 3118 stimant,
445 3080 607 3121 quorum
635 3081 814 3109 numerus
829 3081 931 3109 nunc
941 3068 1050 3119 hujus
1069 3097 1079 3116 ,
1110 3077 1211 3106 nunc
1228 3067 1324 3106 illius
1341 3075 1467 3105 morte
1489 3065 1662 3116 quotidie
1685 3063 1927 3104 imminuitur.
1957 3065 2036 3103 An·
2094 3065 2097 3098 i

239 3132 335 3182 tiqui
351 3128 438 3171 sane
468 3140 642 3182 magnam
674 3128 820 3182 semper
847 3129 987 3170 sobolis
1009 3125 1263 3180 propagandae
1291 3123 1461 3166 habuere
1485 3127 1695 3171 rationem,
1726 3132 1768 3162 ut
1792 3134 1842 3162 ne
1867 3121 2035 3163 deessent
2091 3165 2094 3192 l
2131 3166 2132 3170 ,

1864 3195 2033 3234 unquam
2091 3193 2094 3225 l
2130 3221 2132 3223 ,

758 3264 1013 3278 nnn——n-—n—

347 3303 364 3343 (
367 3301 403 3344 a)
430 3300 546 3339 Cone.
567 3301 644 3338 Latt⁴
