2132 3730
272 209 358 251 252
711 189 1064 237 DJDACJ
1116 190 1654 236 SAAVEDRAE.

269 281 438 333 cogniti,
469 281 532 331 qui
550 279 577 318 fi
602 277 759 316 adhibiti
791 273 944 314 fuiffent
960 273 1008 314 ad
1029 285 1207 324 munera,
1236 277 1309 315 toti
1333 276 1419 315 orbi
1438 275 1590 318 fuiffent
1614 278 1864 322 admirationi.
1925 276 2075 319 Offatus
2130 305 2132 309 Α

268 342 309 382 in
325 341 558 381 Sacellanatu
573 335 753 375 Ecclesiae
779 335 817 374 S.
838 333 1033 374 Ludovici
1046 364 1058 382 ,
1088 345 1173 384 quae
1189 334 1326 374 Romae
1339 334 1417 385 est,
1445 337 1564 377 vitam
1584 337 1766 379 clausisset
1791 338 1995 391 inglorius,
2011 349 2077 377 ne-
2128 356 2130 363 v

267 413 346 453 que
367 411 442 439 tam
476 396 613 435 eximia
648 395 786 447 Regno
805 393 836 433 F
838 395 973 434 ranciae
996 392 1219 446 praestitiffet
1249 395 1450 447 obsequia,
1478 397 1547 437 nifi
1577 397 1666 437 Rex
1693 396 1885 438 Henricus
1907 396 2077 449 Quartus

266 471 412 512 magnae
443 456 540 494 illius
563 454 702 495 indolis
717 452 842 507 probe
871 453 1069 501 conscius,
1099 464 1188 493 eum
1206 452 1447 497 Cardinalitia
1464 455 1619 510 dignum
1643 469 1811 510 purpura
1823 455 2076 510 proposuisset
2128 454 2130 482 ἱ

265 518 414 560 summo
435 513 626 554 Pontifici.
685 514 726 554 Si
748 513 938 566 praestanti
967 513 1120 566 ingenio
1145 511 1285 555 Virum
1309 514 1492 568 Princeps
1519 518 1617 557 inter
1651 518 1789 570 vulgus
1820 518 1914 557 sinat
1944 513 2075 556 delite-
2129 555 2132 572 ἦ

264 578 386 624 scere,
419 575 529 615 vivet
548 576 811 626 morietur-que
831 574 1014 614 obscurus
1027 583 1207 625 tanquam
1225 571 1247 612 ὲ
1262 575 1377 626 plebe
1394 576 1525 626 aliquis
1537 606 1550 625 ,
1578 588 1652 616 nec
1671 578 1875 629 quicquam
1897 570 2075 628 magnum
2125 580 2132 621 ·i

264 637 414 676 efficiet.
475 633 646 675 Christus
675 633 751 687 (a)
781 633 857 674 una
879 646 966 674 cum
990 635 1110 673 tribus
1127 632 1334 684 Discipulis
1353 635 1392 674 in
1413 645 1588 675 montem
1605 636 1764 676 Thabor
1789 636 2075 684 conscenderat,
2130 624 2132 675 ἶ

261 693 402 735 relictis
425 706 513 736 cum
529 695 641 734 turba
661 695 759 746 aliis,
792 693 831 735 &
846 705 941 734 ecce
960 692 1027 733 vel
1043 693 1064 732 ἐι
1089 693 1171 733 solo
1195 693 1261 732 illo
1289 693 1439 746 speciali
1464 695 1629 736 Domini
1651 695 1790 735 favore
1813 695 1981 745 exclusi,
2008 706 2075 734 ex·
2129 690 2132 729 i

259 757 362 808 perti
387 753 497 796 fuere
511 754 630 795 fidem
647 755 748 794 suam
768 754 821 795 fic
839 752 1060 805 intepuisse,
1082 763 1125 792 ut
1154 764 1455 806 energumenum
1477 755 1670 807 quendam
1698 767 1829 795 curare
1858 756 1965 794 nullo
1991 766 2076 794 mo-

261 814 316 854 do
348 813 419 870 (b)
437 813 602 868 possent.
660 813 760 855 Non
790 813 963 854 crescunt
989 825 1117 865 neque
1145 812 1287 853 florent
1313 815 1482 866 ingenia,
1510 815 1580 855 nisi
1599 815 1714 855 favor
1736 827 1781 854 ea
1803 816 1976 863 excolat,
2009 823 2073 853 aut
2122 822 2123 842 ³

260 875 402 928 irriget.
462 875 528 915 Ille
562 876 675 929 igitur
701 874 1001 926 Princeps‚·qui
1023 874 1218 913 honorum
1246 872 1416 926 sparserit
1445 874 1607 924 semina,
1637 887 1797 929 magnos
1831 874 2071 927 insignesque

259 933 460 976 Ministros
489 935 660 988 colliget:
689 942 727 973 at
741 935 909 985 tempori
936 945 1005 973 eos
1025 933 1207 973 seminare
1234 942 1415 986 oportet,
1443 942 1558 986 atque
1585 933 1633 974 ad
1649 934 1891 975 occasionem
1918 943 2072 985 paratos
2122 929 2124 943 ¹

259 995 422 1043 habere,
453 994 492 1035 &
516 995 555 1034 in
580 1004 790 1046 promptu:
821 996 860 1033 in
898 994 959 1033 illa
986 995 1086 1033 enim
1113 993 1313 1033 difficulter
1334 995 1492 1045 reperiri
1522 993 1689 1046 poss‘unt.
1748 994 1838 1048 Qua
1866 993 1915 1034 de
1937 1006 1980 1033 re
2005 995 2073 1032 mi—

258 1054 330 1094 nus
351 1055 474 1094 solent
489 1053 564 1094 effe
583 1053 730 1094 solliciti
748 1053 953 1106 Principis,
982 1053 1074 1092 dum
1096 1054 1133 1092 in
1153 1065 1251 1106 pace
1267 1053 1304 1093 &
1324 1055 1596 1105 tranquillitate
1618 1064 1770 1094 aetatem
1800 1053 1964 1106 degunt,
1993 1055 2071 1092 exi·
2120 1058 2121 1069 ¹

256 1113 444 1154 stimando
469 1114 671 1164 nimirum,
696 1125 855 1166 operam
882 1114 1031 1153 illorum
1052 1124 1294 1164 nequaquam
1313 1112 1382 1152 fibi
1401 1112 1487 1153 fore
1507 1111 1761 1153 necessariam.
2120 1107 2121 1111 ’

433 1173 470 1225 §.
497 1173 590 1214 Nec
606 1174 707 1214 solos
730 1172 900 1213 Nobiles
924 1173 961 1213 &
981 1172 1180 1212 Ministros
1213 1173 1434 1225 insigniores
1455 1174 1649 1214 honorare
1679 1173 1825 1213 debent
1850 1170 2070 1222 Principes,
2118 1191 2120 1222 ς

255 1231 322 1273 sed
345 1232 437 1273 alios
457 1235 572 1274 etiam
599 1233 791 1274 subditos:
821 1232 859 1273 id
882 1233 989 1286 quod
1015 1234 1052 1272 in
1072 1232 1219 1286 legibus
1241 1232 1313 1273 suis
1337 1232 1551 1284 prudenter
1566 1235 1719 1274 monuit
1745 1232 1833 1272 Rex
1851 1231 2071 1283 Alphonsus
2117 1226 2120 1269 ξ

256 1292 438 1344 Sapiens,
455 1306 543 1334 cum
569 1292 693 1335 dixit:
725 1293 751 1346 ζ
752 1291 792 1349 c)
825 1294 865 1334 E
879 1307 949 1333 aun
968 1292 1070 1332 deben
1083 1293 1215 1333 bonrar
1242 1294 1264 1332 ὰ
1279 1292 1326 1333 los
1352 1291 1533 1345 Maestros
1557 1292 1598 1332 de
1617 1294 1664 1333 los
1678 1291 1829 1344 grancas
1851 1288 1990 1342 saberes
2018 1290 2070 1330 Ca
2116 1302 2118 1326 :

246 1361 317 1404 por
337 1357 410 1394 ellos
416 1350 454 1404 ste
463 1352 580 1405 fazen
610 1354 744 1394 muchos
762 1353 803 1392 de
827 1352 930 1392 Omes
944 1352 1087 1400 hamos,
1117 1366 1134 1391 e
1143 1360 1213 1403 por
1233 1365 1312 1404 enyo
1335 1349 1452 1404 const’jo
1461 1349 1501 1403 se
1528 1355 1718 1392 inantienen
1730 1383 1743 1401 ,
1780 1366 1798 1390 e
1822 1346 1862 1400 se
1877 1349 2070 1391 enderezan

254 1413 394 1453 naahas
414 1412 569 1465 vegadas
589 1414 636 1454 los
651 1414 809 1466 Reynos‚·
838 1425 856 1451 e
872 1413 920 1452 los
930 1410 1080 1464 grandes
1103 1411 1268 1450 Sennores
1291 1410 1343 1450 Ca
1369 1410 1420 1462 asi
1429 1442 1442 1460 ,
1472 1423 1556 1451 como
1588 1409 1729 1451 dixeron
1749 1411 1796 1451 los
1830 1409 1950 1449 Sabios
1978 1411 2069 1450 anti-
2114 1428 2116 1430 ·

249 1485 354 1524 gnos,
379 1474 411 1512 la
435 1472 624 1514 Sabidnria
643 1472 683 1512 de
701 1473 748 1512 Ios
763 1471 921 1512 derecbos
940 1484 976 1511 es
990 1478 1070 1510 οἴνα
1091 1483 1232 1510 manera
1256 1470 1296 1509 de
1319 1469 1539 1519 Cavalleria,
1566 1483 1625 1510 con
1644 1467 1753 1523 qnescss²
1781 1468 1998 1523 quebrantan
2021 1470 2068 1509 los
2114 1476 2116 1494 ³

253 1535 531 1582 atrevimientos,
558 1546 576 1572 e
597 1530 635 1584 se
663 1531 854 1572 enderezan
872 1531 919 1570 Ios
941 1537 1083 1570 titertos.
1141 1531 1183 1570 E
1198 1542 1269 1568 aim
1289 1528 1390 1568 deben
1413 1541 1539 1577 amar,
1568 1542 1586 1567 e
1613 1530 1746 1569 honrar
1769 1530 1793 1567 ὰ
1823 1529 1869 1567 los
1895 1526 2068 1568 Ciudada-
2112 1552 2115 1560 ι

254 1605 335 1639 nos,
356 1600 491 1645 parque
505 1594 580 1631 ellos
586 1590 648 1643 stin
673 1604 757 1631 como
771 1587 951 1641 tessireros,
981 1603 999 1628 e
1027 1590 1108 1628 raiz
1126 1588 1231 1628 delos
1245 1588 1385 1628 Reinos.
1442 1588 1485 1628 E
1512 1584 1558 1638 esti
1584 1585 1690 1638 mismo
1713 1586 1815 1628 deben
1834 1584 1951 1638 fazer
1973 1588 1996 1626 ιὶ
2018 1588 2066 1627 los
2093 1587 2115 1633 J}

253 1650 499 1699 Mercaderes,
518 1664 583 1704 que
610 1658 709 1690 traen
734 1648 774 1689 de
793 1657 891 1689 otras
908 1656 1035 1700 partes
1057 1649 1080 1687 ὰ
1092 1644 1157 1698 fiis
1178 1646 1359 1687 Sennorios
1381 1647 1434 1686 las
1457 1643 1564 1697 cosas,
1594 1661 1659 1701 que
1671 1643 1734 1697 fian
1753 1661 1779 1701 y
1797 1644 1968 1700 menester.
2027 1647 2070 1689 E
2087 1662 2089 1665 ·
2110 1655 2113 1697 ‘j

251 1722 353 1749 amar
370 1741 384 1758 ,
411 1723 429 1749 e
443 1718 609 1761 anzparar
627 1709 729 1749 deben
751 1708 851 1759 otrofi
867 1721 890 1747 a
910 1709 957 1747 los
978 1705 1229 1760 Menestrales,
1259 1708 1273 1746 i
1296 1708 1319 1746 (ὶ
1338 1707 1385 1746 los
1400 1706 1650 1756 Labradores,
1670 1715 1805 1762 porque
1823 1706 1865 1746 de
1880 1704 1945 1757 fiis
1960 1719 2067 1747 mene·
2110 1701 2114 1754 ξ’

239 1767 376 1825 stereS,
407 1768 459 1813 δέ)
480 1768 520 1808 de
530 1766 594 1821 fils
607 1769 796 1809 labranzas
804 1765 842 1819 ste
865 1767 1032 1821 ayztdan,·
1060 1781 1078 1807 e
1088 1763 1127 1818 st?
1149 1767 1341 1818 goviernan
1362 1766 1408 1806 los
1432 1766 1572 1820 Reyes,
1601 1780 1620 1806 e
1641 1766 1734 1807 todos
1761 1767 1807 1807 los
1833 1774 1924 1807 otros
1948 1765 1989 1806 de
2002 1763 2065 1817 fiis
2092 1760 2112 1796 Ῑ

250 1828 450 1878 Semzorios,
480 1842 498 1868 e
515 1828 778 1883 ningunopuede
788 1827 845 1880 fin
864 1828 938 1868 ellos
957 1827 1064 1867 bivir.
1122 1827 1164 1867 E
1175 1826 1275 1878 otrzfi
1285 1825 1379 1867 todos
1394 1824 1477 1880 ‹stos
1486 1823 1698 1878 stibredichos
1710 1856 1723 1877 ,
1752 1840 1771 1867 e
1790 1825 1877 1867 cada
1900 1839 1965 1868 uno
1987 1824 2062 1878 enfil
2108 1865 2109 1874 ,

249 1887 361 1944 estado
378 1887 456 1928 debe
469 1901 592 1939 amar,
620 1903 637 1927 e
654 1889 784 1928 bonrar
804 1888 841 1927 al
857 1888 955 1940 Rey,
985 1900 1003 1926 e
1029 1887 1066 1925 al
1079 1886 1222 1938 Reyno,
1247 1900 1265 1925 e
1280 1885 1465 1938 guardar,
1495 1900 1512 1925 e
1531 1883 1742 1938 acrefientar
1761 1883 1827 1938 siis
1843 1887 2023 1936 derechos‚
2045 1901 2063 1924 e

236 1947 391 1999 Jervirle
407 1947 493 1987 cada
513 1960 577 1987 uno
596 1961 636 1987 en
653 1949 686 1987 la
704 1960 863 1996 manera,
893 1959 959 2000 que
973 1945 1074 1994 debe,
1102 1958 1187 1985 como
1203 1946 1227 1983 a
1236 1941 1281 1995 st‘
1302 1944 1434 1985 Sennor
1446 1947 1594 1985 natural
1612 1944 1720 1999 quese
1740 1947 1889 1996 cabeza,
1919 1960 1937 1986 e
1961 1945 2061 1995 vida,
2106 1966 2108 1970 v

250 2021 269 2048 e
283 2009 550 2047 mantenimiento
566 2006 674 2047 dellos.
735 2008 776 2048 E
798 2005 932 2060 qnando
951 2005 980 2044 el
995 2005 1072 2058 Rey
1090 2002 1156 2057 esto
1167 2001 1288 2056 ficiere
1304 2016 1368 2043 non
1386 2001 1430 2054 fit
1443 2004 1584 2055 piteblo,
1605 2017 1703 2045 avra
1722 2005 1850 2045 abondo
1865 2018 1904 2044 en
1906 2003 1953 2056 stt
1967 2005 2060 2059 Rey.

250 2079 311 2116 no,
342 2079 359 2105 e
366 2064 450 2117 sera*
472 2069 541 2107 rico
557 2075 627 2118 por
658 2067 736 2116 ello,
766 2080 783 2105 e
798 2062 963 2118 ayndaifi
978 2067 1001 2104 a
1022 2064 1060 2104 de
1079 2064 1126 2103 los
1159 2063 1287 2113 bienes,
1318 2077 1382 2117 que
1402 2076 1429 2117 y
1455 2061 1595 2113 fieren,
1625 2064 1758 2117 qnando
1777 2065 1824 2104 los
1846 2067 1967 2105 uviere
1991 2078 2059 2106 me·

250 2126 376 2178 nefler,
401 2140 419 2166 e
435 2121 526 2177 fera
545 2125 657 2167 tenido
676 2135 744 2179 per
766 2125 808 2166 de
834 2125 918 2165 bizen
937 2121 1030 2175 sesti,-
1059 2138 1076 2163 e
1103 2124 1251 2172 amarlo,
1280 2136 1328 2163 an
1351 2122 1444 2162 todos
1468 2124 1776 2173 cmnmunalmente,
1805 2137 1822 2164 e
1835 2122 1917 2175 serd
1941 2125 2060 2166 temido

250 2186 398 2227 tambien
417 2185 460 2225 de
482 2187 529 2226 los
554 2184 729 2240 estrannos
743 2216 756 2234 ,
785 2197 870 2225 como
892 2184 932 2225 de
961 2185 1007 2224 les
1027 2180 1141 2235 sttyos.
1200 2183 1376 2224 Honorem
1395 2189 1574 2233 praeterea
1593 2195 1657 2222 non
1671 2184 1850 2235 vulgarem
1871 2186 2000 2224 artium
2019 2198 2060 2224 ac

238 2243 461 2296 stiantiarum
489 2243 676 2301 Magistris
696 2245 855 2286 habeant.
913 2243 1053 2285 Horum
1068 2256 1211 2296 namque
1228 2241 1396 2295 indistria
1425 2255 1479 2282 eos
1499 2242 1687 2293 reipublicae
1713 2244 1812 2283 viros
1830 2247 1956 2296 parit,
1975 2258 2057 2298 quo·
2080 2281 2082 2283 ,
2101 2277 2104 2300 1

245 2318 325 2346 rum
342 2304 464 2357 consilio
483 2318 591 2358 regna
605 2302 673 2358 ipsa
686 2336 697 2354 ,
713 2319 753 2344 ac
770 2306 951 2357 Principes
961 2302 1114 2356 feliciter
1129 2299 1219 2354 stipe
1234 2311 1414 2354 reguntur.
1472 2298 1586 2354 Juris
1610 2305 1697 2342 enim
1711 2305 1867 2354 peritia,
1896 2311 1937 2344 ut
1962 2306 2055 2344 anti-

181 2413 186 2418 ·
246 2367 309 2419 qui
327 2365 552 2414 diiiitabant,
583 2364 681 2405 aliud
693 2364 870 2419 quodpiam
891 2365 1018 2405 rnilitiae
1036 2376 1142 2415 genus
1166 2359 1233 2413 est,
1260 2373 1324 2414 quo
1349 2363 1540 2415 iniquorum
1553 2358 1748 2414 frangitur
1774 2362 1939 2412 audacia,
1969 2365 2058 2416 inju·
2082 2382 2087 2417 ³*

247 2427 378 2479 riaeque
398 2424 443 2464 ab
461 2421 641 2475 iifimtibus
648 2422 902 2477 propuffantiir.
960 2423 1104 2463 Civibus
1122 2434 1252 2476 quoqne
1272 2433 1417 2461 aurorem
1432 2420 1635 2461 Rextlebet
1649 2452 1663 2471 ,
1692 2420 1744 2465 &⁹
1768 2421 2054 2474 benevolentiam,

246 2483 514 2539 quandoquidem
531 2485 627 2524 velut
643 2482 751 2525 radix
770 2481 1015 2538 qziaedanifitnt
1041 2481 1251 2534 reipublicae,
1279 2477 1490 2535 tbefiinrique
1500 2481 1630 2534 publici
1649 2480 1816 2536 czfiodes,
1842 2483 2054 2524 Mercatori-
2084 2521 2087 2534 N

246 2543 333 2593 bns,
363 2546 423 2599 qui
444 2557 505 2593 ea,
536 2557 678 2598 quorum
697 2546 795 2585 intra
812 2546 907 2595 regni
923 2543 1023 2596 inficis
1044 2543 1164 2583 limites
1184 2538 1232 2595 est
1250 2544 1418 2592 penuria,
1449 2542 1466 2580 ὲ
1485 2540 1607 2596 diffitis
1628 2542 1820 2594 regionibns
1842 2543 1916 2582 illuc
1934 2555 2054 2584 conve·
2093 2586 2094 2590 ,

246 2604 355 2654 hunt‚·
381 2601 552 2656 opificibus
576 2602 730 2654 demam,
759 2611 865 2658 atque
879 2603 1056 2657 agricolis,
1089 2614 1231 2657 quornm
1245 2600 1358 2642 labore
1374 2600 1426 2646 ἐξ)
1449 2601 1585 2641 artibus
1599 2615 1704 2655 neque
1725 2615 1838 2654 reges,
1868 2617 1974 2658 neque
1988 2617 2052 2644 cce·

246 2667 317 2705 teri
339 2676 518 2715 regnorum
547 2664 659 2704 incolae
684 2676 804 2704 carere
827 2664 894 2704 ulla
912 2666 1043 2704 ratione
1056 2660 1190 2716 poffimt
1267 2660 1411 2716 Viciffim
1429 2668 1537 2713 porro
1556 2663 1602 2711 ii,
1633 2674 1716 2715 quos
1738 2661 1886 2702 diximus
1899 2693 1911 2713 ,
1940 2673 2050 2704 omnes
2083 2673 2091 2698 3<

240 2731 310 2776 pro
317 2721 439 2774 statiis
460 2725 602 2777 quisque
613 2720 671 2774 siti
699 2737 740 2763 ac
751 2722 886 2776 gradzis
903 2722 1084 2764 conditione
1098 2733 1216 2762 ainare
1228 2751 1242 2770 ,
1270 2733 1400 2774 regem,
1422 2724 1646 2776 patriamque
1666 2722 1813 2775 ejusdem
1825 2720 1988 2775 proferre
2009 2736 2050 2766 ac

247 2795 373 2835 augere
387 2783 493 2832 jura,
521 2783 689 2837 eidemque
705 2782 775 2836 qud
782 2781 917 2838 pofflmt
940 2792 996 2836 ope
1015 2781 1068 2828 &³
1095 2779 1238 2836 obsequio
1260 2778 1588 2833 debentfitbvenire,
1618 2789 1784 2836 tanquam
1802 2781 1928 2823 domino
1951 2782 2049 2822 vide·
2073 2786 2083 2836 J

245 2841 320 2883 licet
338 2842 361 2881 ὰ
377 2851 507 2882 natura
526 2840 593 2893 ipstz
619 2842 814 2898 constituto,
833 2846 896 2884 imo
916 2846 1004 2884 vitae
1027 2844 1131 2895 cdviii
1147 2873 1159 2892 ,
1188 2853 1230 2880 ac
1259 2844 1353 2883 unico
1374 2840 1532 2894 praesidio
1543 2838 1616 2892 fiio.
1674 2841 1784 2900 Quod
1797 2843 1835 2895 fi
1858 2843 1958 2882 talem
1980 2838 2049 2893 sps&
2067 2866 2094 2906 *l

241 2898 414 2952 adverfits
423 2903 582 2953 populum
604 2903 687 2944 Rex
706 2903 923 2954 exhibuerit,
951 2902 1002 2948 &⁵²
1024 2902 1125 2943 rebus
1144 2913 1284 2953 regnum
1299 2901 1486 2942 abundabit
1499 2901 1668 2952 omnibus,
1697 2901 1750 2946 (⁰9⁹
1765 2898 1827 2953 ipse
1834 2898 2048 2951 ſstbditorztm
2091 2946 2093 2954 q

249 2960 365 3013 opibus
387 2974 451 3002 non
467 2963 576 3011 nziiiijls
588 2991 602 3012 ,
632 2976 735 3017 quam
739 2966 895 3016 propriis
920 2962 1021 3005 dives
1037 2965 1104 3004 erit
1121 2974 1162 3001 ac
1176 2961 1334 3014 locuples,
1362 2974 1475 3002 eorum
1494 2960 1650 3003 videlicet
1665 2958 1889 3011 facultatibus
1900 2991 1914 3012 ,
1933 2963 2063 3015 quan-s
2083 2996 2086 3019 3

1988 3021 2044 3062 do-
2080 3022 2085 3048 ·'

349 3156 408 3197 (a)
434 3157 530 3190 Nam
546 3154 690 3190 Domino
710 3156 748 3191 in
765 3168 880 3195 monte
900 3157 1119 3200 demorante,
1146 3155 1192 3200 ά*
1212 3159 1289 3210 ipsis
1310 3174 1386 3198 cum
1400 3159 1514 3198 turbis
1533 3157 1756 3211 rest'dentibus
1787 3158 1932 3212 quidam
1946 3170 2041 3214 tepor

244 3203 475 3254 eorumfidem
496 3204 767 3244 retardaverat.
796 3210 909 3247 Hilar.
935 3224 1009 3262 cap.
1028 3224 1059 3249 ι.
1075 3212 1147 3261 sup.
1170 3213 1300 3250 Matth.
1354 3215 1426 3261 (b)
1457 3211 1576 3251 obtuli
1587 3227 1664 3251 eum
1688 3210 1871 3266 Distipulis
1891 3212 1939 3257 <5-
1973 3228 2059 3261 non,

239 3264 429 3308 potuerunt
441 3271 567 3297 curare
577 3271 666 3297 eum.
694 3261 800 3298 Mart.
824 3274 880 3309 17.
910 3275 924 3301 1
933 3274 968 3313 ς.
1021 3264 1084 3315 (ε)
1111 3265 1151 3301 L.
1182 3277 1215 3312 3.
1231 3276 1274 3302 tt.
1297 3278 1354 3313 30.
1376 3279 1410 3315 p·
1435 3279 1472 3302 2.
1780 3271 1783 3276 ’
