2132 3730
55 342 115 373 ter
131 335 168 373 se
189 335 228 372 in
262 330 463 383 Religione
485 358 498 378 ,
530 330 568 368 in
586 327 815 369 factionibus
831 358 842 377 ,
873 327 1151 382 &gubernandi
1171 327 1345 367 instimtis
1365 341 1374 368 :
1405 340 1487 379 quae
1504 328 1542 365 in
1569 325 1769 366 statuendo
1788 326 1854 364 dex

57 391 331 440 cernendoque
354 389 597 429 consentiunt
615 415 628 438 ,
661 389 699 428 δι
714 387 868 429 consilia
890 391 1033 442 eligunt
1051 386 1177 429 media
1197 415 1211 434 2
1240 400 1323 440 quae
1342 387 1409 427 suo
1433 398 1594 438 quaeque
1614 385 1734 427 modo
1753 382 1858 423 dein³

2 468 3 471 ¹
59 452 110 492 de
126 451 340 500 exequitur.
825 475 828 481 .
1338 445 1341 449 ’
1498 460 1500 465 ·

0 507 1 511 ’
213 507 363 547 Verum
387 505 537 547 tametsi
556 504 799 546 conditiones
821 505 897 548 istae
926 504 1041 548 valde
1068 503 1218 545 idoneae
1247 503 1319 544 fint
1341 516 1413 558 pro
1437 506 1605 556 qualibet
1623 515 1672 544 ex
1698 514 1867 544 comme-

0 562 3 591 ἶ
58 569 213 609 moratis
231 567 306 619 jam
338 569 451 615 aulis,
484 568 522 606 in
539 566 716 607 omnibus
736 575 863 607 tamen
884 569 996 607 utiles
1012 575 1123 607 erunt
1140 565 1435 614 benevolentia,
1450 565 1686 614 humanitas,
1700 564 1868 615 &splen-

59 629 130 668 dor
153 629 312 679 aliquis,
342 626 371 666 ss
398 638 443 665 ea
461 627 566 666 bona
582 628 756 678 corporis
780 626 972 680 dispositio
992 626 1029 667 δε
1055 624 1242 666 habitudo
1265 627 1470 664 comitetur
1490 653 1502 673 ,
1532 626 1662 676 aliquis
1688 626 1780 663 item
1805 635 1866 663 or>-

58 697 170 728 natus
189 689 400 735 literarum,
435 688 573 735 notitia
587 685 797 738 linguarum
818 718 830 737 ‚
860 687 1064 739 praesertim
1083 685 1251 725 Latinae:
1282 684 1347 723 ista
1362 686 1461 724 enim
1481 686 1686 724 conciliant
1703 684 1866 732 animos,

61 747 283 799 applausum
304 746 341 785 ἃ
364 745 683 786 existimatIOnem
714 746 817 799 apud
846 757 1001 787 exteros
1023 773 1037 797 ,
1073 746 1111 786 &
1132 743 1296 784 Nationi
1323 745 1488 797 propriae
1510 743 1775 784 auctoritatem
1802 755 1870 795 pa*

59 816 173 848 nunt.

215 864 249 917 §.
269 864 390 904 Porro
412 864 575 916 perinde
590 874 633 904 ac
654 858 794 904 diversi
820 864 904 904 sunt
927 861 1125 904 nationum
1146 871 1273 903 mores
1296 893 1308 911 ,
1339 864 1391 903 ita
1412 864 1525 902 etiam
1547 863 1663 904 vitea.
1737 858 1873 899 Eccle-

59 925 120 966 fiae
145 925 248 964 vires
276 927 315 964 in
334 925 441 964 cultu
457 955 470 974 ,
499 925 537 964 δι
553 924 774 965 obedientia
805 923 942 964 Christi
967 923 1137 963 fidelium
1165 922 1384 963 consistunt.
1473 922 1626 974 Imperii
1653 919 1772 959 robur
1789 949 1801 968 ,
1833 922 1873 960 in

60 984 306 1024 aestimatione
328 985 547 1036 dignitatis;
576 980 770 1037 Hispaniae
794 1015 805 1032 ,
839 986 878 1023 in
908 984 1083 1035 peditatu
1109 984 1284 1031 militari3
1313 982 1481 1024 Franciae
1501 1012 1514 1030 ,
1542 984 1581 1021 in
1611 979 1830 1019 Nobilitate
1855 991 1869 1026 3

59 1046 230 1097 Angliae,
261 1046 298 1084 in
316 1046 429 1091 mari;
456 1044 687 1092 Turcarum,
719 1045 757 1083 in
784 1043 1028 1083 multitudine
1060 1042 1099 1082 ἃ.
1134 1042 1372 1094 frequentia;
1393 1043 1582 1090 Poloniae,
1613 1041 1651 1079 in
1679 1040 1874 1090 equitatu;

58 1101 305 1144 Venetorum
328 1105 366 1143 in
389 1104 617 1155 prudentia‚·
646 1104 843 1153 Poloniae,
871 1105 910 1143 in
924 1104 1123 1156 equitatu3
1152 1102 1399 1143 Venetorum
1422 1104 1462 1142 in
1480 1101 1683 1154 prudentia
1697 1118 1710 1145 ᾖ
1741 1099 1779 1138 &
1808 1099 1876 1138 Al-

59 1165 288 1217 lobrogum,
318 1165 356 1203 in
394 1166 562 1203 arbitrio.

235 1223 272 1274 ξ.
303 1221 451 1263 Omnes
470 1222 553 1263 fere
583 1222 775 1262 Nationes
797 1220 979 1261 differunt
998 1221 1096 1260 inter
1116 1217 1208 1261 sein
1231 1218 1341 1262 armis
1362 1220 1436 1273 qua
1461 1213 1683 1266 offenfivis‚
1715 1215 1788 1269 qua
1809 1214 1876 1256 de-

60 1281 218 1322 feniivis
233 1311 246 1331 ,
278 1282 461 1334 cujusque
479 1284 593 1335 genio
616 1293 660 1321 ac
678 1283 808 1334 patriae
826 1280 1059 1332 dispositioni
1088 1281 1401 1321 accommodatis⁸
1464 1282 1554 1334 Qua
1578 1281 1616 1318 in
1638 1290 1679 1317 re
1701 1277 1875 1316 conlide-

61 1341 223 1381 randum
239 1343 432 1393 inprimis,
463 1354 547 1392 quae
568 1343 685 1392 magis
715 1342 933 1380 communia
954 1340 1025 1379 sint
1052 1339 1090 1378 δε
1118 1343 1306 1392 generalia
1333 1342 1369 1381 δε
1404 1352 1494 1380 uum
1522 1339 1733 1379 Provinciae
1767 1337 1878 1375 alicui

59 1403 238 1453 propria,
267 1401 346 1439 aliis
363 1399 519 1451 disparia
545 1400 638 1447 fint,
667 1408 827 1447 necne,
857 1408 899 1436 ut
919 1410 1001 1448 quae
1023 1397 1208 1437 validiora
1238 1399 1348 1446 sunt,
1378 1399 1653 1439 adhibeantur:
1685 1397 1877 1435 excellen-

61 1463 114 1500 tia
129 1462 229 1500 enim
256 1462 294 1499 in
312 1471 387 1499 una
404 1471 596 1499 armorum
618 1458 764 1510 specie,
796 1467 861 1496 aut
880 1459 1035 1497 novitas
1058 1469 1220 1507 repente
1246 1460 1494 1497 inventorum
1520 1458 1652 1495 adimit
1669 1456 1785 1507 saepe,
1809 1465 1875 1493 aut

60 1521 214 1571 largitur
233 1519 407 1570 Imperia.
469 1517 589 1558 Suum
610 1517 736 1557 Parthi
763 1514 988 1564 dilatarunt,
1021 1517 1176 1567 quando
1198 1512 1336 1570 sagittis
1359 1517 1414 1558 usi
1441 1518 1536 1557 sunt.
1569 1515 1724 1563 Franci,
1754 1515 1792 1553 δε
1811 1513 1878 1553 δεὁ

61 1580 337 1633 ptentrionales
358 1576 506 1618 ferratis
532 1579 693 1625 lanceis,
723 1574 915 1627 equitatus
939 1575 1148 1616 velocitate
1168 1577 1358 1629 impulsis,
1388 1578 1552 1617 fortunae
1577 1574 1653 1616 suae
1676 1575 1776 1614 viam
1788 1586 1878 1625 ape-

63 1637 187 1680 ruere.
246 1638 470 1678 Dexteritas
493 1637 604 1690 gladii
622 1638 830 1676 exercitata
857 1635 1009 1674 inludis
1025 1636 1254 1687 gladiatoriis
1281 1635 1306 1687 ζ
1316 1639 1352 1675 in
1375 1648 1449 1687 qua
1462 1635 1666 1688 plurimum
1692 1635 1796 1673 valet
1817 1635 1877 1684 ju-

7 1707 9 1713 '
62 1697 239 1752 dicium>
269 1699 469 1738 Romanos
491 1697 621 1736 effecit
645 1698 748 1736 orbis
777 1696 968 1735 dominos.
1030 1695 1208 1735 Similiter
1235 1695 1395 1748 Hispani
1425 1695 1650 1746 excogitatis
1686 1695 1799 1732 variis
1824 1706 1880 1732 ar-

7 1761 9 1763 ’
64 1771 217 1799 morum
234 1759 440 1811 ignitorum
456 1757 658 1811 generibus
671 1785 683 1805 ,
715 1757 827 1796 alium
843 1766 992 1795 novum
1012 1756 1146 1795 orbem
1165 1756 1229 1794 suo
1247 1756 1487 1806 subjecerunt
1506 1751 1690 1807 imperio,
1722 1752 1759 1791 δε
1778 1752 1872 1791 Mo,

60 1820 257 1861 marchiam
285 1821 325 1859 in
353 1812 514 1870 Europa
541 1826 762 1857 erexerunt:
794 1817 833 1855 in
860 1816 904 1854 iis
935 1816 1036 1854 enim
1061 1813 1227 1855 maxime
1252 1827 1350 1868 opus
1377 1814 1430 1854 est
1450 1814 1676 1854 fortitudine
1700 1814 1810 1851 animi
1841 1813 1879 1852 δε

63 1878 273 1920 constantia
291 1908 305 1927 ,
334 1890 419 1929 quae
449 1878 615 1929 propriae
642 1876 726 1916 sunt
751 1871 934 1916 Nationis
959 1873 1060 1914 istius
1092 1876 1268 1915 virtutes.
1327 1874 1433 1914 Huic
1456 1877 1650 1915 elemento
1688 1874 1781 1924 ignis
1802 1873 1881 1924 ipsa

61 1949 167 1979 terra
198 1939 274 1978 sese
303 1937 485 1989 opposuit
512 1935 647 1989 (adeo
678 1945 722 1975 ut
744 1935 820 1987 jam
842 1935 971 1975 omnia
991 1936 1182 1975 elementa
1212 1945 1376 1987 quatuor
1406 1936 1445 1975 in
1471 1935 1636 1974 hominis
1663 1933 1882 1984 conspirent.

64 1997 244 2051 ruinam)
264 1996 302 2037 &
325 1996 503 2036 adhibitis
519 2007 624 2036 nunc
642 1996 737 2048 palis
751 2003 866 2046 atque
882 1995 1072 2046 ligonibus
1090 1993 1259 2047 profecit
1273 2005 1421 2035 tantum
1441 1993 1677 2034 Batavorum
1691 1991 1881 2040 industria,

67 2068 113 2098 ut
132 2058 395 2111 Hispanorum
415 2054 633 2096 fortitudini
657 2053 810 2108 possent
829 2052 1012 2095 resistere.

242 2116 284 2157 In
302 2117 487 2168 potentiis
508 2114 688 2156 librandis
708 2116 828 2155 multa
844 2112 944 2166 saepe
971 2111 1152 2154 falluntur
1175 2113 1345 2166 ingenia,
1377 2110 1500 2163 aliqua
1528 2111 1708 2151 Italorum
1728 2110 1880 2162 praeser·

69 2178 161 2225 tim,
192 2177 259 2228 qui
283 2174 419 2216 frustra
439 2176 641 2223 laborant,
672 2183 716 2213 ut
741 2173 898 2214 easdem
920 2175 958 2213 in
981 2174 1063 2225 pari
1086 2173 1233 2224 semper
1258 2171 1467 2222 aequilibrio
1500 2169 1720 2211 sustineant:
1751 2180 1880 2220 neque

68 2239 172 2277 enirn
198 2237 259 2276 illa
279 2233 530 2288 periculosior
547 2232 604 2274 est
619 2243 685 2273 aut
702 2235 924 2285 potentior,
955 2244 1040 2284 quae
1057 2232 1219 2283 majores
1239 2232 1357 2271 habet
1383 2230 1520 2280 status,
1558 2240 1623 2272 aut
1648 2232 1775 2282 plures
1798 2230 1880 2268 sub-

68 2297 192 2345 ditos,
222 2295 287 2335 sed
312 2307 398 2347 quae
418 2294 564 2335 viribus
581 2293 654 2334 suis
680 2292 817 2334 melitis
833 2294 889 2334 uti
905 2292 1048 2332 didicit.
1110 2289 1290 2343 Expensa
1307 2291 1353 2331 ad
1372 2291 1560 2331 bilancem
1576 2287 1788 2342 potentia,
1812 2288 1883 2328 etsi

66 2358 157 2397 lanx
177 2367 252 2395 una
271 2355 447 2395 deorsum
467 2364 625 2406 vergat,
653 2354 770 2393 altera
796 2355 835 2393 in
853 2353 940 2394 aere
959 2352 1132 2405 suspensa
1160 2353 1300 2391 haereat
1314 2381 1326 2400 ‚
1358 2351 1456 2390 hanc
1474 2361 1600 2391 tamen
1619 2350 1680 2390 illa
1704 2350 1883 2400 aequabit9

71 2426 136 2455 aut
150 2420 282 2457 vincet
303 2415 440 2463 etiam,
472 2414 502 2454 fi
517 2415 583 2454 vel
603 2415 714 2453 unica
736 2413 949 2465 prudentiae
979 2411 1017 2452 &
1044 2410 1278 2454 fortitudinis
1311 2411 1490 2450 drachma
1515 2410 1728 2460 accesserit,
1759 2419 1824 2448 aut
1855 2407 1884 2448 si

72 2477 114 2515 in
133 2476 194 2514 illa
222 2474 341 2524 maj0r
372 2474 530 2514 ambitio
556 2472 675 2512 fuerit
703 2472 740 2513 δι
765 2475 945 2523 tyrannis.
1004 2472 1083 2524 Qui
1107 2484 1195 2512 curn
1214 2474 1292 2511 hoc
1317 2471 1412 2511 orbe
1431 2471 1540 2511 altius
1560 2471 1753 2510 fortunam
1780 2469 1881 2508 suam

78 2537 322 2583 extulerunt,
355 2536 468 2585 eique
497 2532 681 2572 dominati
705 2532 789 2572 sunt
816 2534 952 2584 exigua
972 2528 1140 2571 habuere
1170 2532 1366 2584 principia.
1428 2530 1655 2583 Amplitudo
1677 2527 1882 2569 Austriacae

73 2591 213 2634 domus
235 2595 443 2634 multorum
467 2593 685 2632 concitabat
704 2593 984 2631 aemulationem
998 2621 1010 2639 ,
1042 2590 1079 2628 δε
1102 2591 1366 2643 conspirabant
1383 2601 1516 2629 omnes
1530 2619 1541 2637 ,
1571 2600 1614 2628 ut
1634 2588 1796 2628 eandem
1815 2586 1881 2625 dea

74 2656 305 2708 primerent‚
334 2666 407 2692 nec
426 2654 602 2703 cuiquam
625 2654 663 2692 in
688 2662 858 2692 mentem
889 2660 981 2690 tunc
1009 2650 1191 2689 veniebat
1217 2651 1385 2697 Sueciae,
1416 2661 1499 2700 quae
1529 2648 1772 2688 Germaniam
1811 2647 1882 2685 ser-

75 2716 202 2753 vitute
228 2712 448 2764 oppreffura
473 2711 585 2759 eiset,
616 2711 654 2751 &
675 2711 778 2751 forte
806 2713 918 2751 etiam
946 2706 1183 2762 oppressisset
1207 2709 1371 2756 Italiam,
1400 2709 1469 2749 nisi
1502 2720 1605 2748 mors
1630 2707 1745 2760 ipsius
1767 2706 1885 2758 Regis

77 2771 344 2815 interceffiss'et.
408 2771 635 2811 Metuendae
651 2774 766 2824 magis
784 2772 867 2811 sunt
890 2770 1096 2823 potentiae,
1129 2782 1213 2821 quae
1236 2768 1404 2807 crescere
1429 2770 1636 2820 incipiunt,
1666 2766 1780 2818 quarn
1799 2778 1884 2817 quae

78 2833 199 2873 auti-<⁷2
222 2834 295 2884 jam
317 2832 420 2878 sunt;
451 2833 488 2870 in
515 2832 571 2870 his
594 2843 759 2882 namque
787 2830 993 2871 earundem
1014 2830 1206 2869 inclinatio
1228 2830 1405 2868 naturalis
1438 2827 1512 2876 est,
1542 2828 1637 2867 ficut
1661 2828 1699 2867 in
1725 2827 1794 2865 illis
1824 2837 1883 2864 ea-

77 2893 241 2935 rundem
258 2894 554 2931 incrementum:
584 2891 666 2930 haec
682 2903 769 2931 cum
787 2889 1055 2942 tranquillitate
1071 2889 1224 2940 publica
1241 2886 1465 2928 conservare
1484 2888 1520 2927 se
1536 2886 1706 2934 student;
1735 2887 1806 2925 illae
1821 2897 1885 2924 ve-

77 2953 123 2994 rb
150 2965 236 2992 cum
255 2953 462 2991 alienorum
482 2950 746 2989 dominatuum
764 2951 1054 3002 perturbatione
1073 2949 1180 2988 altius
1201 2946 1274 2987 sese
1293 2948 1435 2998 erigere
1452 2947 1706 2987 contendunt,
1768 2944 1883 2993 Esto,

81 3025 157 3052 una
186 3014 308 3063 aliqua
332 3011 505 3063 potentia
540 3011 578 3049 in
603 3010 640 3048 se
667 3010 828 3049 validior
851 3010 915 3058 fit,
948 3020 1061 3059 quam
1088 3010 1178 3056 alia,
1209 3019 1288 3047 non
1314 3007 1402 3046 ideo
1433 3005 1514 3046 haec
1534 3010 1656 3047 minus
1671 3005 1780 3045 fortis
1802 3002 1884 3052 est,

86 3085 199 3124 quam
221 3074 281 3111 illa
299 3071 345 3110 ad
367 3070 552 3110 tuendum
573 3069 609 3109 se
633 3069 669 3108 δε
695 3069 1009 3110 conservandum.
1071 3067 1226 3107 Planeta
1255 3069 1385 3117 aliquis
1408 3069 1445 3107 in
1470 3067 1589 3120 domo
1617 3065 1678 3104 sua
1703 3067 1788 3115 plus
1809 3064 1886 3102 effi-

86 3132 254 3170 cacitatis
272 3132 407 3179 habet,
438 3129 551 3181 quam
579 3130 671 3169 alius
696 3130 735 3168 in
764 3130 827 3169 sua
854 3129 1098 3169 exaltatione.
1160 3126 1252 3166 Nec
1278 3127 1433 3166 timores
1457 3125 1513 3166 isti
1543 3126 1726 3177 potentiae
1752 3124 1887 3162 vicinae

85 3191 170 3229 veri
197 3190 279 3230 sunt
303 3192 450 3245 semper
475 3202 520 3230 ac
543 3190 664 3237 certi,
693 3188 924 3239 quinimmo
944 3199 1022 3228 non
1042 3187 1127 3226 raro
1153 3188 1190 3226 in
1216 3187 1416 3227 utilitatem
1439 3185 1652 3225 redundant
1679 3184 1885 3235 propriam.

88 3249 235 3290 Timuit
264 3251 367 3290 ltalia
390 3280 403 3300 ,
433 3262 483 3291 ne
509 3249 612 3290 forte
641 3249 687 3288 ab
710 3247 928 3289 Occidente
951 3248 1140 3287 servitutis
1161 3248 1293 3302 jugum
1324 3247 1392 3287 sibi
1420 3248 1702 3298 imponeretur,
1732 3241 1886 3295 quando

905 3306 944 3346 V
969 3318 993 3346 v
1008 3318 1035 3346 v
1053 3317 1078 3345 v
1809 3301 1884 3341 (ἔοι
