2132 3730
264 237 353 286 236
717 231 1061 273 DJDAC]
1124 226 1665 277 SAAVEDKRAE

262 317 451 358 inferioris
475 316 548 363 est,
579 314 779 365 superioris
804 314 897 354 illud
924 314 1136 356 admittere.
1195 314 1306 357 Nihil
1331 317 1563 368 Principatui
1591 319 1707 370 magis
1725 320 1950 370 proprium,
1979 319 2071 358 nihil
2124 350 2126 357 .

261 375 510 419 necessarium
527 375 673 427 magis,
704 371 818 425 quam
835 374 1062 415 consultatio
1080 405 1093 424 ,
1124 374 1163 415 &
1186 379 1381 417 executio.
1441 377 1566 429 Digna
1593 380 1704 417 arcion
1727 390 1764 416 es
1800 376 1957 431 (ajebat
1985 377 2074 416 Rex
2126 397 2127 400 ¹

261 436 480 489 Alphpnsus
499 432 740 473 Undecimus
772 435 811 473 in
830 433 1006 475 Comitiis
1028 433 1363 492 Madritensibus)
1392 436 1482 476 dela
1500 437 1594 477 Real
1620 434 1888 489 nmgnificentia,
1918 445 2015 477 tener
2020 433 2075 486 fie-
2125 462 2126 478 i

256 493 377 550 gunfic
399 493 499 534 loable
519 490 701 547 costumbro
714 506 863 534 varones
887 494 928 534 de
961 492 1087 550 Confi’jo
1100 507 1197 535 cerea
1212 494 1253 534 de
1257 496 1296 549 si
1301 528 1312 544 ,
1341 498 1356 536 i
1371 496 1518 536 ardenar
1531 495 1630 536 tedas
1649 497 1701 536 Ias
1719 493 1807 547 cosas
1826 494 1965 549 porfito
1989 496 2075 536 Con-
2095 540 2098 542 ,
2124 537 2125 540 ¹

248 557 358 610 Jejos,
379 552 553 606 porquefi
570 551 645 594 todo
669 555 782 595 Home
799 552 877 594 debe
896 555 1063 609 trabajar
1085 554 1126 594 de
1149 567 1240 594 aver
1275 553 1481 610 Consejeros,
1509 558 1622 596 mucha
1645 570 1719 596 mas
1749 556 1778 595 lo
1809 555 1889 596 debe
1902 556 2018 607 jazer
2047 554 2078 594 el

258 617 348 667 Rey.
405 612 483 653 Res
502 610 576 667 est,
603 626 681 667 quae
707 614 853 666 regalem
875 612 1156 667 magnificentiam
1176 617 1331 666 apprime
1356 614 1469 665 decet,
1497 615 1682 669 prudentes
1700 613 1837 667 semper
1864 616 2076 669 confiliarios‚
2123 608 2124 628 ³

258 676 312 715 uti
329 685 398 712 mos
403 668 488 723 stme
502 672 683 713 laudabilis
700 673 849 723 obtinet,
878 676 913 714 in
941 677 1101 715 comitatu
1125 674 1273 724 babere,
1299 675 1465 728 nihilque,
1489 677 1526 715 ni
1538 688 1549 712 ι
1575 676 1619 715 iis
1633 671 1808 723 consultis,
1826 674 1978 727 aggredi„
2037 674 2077 714 Si

256 735 343 774 em'm
363 733 473 773 aliena
489 731 619 784 corfilia
633 735 746 773 cuivis
765 734 887 775 homini
908 733 1092 786 expetenda
1097 731 1205 786 sunt,
1231 741 1322 774 certe
1337 736 1409 786 regi
1428 734 1612 790 ssudprae
1624 736 1763 775 fateris
1783 734 1933 774 manibus
1967 736 2078 775 'naxi-

255 807 306 833 me
331 795 499 834 convenit.
559 793 759 845 Quilibet,
791 795 904 833 etiam
929 806 1126 847 ignorans,
1156 793 1366 834 Consilium
1384 793 1475 833 dare
1506 794 1660 847 potest3
1690 804 1728 833 at
1754 793 1857 833 bene
1882 792 2046 834 statuere
2062 823 2076 843 ,

255 853 356 893 solus
377 852 456 907 (a)
480 852 660 905 prudens.
719 851 789 892 Nil
814 855 1017 906 quicquam
1038 854 1088 894 de
1107 851 1226 907 gloria
1251 854 1437 906 Principis
1453 853 1635 904 decedit,
1666 855 1731 907 qui
1754 853 1969 893 consultare
2001 866 2077 893 no-

254 916 378 962 verit,
411 913 450 953 &
467 914 628 965 eligere:
658 912 754 953 Bene
771 915 857 953 enirn
880 913 973 967 quod
984 927 1057 954 cum
1075 913 1191 970 vestro
1206 912 1329 966 confilio
1338 912 1461 965 fuerit
1476 913 1672 955 ordinatum
1709 913 1901 965 (dicebat
1923 915 1962 953 in
1991 911 2080 965 lege
2120 923 2121 930 ¹

256 973 420 1026 quadam
441 971 686 1012 Theodosius
708 972 953 1027 Imperator)
985 973 1055 1028 (h)
1084 974 1124 1014 id
1137 973 1189 1014 ad
1205 973 1445 1014 beatitudinem
1466 971 1574 1027 ncfi‘ri
1594 976 1745 1026 imperii,
1774 972 1826 1019 ἐξ)
1850 972 1903 1012 ad
1926 972 2077 1028 nostram
2130 990 2132 1013 :

249 1034 395 1087 gloriam
421 1030 616 1073 redundare
632 1032 801 1073 arbitror.
861 1032 1062 1087 Triumphi
1085 1034 1276 1086 Scipionis
1293 1033 1463 1074 Africani
1476 1045 1557 1073 non
1579 1034 1754 1082 aliunde,
1783 1031 1897 1084 quam
1923 1031 1945 1072 'a
1969 1031 2074 1072 Con-
2118 1056 2132 1066 r«

253 1093 341 1133 filiis
358 1091 438 1144 Caji
456 1091 563 1131 Laelii
582 1091 751 1144 proferri
775 1094 881 1143 sunt,
911 1094 1013 1134 unde
1038 1094 1113 1134 dici
1133 1095 1300 1142 solebat3
1330 1095 1433 1134 hunc
1469 1094 1737 1142 conscribere,
1765 1092 1989 1144 Scipionem
2006 1104 2075 1134 ve·
2118 1087 2132 1138 Γ

251 1152 298 1192 τὸ
319 1151 505 1192 exhibere
532 1150 794 1192 Comoediam:
823 1165 951 1205 neque
975 1165 1103 1194 tamen
1126 1154 1205 1194 hoc
1229 1155 1349 1206 ipsum
1369 1153 1611 1206 splendorem
1639 1152 1751 1193 famae
1770 1151 1870 1192 illius
1891 1154 1971 1192 ullo
1989 1163 2074 1191 mo-

253 1211 307 1252 do
332 1212 573 1261 obscuravit,
601 1224 730 1264 neque
751 1211 858 1253 reete
882 1213 920 1253 ὅτ
945 1226 1033 1254 cum
1052 1213 1165 1253 laude
1185 1213 1284 1254 adeo
1304 1213 1497 1254 saelorum
1529 1214 1648 1266 gloria
1664 1213 1785 1254 Laelio
1809 1210 2072 1264 ascriptafuit.

251 1271 333 1312 Res
360 1281 443 1312 tota
461 1273 499 1312 in
518 1284 568 1313 eo
588 1271 784 1325 praecipue
800 1273 971 1313 consistit
984 1304 997 1323 ‚
1025 1284 1069 1314 ut
1087 1271 1193 1316 reete
1218 1286 1287 1326 per
1305 1274 1549 1326 semetipsum
1572 1272 1814 1313 Comoediam
1832 1272 2076 1324 repraesenta-

251 1344 294 1371 re
319 1331 501 1384 Princeps
517 1333 698 1379 noverit,
726 1345 855 1385 neque
867 1332 1043 1374 Minister
1056 1333 1129 1383 fit,
1161 1335 1226 1384 qui
1243 1333 1343 1374 illam
1366 1333 1634 1386 &componat
1650 1334 1687 1373 &
1713 1333 1906 1373 exhibeat.
1966 1329 2075 1370 Nam
2116 1356 2118 1383 ἓ

252 1391 324 1432 etsi
343 1391 553 1432 Consiliarii
570 1391 643 1431 fint
660 1393 762 1431 oculi
780 1392 983 1445 Principis,
1014 1394 1136 1445 ipsum
1152 1403 1280 1433 tamen
1308 1393 1407 1433 adeo
1432 1405 1581 1433 coecum
1609 1392 1683 1432 ess'e
1707 1405 1787 1432 non
1814 1399 2001 1444 oportet,
2031 1399 2077 1430 ut
2115 1385 2118 1439 J

252 1452 399 1503 absque
417 1453 462 1491 iis
488 1452 640 1504 prorsus
660 1451 795 1491 videre
813 1463 1001 1504 nequeat:
1030 1454 1107 1493 hoc
1136 1454 1240 1493 enim
1258 1450 1352 1493 effet
1377 1464 1487 1492 coeco
1522 1453 1690 1504 quodam
1715 1451 1838 1492 modo
1865 1453 2075 1502 imperare,
2114 1444 2117 1476 ,¹

251 1511 291 1551 &
315 1510 498 1563 Princeps
523 1510 625 1563 apud
641 1523 776 1551 omnes
794 1511 881 1552 suos
894 1514 930 1551 in
949 1522 1216 1565 contemptum
1240 1513 1405 1557 veniret.
1462 1512 1606 1552 Lucius
1629 1512 1875 1562 Torquatus,
1906 1511 2077 1559 tertium,

251 1569 400 1611 eleetus
433 1571 600 1619 Consul,
630 1572 832 1611 oculorum
862 1572 1164 1612 imbecillitatem
1199 1572 1419 1620 excusavit,
1449 1571 1535 1625 (c)
1567 1570 1741 1623 indignum
1767 1568 1846 1623 effi,
1876 1571 2074 1621 inquiens,

249 1630 506 1682 Rempublicam
516 1661 530 1680 ‚
557 1629 609 1674 &⁹
629 1627 805 1680 fortunas
832 1630 972 1671 Civium
999 1634 1030 1671 ei
1058 1633 1243 1680 committi,
1275 1634 1336 1685 qui
1362 1631 1482 1671 alienis
1509 1631 1610 1671 oculis
1632 1633 1687 1670 uti
1716 1629 1926 1669 crederetur.
1986 1628 2078 1668 Rex

250 1687 283 1729 F
284 1688 515 1730 erdinandus
535 1688 760 1728 Catholicus
777 1688 997 1737 dictitabat,
1025 1690 1197 1744 Legatos
1208 1688 1284 1730 effe
1303 1690 1487 1742 Principis
1511 1689 1671 1737 oculos;
1699 1702 1789 1729 eum
1807 1699 1937 1729 tamen
1949 1688 2076 1728 miser-

248 1750 389 1789 rimum
405 1748 518 1799 fore,
550 1749 614 1799 qui
632 1759 712 1788 non
733 1748 803 1789 nisi
820 1750 863 1789 iis
891 1749 977 1790 solis
997 1758 1184 1791 cerneret.
1247 1748 1347 1790 Non
1364 1751 1628 1790 concredebat
1650 1751 1778 1790 omnia
1807 1747 1991 1788 Ministris
2001 1747 2077 1787 suis

249 1821 410 1862 magnus
426 1809 490 1849 ille
512 1807 717 1853 Ponticus.
743 1820 814 1862 per
831 1820 901 1849 eos
925 1809 1085 1850 videbat
1108 1810 1286 1862 quidem,
1316 1810 1384 1851 sed
1401 1821 1530 1851 tamen
1553 1820 1734 1862 tanquam
1750 1820 1821 1862 per
1840 1809 2072 1861 conspicilia‚

247 1868 438 1921 ponendo
459 1868 545 1908 illos
569 1878 659 1908 ante
680 1869 738 1917 se,
769 1868 808 1908 &
834 1871 971 1909 oculos
1002 1870 1089 1910 suos
1115 1872 1295 1922 proprios
1326 1870 1462 1911 iisdem
1491 1869 1735 1923 applicando,
1798 1868 1838 1908 Si
1861 1867 2074 1908 Confiliarii

249 1927 578 1976 animadvertant,
605 1939 727 1980 penes
762 1927 799 1966 se
824 1940 950 1968 rerum
978 1928 1275 1969 decidendarum
1310 1928 1386 1969 effe
1421 1930 1641 1978 arbitrium,
1671 1929 1909 1980 detorquent
1937 1940 2001 1968 eas
2024 1927 2075 1967 ad

247 1989 425 2041 privatos
442 1988 530 2028 suos
550 1985 667 2034 fines,
699 1985 740 2025 &
763 1988 960 2028 crescente
981 1990 1191 2028 ambitione
1210 2017 1223 2038 ,
1252 1990 1290 2029 in
1305 1988 1473 2028 diversas
1496 1990 1639 2028 abeunt
1668 1986 1880 2037 faetiones‚
1909 1999 2071 2039 unoque

250 2059 390 2088 eorum
413 2048 628 2099 supremam
650 2045 752 2085 illam
779 2046 1010 2098 potestatem
1031 2048 1098 2088 fibi
1128 2059 1349 2102 arrogante,
1380 2061 1493 2099 quarn
1524 2047 1706 2100 Princeps
1741 2049 1922 2099 ignavus,
1952 2047 1991 2087 δε
2025 2047 2075 2086 ad

247 2109 408 2160 negotia
432 2105 628 2146 tra&anda
654 2105 858 2145 inidoneus
894 2108 964 2146 illis
992 2109 1191 2160 permittit.
1254 2107 1469 2148 Miscentur
1504 2108 1543 2147 δι
1567 2108 1839 2159 perturbantur
1863 2108 2013 2156 omnia,
2044 2106 2074 2147 fi

250 2165 465 2207 Confiliarii
494 2167 580 2218 plus
604 2164 680 2205 effe
699 2166 852 2214 velint,
871 2166 985 2217 quam
1003 2167 1165 2219 speculae
1196 2167 1392 2218 quaedam,
1421 2179 1507 2218 quae
1532 2178 1657 2206 rerum
1684 2165 1944 2206 Horizontern
1969 2166 2075 2205 Prin-

251 2228 329 2278 cipi
350 2226 555 2279 detegant,
584 2234 628 2264 ut
650 2223 729 2277 ipse
750 2223 915 2265 statuere
935 2226 1075 2266 deinde
1091 2229 1129 2266 in
1154 2228 1199 2265 iis
1226 2227 1358 2279 poffit,
1388 2227 1426 2266 &
1457 2228 1597 2279 eligere
1629 2226 1850 2275 consilium,
1881 2225 1988 2277 quod
2017 2227 2074 2265 vi-
2131 2254 2132 2257 η

251 2286 405 2327 debitur
432 2287 637 2338 optimum.
694 2283 848 2324 Oculos
877 2287 912 2325 ei
940 2286 1094 2326 Natura
1124 2286 1247 2335 dedit,
1279 2287 1317 2326 &
1347 2286 1375 2326 si
1405 2288 1613 2338 unicuique
1639 2284 1820 2326 Ministro
1837 2285 1922 2325 suus
1942 2283 2074 2325 affistat

250 2347 447 2399 Angelus,
474 2357 542 2385 cor
563 2345 681 2398 Regis
702 2345 800 2384 verb
833 2346 911 2397 ipse
930 2358 1089 2398 quoque
1110 2346 1223 2386 Deus
1241 2356 1427 2398 praeterea
1456 2346 1698 2394 moderatur,
1726 2344 1808 2399 (d)
1837 2344 1959 2384 dubio
1981 2357 2073 2396 pro-

251 2407 316 2447 cul
334 2407 449 2446 etiam
478 2404 601 2446 visum
622 2404 701 2456 ejus
717 2404 896 2456 dirigent,
925 2406 964 2445 δε
987 2408 1185 2446 clariorem
1202 2405 1600 2458 perspicacioremque
1628 2406 1821 2454 efficient,
1851 2402 1966 2456 quam
1991 2403 2074 2445 Mi-

250 2464 468 2508 nistrorum.
529 2464 618 2504 Rex
640 2465 838 2516 Philippus
856 2464 1057 2505 Secundus
1080 2467 1246 2506 animum
1272 2466 1464 2507 interdum
1490 2466 1538 2506 ad
1560 2467 1599 2506 se
1615 2465 1849 2513 revocabat,
1879 2473 1923 2503 ut
1947 2464 2073 2505 dene-

251 2527 365 2580 gotiis
388 2525 474 2578 ipse
499 2525 628 2565 secum
643 2523 886 2575 disquireret,
916 2524 955 2564 δε
972 2525 1064 2565 Deo
1090 2526 1166 2566 sese
1183 2524 1298 2566 enixe
1313 2526 1607 2575 commendans,
1636 2525 1730 2565 illud
1744 2523 2071 2577 amplectebatur,

252 2585 361 2640 quod
380 2584 449 2626 fibi
464 2595 548 2626 turn
585 2593 826 2633 occurreret,
854 2583 946 2624 licet
975 2587 1082 2625 aliter
1110 2585 1294 2626 Ministris
1317 2586 1396 2637 ejus
1414 2586 1637 2635 videretur,
1670 2585 1709 2624 ὅτ.
1727 2586 1956 2637 plerumque
1975 2596 2069 2624 eve-

251 2646 383 2688 niebat
400 2645 575 2685 feliciter.
637 2643 736 2685 Non
752 2642 905 2696 poffunt
926 2643 1136 2686 Consiliarii
1158 2646 1308 2698 semper
1331 2647 1475 2686 haerere
1505 2647 1612 2686 lateri
1638 2645 1843 2697 Principis,
1872 2657 1932 2684 nec
1963 2646 2073 2684 omnia

251 2704 380 2757 consilia
396 2706 525 2745 curaris
537 2701 764 2757 proesentibus
786 2705 961 2754 trauan,
981 2707 1073 2746 ratio
1092 2719 1231 2756 rerum,
1260 2713 1321 2746 aut
1338 2705 1534 2747 occasionum
1558 2706 1718 2746 velocitas
1746 2707 1917 2758 patitur3
1949 2703 2012 2743 sed
2033 2705 2072 2743 in

253 2762 368 2806 arena
390 2764 619 2816 capiendum
642 2763 835 2804 interdum
854 2763 1084 2814 Consilium,
1116 2765 1155 2806 &
1179 2764 1419 2806 statuendum
1460 2777 1509 2806 ex
1525 2775 1717 2817 tempore.
1808 2761 1907 2804 Non
1925 2763 2070 2802 habent

253 2824 434 2866 mandata
461 2823 750 2874 auftoritatem,
779 2833 823 2863 ut
844 2837 912 2876 par
946 2823 1026 2875 est,
1057 2826 1085 2866 fi
1116 2824 1265 2867 constet
1290 2825 1508 2878 Principem
1548 2837 1593 2866 ea
1621 2827 1819 2878 accipere,
1857 2835 1936 2863 non
1959 2821 2072 2863 dare:

252 2884 419 2926 statuere
443 2885 571 2923 omnia
589 2886 735 2937 absque
766 2884 926 2925 consilio
950 2886 1178 2939 praesumpta
1192 2887 1385 2926 temeritas
1412 2885 1484 2926 est:
1514 2885 1552 2926 &
1575 2887 1704 2926 omnia
1719 2884 1857 2934 exequi
1881 2893 1933 2921 ex
1949 2880 2071 2923 aliena

252 2942 459 2992 sententia,
489 2944 665 2994 ignorans
686 2945 859 2985 servitus.
924 2944 1046 2986 Penes
1074 2957 1185 2994 eum,
1212 2947 1277 2996 qui
1304 2948 1489 2998 imperat,
1528 2946 1722 2986 arbitrium
1749 2942 1823 2983 ess'e
1856 2941 1974 2982 debet
1999 2944 2070 2983 im-

253 3003 449 3054 mutandi,
477 3002 696 3054 adjiciendi,
726 3014 792 3045 aut
822 3004 1017 3057 rejiciendi
1044 3008 1198 3058 penitus
1223 3005 1287 3055 id,
1316 3005 1422 3059 quod
1453 3006 1504 3046 illi
1541 3004 1707 3045 Ministri
1728 3001 1940 3044 consulunt.
2013 3002 2067 3043 Et
2128 3037 2132 3058 ἱ

254 3065 430 3119 proderit
452 3062 644 3104 interdum
665 3063 839 3118 quaedam
860 3077 929 3106 eos
963 3066 1097 3106 caelare
1117 3064 1314 3116 mysteria,
1344 3078 1388 3106 ac
1411 3065 1566 3113 fallere3
1594 3067 1652 3106 uti
1672 3062 1838 3105 faciebat
1859 3062 1961 3102 idem
1978 3062 2069 3103 Rex
2092 3098 2094 3101 .
2127 3064 2132 3078 ²

1979 3121 2068 3162 Phi-
2092 3126 2094 3176 ξ

361 3208 419 3252 (a)
446 3203 593 3257 Astutus
612 3205 726 3241 omria
749 3208 829 3258 agit
860 3218 937 3243 cum
950 3205 1091 3257 confilio.
1118 3207 1318 3253 Prov.,13.
1351 3218 1406 3251 15.
1482 3206 1544 3253 (b)
1571 3206 1613 3241 L.
1644 3205 1841 3240 humanum
1863 3203 1907 3240 C.
1926 3204 1973 3239 vde
1993 3203 2065 3252 leg.
2092 3203 2093 3206 ’

254 3258 315 3302 (c)
337 3256 411 3293 Tit.
430 3257 512 3295 Liv.
534 3258 558 3294 1.
584 3260 645 3293 26.
699 3258 757 3302 (c)
786 3261 956 3310 CorRegis
975 3261 1014 3296 in
1036 3271 1146 3295 manu
1161 3259 1307 3298 Domini
1313 3274 1325 3297 .·
1349 3270 1542 3311 quocunque
1563 3254 1736 3299 voluerit,
1763 3253 1953 3296 inelinabit
1968 3253 2066 3295 idad.
2091 3264 2092 3291 1

253 3305 366 3347 Prov.
392 3321 454 3346 21.
476 3324 539 3350 21.
563 3320 594 3350 1.
648 3309 716 3360 (d)
738 3311 855 3349 Tacit.
881 3312 942 3351 lib.
966 3324 997 3350 ι.
1018 3310 1109 3350 Hist.
2090 3306 2091 3333 ³
