2132 3730
268 275 358 320 224
766 255 1116 299 DJDACJ
1169 255 1705 301 SAAVEDRAE

266 349 373 388 natio
393 343 613 397 dependere
638 340 784 390 debet,
819 340 857 380 &
871 340 964 380 salus
978 341 1155 392 publica,
1184 352 1265 381 non
1282 350 1440 393 oportet
1458 352 1539 380 rem
1560 350 1703 383 tantam
1723 341 1980 383 incertitudini
2003 341 2077 381 sor·
2109 347 2112 355 ¹

266 410 314 447 tis
335 407 576 446 committere
594 430 607 450 ,
640 399 704 440 sed
722 399 873 453 praestat
892 430 904 449 ,
934 409 977 440 ut
998 399 1196 440 eleetionis
1215 413 1377 442 examen
1402 402 1463 441 ille
1493 402 1651 441 subeat:
1681 402 1773 442 illud
1795 404 1895 443 enim
1916 413 1989 453 pro
2012 413 2079 441 ex-
2110 403 2112 454 ξ

264 469 416 520 plorato
436 459 657 502 habendum
670 490 683 509 ‚
710 459 789 515 (a)
797 458 893 512 sorte
906 489 917 508 ‚
947 459 1105 505 &amm
1120 472 1230 500 mores
1253 474 1318 501 non
1345 459 1485 512 discerni
1503 474 1516 499 ¹:
1534 458 1714 516 sifffagia
1732 461 1783 506 &³
1804 461 2079 517 existimationem
2110 461 2112 502 Ε

264 526 412 566 Selmfus
427 528 588 573 reperta,
620 528 660 560 ut
681 523 717 561 in
750 522 912 576 cujusque
932 523 1045 561 vitam
1058 518 1265 574 famamque
1285 528 1523 571 penetrarent.
1585 521 1636 562 Et
1663 521 1812 562 tametsi
1831 521 2078 562 consiliorum
2110 551 2112 564 2

266 583 559 624 deliberationes
577 582 807 634 plerumque
835 581 1060 620 utilitatibus
1075 611 1087 630 ‚
1119 581 1157 621 &
1178 581 1397 620 commodis
1415 581 1575 632 privatis
1603 584 1731 622 omnia
1750 583 1874 622 metiri
1895 580 2038 623 soleant
2064 610 2077 629 ,
2109 618 2110 625 ,

261 643 406 697 poterit
424 671 438 692 ,
467 652 597 681 tamen
613 640 795 693 Princeps
821 640 965 681 bonam
983 639 1113 681 facere
1138 640 1367 681 elerstionem
1384 669 1398 689 ‚
1428 640 1457 680 fi
1477 641 1626 681 secreto
1665 643 1830 692 inquirat
1852 643 1891 682 in
1913 653 2049 681 eorum
2066 669 2079 689 ‚
2109 636 2110 690 ᾖ

262 704 327 755 qui
356 709 629 755 proponuntur
642 731 655 750 ,
684 702 849 740 virtutes
866 713 912 740 ac
926 699 1039 740 dotes
1056 732 1069 750 ,
1099 703 1154 740 uti
1172 701 1208 740 &
1228 703 1265 740 in
1284 699 1401 750 fines,
1431 700 1570 752 quibus
1589 701 1752 753 persuasi
1767 701 1977 742 Confiliarii
1988 712 2079 751 pro·
2108 723 2111 755 f

261 772 392 803 motos
418 763 503 802 illos
521 762 690 813 cupiant.
749 759 857 801 Nam
876 761 903 800 si
926 772 1035 801 coeco
1065 760 1235 813 quodam
1264 760 1387 800 modo
1407 772 1545 801 omnes
1568 761 1868 802 consultationes
1896 762 2078 812 Princeps
2108 787 2111 798 -s

261 823 455 876 approbet
474 852 487 872 ,
516 819 629 862 facile
648 819 777 861 isthaec
796 820 1000 860 nascuntur
1022 820 1272 862 incommoda
1294 835 1307 870 ‚-
1338 829 1377 860 at
1398 819 1426 859 sl
1450 850 1463 869 ,
1494 821 1558 872 qui
1585 819 1607 860 ὲ
1635 821 1799 861 consiliis
1827 821 1910 860 sunt
1928 850 1941 870 ,
1970 820 2079 859 vide·
2108 815 2132 858 ³2

260 893 325 923 ant
344 913 357 933 ,
390 881 497 934 quod
515 893 578 921 eas
600 881 648 922 ad
670 892 835 920 examen
854 890 1040 928 revocet,
1072 881 1258 934 quodque
1277 893 1357 921 non
1375 879 1522 932 semper
1541 880 1661 921 Viros
1679 881 1747 921 sibi
1766 881 1989 934 propositos
2010 879 2073 919 ad-
2108 931 2110 933 ι
2127 900 2132 921 4

259 946 386 983 mittat
403 942 452 982 ad
468 942 590 982 officia
611 972 623 990 ,
655 940 720 981 sed
741 939 836 980 alios
859 941 1039 981 meliores
1059 943 1202 996 eligat,
1230 953 1393 995 operam
1411 940 1505 981 dant
1519 969 1533 991 ,
1563 950 1606 981 ut
1637 943 1853 991 maturiori,
1881 953 1971 983 cum
1987 939 2080 980 deli·
2108 950 2132 995 31

260 1003 461 1044 beratione
479 1001 518 1043 &
535 1000 677 1042 restius
695 1013 741 1042 ea
765 1000 815 1041 de
836 1012 878 1041 re
897 999 1075 1043 statuant.
2108 1012 2110 1062 ζ
2130 1017 2132 1054 3

639 1173 1440 1243 SYMBOLUM
1521 1172 1713 1242 LIII.

384 2647 540 2692 Heliani
570 2646 825 2693 ministrorum
858 2649 1116 2706 integritatem
1138 2683 1149 2702 ,
1177 2663 1315 2693 eorum
1347 2651 1554 2705 pra-:sertim
1575 2684 1588 2703 ,
1616 2655 1680 2707 qui
1699 2651 1849 2706 justitiae
1869 2647 2033 2706 praesunt
2055 2683 2068 2702 ‚

414 2712 647 2762 symbolicos
665 2713 984 2765 repraesentabant
998 2726 1068 2766 per
1090 2712 1228 2753 statuas
1247 2714 1430 2766 quasdam
1449 2715 1622 2755 manibus
1631 2714 1829 2755 destitutas
1848 2728 1856 2753 z
1876 2712 1952 2754 istae
1968 2716 2069 2754 enim

415 2774 452 2812 in
471 2785 642 2826 pugnum
667 2773 875 2813 contratiae
900 2803 912 2823 ,
941 2776 1108 2814 avaritiae
1128 2775 1211 2814 sunt
1231 2773 1462 2824 Symbolum
1484 2805 1497 2824 ‚
1529 2774 1778 2828 ejusdemque
1795 2774 2037 2815 instrumenta
2057 2803 2068 2821 ‚
2127 2771 2132 2814 ,¹

253 2832 284 2873 si
305 2841 444 2885 apertae
462 2833 682 2872 muneribus
701 2844 869 2886 pateant.
929 2833 1035 2874 Idem
1063 2832 1161 2874 istud
1179 2835 1314 2874 hortus
1341 2834 1404 2874 hic
1423 2836 1544 2875 oculis
1559 2835 1706 2886 subjicit
1728 2865 1740 2883 ‚
1774 2832 1958 2888 dispositis
1978 2833 2069 2872 hinc
2124 2871 2127 2878 ,

255 2894 346 2932 inde
370 2892 419 2932 ad
441 2894 567 2945 capita
587 2895 734 2933 viarum
763 2893 892 2934 statui-s
911 2894 1056 2946 absque
1082 2896 1278 2943 manibus,
1309 2897 1440 2947 quales
1479 2895 1689 2935 hodiedum
1718 2897 1756 2935 in
1781 2894 1962 2934 viridariis
1984 2893 2067 2932 Ro·
2096 2941 2098 2944 Α

254 2955 376 2993 manis
393 2963 613 2993 cernuntur.
671 2951 764 2993 Nec
788 2955 874 2994 ullae
892 2955 1071 2995 meliores
1090 2953 1270 2995 custodiae
1288 2984 1301 3003 ‚
1332 2954 1446 3006 quam
1461 2954 1559 2996 istae:
1590 2955 1773 3008 siquidem
1797 2954 1916 2993 oculis
1932 2952 2066 2992 instru-
2123 2956 2132 3002 ²]

255 3013 327 3053 ἅτε
343 3013 446 3062 sunt,
474 3022 517 3051 ut
533 3010 649 3052 flores
675 3012 891 3054 custodiant
912 3013 950 3054 δε
972 3013 1148 3064 fructum
1176 3023 1215 3054 at
1233 3015 1395 3055 brachiis
1427 3025 1557 3056 carent
1572 3046 1584 3064 ‚
1615 3027 1665 3055 ne
1687 3014 1777 3065 quid
1796 3025 1932 3052 eorum
1950 3014 2066 3052 mani-
2122 3008 2132 3032 *¹

253 3073 327 3113 bus
349 3074 584 3124 contingant.
651 3073 772 3126 Quod
790 3073 997 3114 fiMinistri
1008 3074 1226 3114 statuarum
1245 3072 1396 3115 istarum
1410 3075 1530 3116 effent
1541 3075 1774 3122 consimiles,
1803 3075 1919 3126 magis
1939 3074 2067 3113 secura
2128 3100 2132 3107 .

255 3132 387 3174 forent
403 3134 531 3173 aeraria
549 3132 726 3185 publica,
740 3135 955 3187 meliorque
970 3135 1098 3187 pasfim
1117 3133 1210 3175 ess'et
1227 3134 1464 3187 gubernandi
1484 3137 1601 3184 ratio,
1631 3129 1835 3186 praesertim
1855 3134 1893 3174 in
1912 3132 2065 3172 Rebus·

1286 3310 1797 3327 —Q—-m——u-——n-d———n

257 3312 770 3381 W
