2132 3730
165 308 253 353 '402
582 298 1522 344 DIDACJSAAVEDRAE

161 386 313 425 niorum
331 383 641 435 perturbatione:
673 393 800 433 neque
823 384 923 422 enim
943 382 1077 422 formae
1097 395 1212 423 novae
1237 385 1382 438 absque
1400 387 1551 426 aliarum
1586 389 1741 427 interitu
1773 387 1965 428 introduci

160 445 300 491 solent‚·
330 453 495 492 cumque
513 442 690 481 alterutra
713 440 735 480 e
762 441 909 482 duabus
927 444 995 482 illis
1011 440 1248 483 Nationibus
1266 446 1303 484 in
1324 445 1428 485 ltalia
1463 445 1698 486 admittenda
1724 447 1789 495 fit,
1822 458 1968 487 conve-

159 505 323 544 nientior
345 503 478 553 utique
495 512 566 554 pro
592 502 652 541 illa
676 502 746 540 erit
772 500 1000 553 Hispanica,
1033 501 1220 555 siquidem
1248 504 1369 543 ambae
1394 504 1471 545 istae
1500 507 1564 545 uni
1592 504 1797 559 eidemque
1817 507 1972 547 subsunt

159 563 328 608 Climati,
359 560 466 612 quod
493 572 555 600 eas
572 559 697 600 reddit
719 559 914 601 similiores
935 564 971 601 in
1002 560 1180 602 firmitate
1201 563 1432 615 Religionis,
1460 568 1497 603 in
1523 565 1968 618 observationejusti-tiae:

156 623 194 661 in
213 621 405 661 actionum
438 621 654 672 gravitate3
685 621 723 660 in
745 619 929 661 fidelitate
945 634 1032 674 erga
1061 622 1148 662 suos
1172 622 1387 675 Principes,
1416 625 1454 663 in
1474 624 1681 666 constantia
1697 625 1971 678 promissorum

158 681 196 720 &
213 680 290 721 fide
312 680 494 732 publica,
525 682 563 720 in
583 678 768 720 modestia
799 683 1035 731 animorum,
1067 683 1224 735 aliisque
1253 683 1387 722 ritibus
1418 695 1463 723 ac
1488 683 1678 723 moribus:
1707 696 1791 727 tum
1827 686 1970 734 etiam,

158 741 246 791 quia
263 741 351 779 Rex
366 739 558 792 Hispaniae
574 752 652 780 non
680 741 843 792 imperat
859 743 896 781 in
915 741 1020 782 Italia
1040 751 1220 794 tanquam
1240 752 1466 792 extraneus,
1496 742 1560 782 sed
1583 752 1762 795 tanquam
1788 744 1972 796 Princeps

155 800 292 849 Italus,
321 801 386 852 qui
400 800 491 839 nihil
509 801 546 840 in
570 801 670 839 illam
689 800 868 840 obtendit
890 801 990 841 aliud
1027 801 1141 854 quam
1162 812 1205 842 ut
1231 814 1275 842 ea
1295 803 1517 851 conservet,
1534 814 1632 857 „quae
1651 801 1752 853 justo
1769 807 1976 849 nunctitu÷

155 860 194 898 lo
213 859 396 911 poffidet,
428 861 575 911 quippe
594 861 659 911 qui
683 860 817 910 majori
838 873 925 901 cum
942 861 1071 901 Status
1093 864 1359 903 emolumento
1377 861 1648 903 Monarchiam
1666 860 1766 903 suam
1786 863 1973 903 extende·

153 930 196 958 re
221 920 331 971 pollit
349 931 417 971 per
440 918 653 959 vastiffimas
672 918 814 960 Africae
830 920 1062 962 Provincias.
1123 921 1238 962 Hanc
1262 921 1431 975 regulam
1453 922 1604 962 secutus
1621 920 1699 971 est,
1729 921 1769 963 δι
1793 922 1866 962 suis
1887 924 1970 963 reli—

154 980 237 1031 quit
258 978 542 1019 Succefforibus
554 979 640 1018 Rex
656 977 916 1021 Ferdinandus
934 981 1180 1030 catholicus,
1212 983 1367 1034 quando
1385 983 1558 1022 oblatum
1577 981 1645 1022 fibi
1665 983 1701 1021 in
1721 981 1826 1022 Italia
1846 982 1972 1034 Impe-

152 1041 287 1079 ratoris
311 1041 460 1080 titulum
487 1039 671 1092 generose
696 1040 859 1092 respuit,
889 1040 1064 1082 dicftitans
1082 1043 1173 1082 nihil
1191 1042 1227 1082 se
1243 1044 1280 1082 in
1296 1044 1357 1082 illa
1374 1054 1518 1094 cupere
1564 1040 1678 1092 quam
1697 1041 1804 1094 quod
1816 1042 1901 1093 jure
1918 1041 1969 1081 ad

151 1099 190 1138 se
212 1101 440 1152 pertineret,
472 1111 546 1139 nec
561 1098 701 1139 decere
715 1129 727 1148 ,
757 1110 800 1140 ut
824 1101 1032 1153 Imperialis
1051 1101 1212 1154 dignitas
1237 1104 1276 1142 in
1294 1111 1422 1154 partes
1440 1100 1675 1141 distrahatur.
1737 1099 1871 1141 Testes
1890 1100 1975 1152 ejus

151 1160 207 1198 rei
238 1159 320 1198 sunt
337 1168 396 1198 tot
422 1167 578 1211 tamque
610 1160 724 1199 variae
742 1158 921 1200 restitutae
937 1161 1076 1211 urbes,
1103 1163 1249 1214 absque
1267 1174 1316 1202 eo
1347 1160 1454 1214 quod
1470 1161 1559 1202 Rex
1579 1159 1773 1213 Hispaniae
1787 1161 1871 1214 jure
1887 1162 1973 1201 bel-

152 1216 177 1257 li
201 1217 238 1258 &
257 1217 572 1270 compensatione
591 1218 811 1271 sumptuum
832 1219 1138 1274 damnorumque
1161 1224 1217 1262 uti
1233 1224 1402 1263 voluerit
1419 1232 1483 1262 aut
1506 1234 1607 1261 arma
1631 1221 1777 1261 sumere
1802 1220 1829 1271 ζ
1839 1231 1977 1272 quam··

151 1277 217 1317 diu
239 1291 320 1318 non
340 1278 431 1318 ursit
452 1277 682 1334 necesiitas)
714 1279 796 1320 sive
810 1292 882 1333 pro
903 1279 1130 1323 defensione
1153 1283 1335 1335 propria,
1364 1282 1446 1322 five
1468 1295 1541 1335 pro
1557 1280 1678 1323 aliena
1711 1280 1974 1322 conservatioss

149 1349 220 1386 ne3
250 1339 306 1379 uti
326 1339 445 1391 reipsa
468 1341 618 1391 experti
637 1339 722 1379 sunt
741 1338 948 1381 Mantuani
964 1341 1113 1386 Duces.
1174 1342 1296 1397 Quod
1320 1342 1349 1382 si
1365 1342 1568 1394 aliquando
1587 1341 1872 1383 Nivernensem
1889 1341 1970 1379 bel-

148 1398 189 1437 lo
209 1396 395 1451 aggressus
427 1397 508 1448 est,
539 1411 620 1439 non
649 1399 741 1439 ideo
769 1398 936 1450 fanum,
967 1412 1010 1441 ut
1036 1401 1209 1443 Casalum
1234 1413 1466 1454 occuparet3
1498 1401 1827 1453 quemadmodum
1855 1398 1972 1441 male-

150 1458 232 1497 voli
252 1454 405 1508 quidam
432 1459 747 1510 interpretantur,
778 1458 844 1499 sed
866 1470 908 1498 ut
930 1460 1144 1511 Imperator
1169 1459 1348 1512 Justitiam
1375 1460 1630 1500 administrare
1659 1460 1784 1512 posset
1804 1462 1869 1508 iis,
1901 1459 1969 1509 qui

148 1516 208 1568 J'us
233 1517 389 1568 aliquod
424 1518 464 1556 in
488 1517 620 1559 Status
651 1518 737 1556 illos
771 1517 840 1557 fibi
869 1519 1149 1562 vendicabantx
1178 1518 1429 1569 Posteaquam
1461 1522 1562 1557 enim
1588 1519 1685 1558 Dux
1713 1518 1972 1560 Nivernensis

150 1587 221 1629 per
237 1575 511 1615 Marchionem
534 1575 831 1615 Mirabellanum
864 1576 996 1628 Regiae
1020 1575 1093 1616 suae
1111 1575 1322 1627 Majestatis
1339 1578 1497 1617 tutelam
1514 1577 1550 1618 δε
1570 1577 1791 1617 consensum
1808 1590 1880 1629 pro
1893 1589 1974 1617 ma·-

149 1636 332 1676 trimonio
356 1633 421 1674 filii
438 1634 491 1674 sui
507 1633 632 1674 Ducis
655 1634 844 1674 Ratellani
873 1646 960 1676 cum
986 1634 1163 1689 Principe
1181 1635 1308 1676 Maria
1328 1636 1493 1689 petiisset
1512 1667 1524 1687 ,
1554 1646 1760 1689 utrumque
1780 1639 1973 1684 obtinuit3

150 1694 215 1735 secl
243 1692 428 1735 confecto
452 1695 634 1747 negotio,
665 1691 880 1735 Madritum
897 1706 992 1735 mox
1020 1697 1243 1737 nunciatum
1266 1696 1340 1737 suit
1373 1696 1514 1737 artibus
1540 1697 1703 1738 Comitis
1727 1696 1875 1750 Estrigii
1906 1707 1971 1736 ce-

149 1757 338 1796 lebratum
360 1754 438 1807 Jam
479 1755 785 1803 matrimonium,
819 1754 1030 1796 Vincentio
1058 1754 1279 1797 Mantuano
1308 1757 1426 1796 Duce
1452 1758 1492 1797 in
1515 1759 1697 1798 extremis
1731 1756 1939 1798 constituto
1957 1784 1973 1803 ,

149 1815 253 1856 nulla
270 1816 375 1867 prius
395 1826 485 1854 cum
511 1815 575 1854 sua
594 1811 799 1865 Majestate
824 1825 868 1855 ea
894 1814 1004 1868 super
1023 1826 1064 1856 re
1077 1814 1178 1856 facta
1197 1818 1549 1858 communicatione
1563 1847 1576 1866 ,
1605 1827 1740 1857 contra
1758 1830 1802 1856 ac
1819 1818 1972 1869 Regem

150 1876 249 1916 inter
267 1875 305 1915 δι
333 1873 490 1915 Ducem
521 1882 769 1915 convenerat.
828 1873 948 1916 Unde
974 1877 1129 1917 novitas
1158 1874 1249 1926 ista,
1281 1888 1365 1928 quae
1396 1878 1589 1917 nonnullis
1615 1885 1863 1930 contemptus
1890 1877 1975 1927 qui·

152 1934 241 1975 dam
268 1933 306 1975 δε
324 1933 531 1974 diffidentia
559 1934 782 1982 videbatur,
813 1933 944 1976 tutelae
969 1938 1242 1977 executionem
1272 1935 1413 1977 distulit
1431 1937 1635 1991 imprimi3‚
1666 1937 1705 1977 &
1724 1938 1839 1977 novis
1867 1935 1974 1976 dein·

152 1995 203 2036 de
222 1993 564 2034 consultationibus
583 1995 707 2035 ansam
733 1993 840 2034 dedit
857 2024 869 2043 ,
898 1995 1037 2046 quibus
1056 1995 1107 2036 sic
1123 1996 1266 2046 visum,
1296 2005 1340 2036 ut
1368 2007 1461 2036 tunc
1491 1995 1647 2049 quidem
1676 1996 1750 2037 istis
1791 1996 1974 2037 omnibus

154 2053 383 2095 dillimulatis
401 2052 584 2093 effectum
604 2054 707 2094 suum
729 2056 849 2106 gratia
865 2054 1080 2103 sortiretur,
1112 2054 1149 2096 δε
1168 2055 1217 2095 de
1231 2055 1475 2096 matrimonio
1497 2058 1593 2096 inito
1609 2058 1886 2108 congratulatio
1905 2054 1975 2095 fie··

155 2123 227 2154 ret.
287 2112 437 2153 Verum
455 2125 544 2153 cum
562 2114 811 2154 Providentia
830 2113 959 2154 divina
984 2116 1129 2156 ruinam
1155 2116 1259 2155 urbis
1284 2115 1520 2167 Domusque
1535 2115 1761 2156 Mantuanae
1791 2117 1843 2155 ob
1866 2116 1974 2157 Prin·

155 2176 286 2226 cipum
308 2174 405 2213 illius
427 2174 544 2222 vitia,
576 2173 736 2213 &illusa
756 2173 888 2225 saepius
904 2176 1144 2214 matrimonia
1173 2175 1413 2227 disponeret,
1444 2175 1491 2215 ad
1508 2176 1675 2215 eundem
1706 2174 1818 2215 istum
1851 2172 1972 2215 finem

155 2242 321 2274 eventus
347 2245 482 2273 omnes
514 2232 723 2286 dirigebat3
753 2243 870 2286 atque
879 2233 978 2273 adeo
998 2233 1090 2274 dum
1109 2235 1190 2274 haec
1207 2236 1245 2275 in
1265 2233 1447 2287 Hispania
1463 2246 1706 2288 gererentur,
1735 2232 1974 2274 effecitCar-

154 2292 287 2334 dinalis
306 2293 502 2334 Richelius
514 2292 659 2344 juratus
676 2293 800 2333 Ducis
818 2291 1071 2334 Nivernenfis
1092 2292 1209 2335 hostis
1223 2326 1234 2344 ,
1266 2304 1309 2334 ut
1335 2296 1550 2347 opitulante
1571 2295 1638 2335 suo
1655 2296 1764 2348 Rege
1784 2294 1881 2334 Dux
1906 2291 1974 2334 Al-

155 2354 360 2406 lobrogum
377 2354 520 2394 bellum
532 2354 584 2393 illi
599 2353 758 2393 inferret
776 2365 849 2405 pro
874 2354 919 2393 iis
934 2352 1192 2406 occupandis,
1223 2353 1271 2393 ad
1288 2367 1372 2405 quae
1395 2356 1433 2393 in
1454 2353 1721 2394 Montferrato
1733 2354 1793 2403 jus
1810 2352 1969 2404 aliquod

155 2412 410 2456 obtendebat.
471 2415 524 2453 At
548 2412 644 2452 Dux
662 2414 724 2453 ille
749 2412 1020 2461 subodoratus,
1051 2413 1199 2453 nonnifi
1217 2416 1367 2452 inanem
1395 2413 1498 2452 hunc
1522 2413 1673 2453 titulum
1707 2411 1807 2461 esse,
1836 2412 1886 2451 ad
1917 2414 1974 2452 in-

155 2472 397 2514 troducenda
412 2474 450 2513 in
475 2472 618 2514 Italiam
639 2485 741 2512 arma
760 2471 974 2512 Gallica&
990 2472 1116 2511 media
1144 2474 1342 2523 utriusque
1374 2472 1497 2511 Ducis
1525 2474 1631 2526 ruina
1655 2470 1867 2525 augendam
1891 2470 1972 2512 Co·

155 2545 259 2572 ronae
277 2531 467 2572 Francicae
498 2532 809 2586 amplitudinem,
838 2543 919 2571 rem
945 2542 1102 2572 omnem
1121 2531 1320 2572 Gonsalvo
1347 2531 1395 2571 de
1414 2531 1596 2571 Corduba
1607 2531 1868 2572 Gubernatori
1878 2531 1972 2571 Me-

156 2592 365 2632 diolanenfi
386 2593 560 2644 aperuit,
592 2593 694 2631 ultro
716 2591 936 2644 pollicitus,
965 2591 993 2632 sl
1018 2593 1129 2632 armis
1152 2592 1224 2631 suis
1242 2592 1311 2632 fibi
1330 2591 1466 2643 praesto
1490 2591 1615 2641 soret,
1647 2592 1684 2632 se
1700 2592 1867 2632 Franciae
1885 2605 1971 2643 par-

157 2662 215 2692 tes
243 2651 490 2692 deserturum.
553 2650 772 2692 Gonsalvus
796 2662 947 2703 tempus
969 2650 1038 2691 fibi
1060 2652 1138 2692 dari
1169 2653 1305 2704 petiit,
1335 2661 1379 2691 ut
1401 2664 1446 2691 ea
1466 2651 1514 2690 de
1546 2663 1586 2691 rc
1610 2652 1657 2691 ad
1686 2651 1883 2692 consilium
1912 2663 1971 2691 re·

156 2712 277 2753 ferret
291 2714 329 2752 in
354 2710 594 2765 Hispaniam,
627 2711 842 2763 vidensque
861 2711 953 2750 illud
971 2710 992 2751 a
1009 2711 1126 2752 Duce
1152 2711 1351 2765 denegari,
1383 2712 1420 2750 ὅτ.
1443 2712 1510 2751 nisi
1534 2711 1660 2752 eidem
1694 2711 1835 2751 auxilio
1861 2710 1971 2751 ades-

157 2773 235 2819 set,
265 2771 422 2824 Alpium
450 2782 582 2823 portas
599 2770 752 2811 Francis
775 2770 1011 2823 patefafflim
1032 2773 1096 2821 iri,
1126 2773 1322 2823 magisque
1341 2772 1638 2823 perturbandam
1655 2771 1819 2820 Italiam,
1835 2770 1969 2823 suapte

156 2832 307 2872 interim
329 2831 464 2883 sponte
491 2843 581 2872 cum
605 2843 654 2871 eo
678 2832 884 2884 transegit,
913 2831 1063 2882 sperans
1096 2830 1271 2883 Espadini
1290 2844 1407 2883 opera
1437 2830 1570 2871 Casalo
1585 2832 1622 2872 se
1639 2833 1970 2883 potiturum,quo

156 2890 271 2932 fieret
300 2888 665 2945 <quomadmodum
694 2892 773 2944 ipse
790 2890 836 2930 ad
862 2891 964 2930 suam
983 2890 1225 2943 Majestatem
1259 2891 1551 2945 perscribebat)
1581 2902 1623 2931 ut
1650 2890 1798 2931 facilius
1828 2889 1969 2930 deinde

157 2951 371 3004 Imperator
389 2952 668 2991 controversias
684 2952 723 2990 in
741 2950 1006 2991 Montferrato
1030 2952 1067 2991 δι
1095 2951 1312 2991 Mantuano
1343 2951 1502 2990 Ducatu
1529 2961 1682 2991 exortas
1712 2949 1836 3003 posset
1863 2961 1970 2989 com-

158 3022 319 3063 ponere.
379 3011 510 3064 Atque
529 3011 606 3050 hoc
626 3011 748 3063 ipsum
764 3010 961 3062 consilium
985 3011 1116 3051 effecit
1150 3010 1311 3060 deinde,
1340 3021 1383 3050 ut
1410 3011 1473 3050 sua
1498 3010 1683 3062 Mujestas
1713 3013 1868 3051 alteram
1898 3011 1968 3049 eti-

160 3083 220 3111 am
252 3070 381 3111 tutelae
397 3071 668 3112 executionem
690 3070 957 3124 suspenderet,
989 3072 1233 3123 quantumvis
1260 3069 1348 3111 alias
1369 3082 1504 3123 pacem
1521 3071 1636 3110 Italiae
1657 3077 1970 3123 cuperet3quam

160 3140 289 3171 tamen
308 3139 351 3169 ut
368 3142 528 3183 quoquo
553 3130 674 3170 modo
690 3139 914 3182 procuraret
928 3161 939 3179 ,
971 3142 1204 3182 omnemque
1223 3131 1472 3171 aemulationis
1492 3131 1638 3170 causam
1655 3131 1679 3171 e
1702 3127 1832 3170 medio
1856 3130 1968 3169 tolle-

161 3200 237 3237 ret,
267 3189 373 3230 dedit
399 3192 438 3232 in
471 3189 656 3231 mandatis
681 3189 881 3230 Gonsalvo
906 3189 955 3231 de
979 3190 1190 3236 Corduba,
1220 3200 1263 3230 ut
1294 3190 1323 3231 fi
1353 3190 1379 3240 ζ
1392 3190 1498 3243 quod
1535 3202 1681 3230 certum
1717 3188 1968 3242 habebatur)

159 3248 332 3289 Casalum
348 3250 424 3301 jam
441 3248 682 3302 occupasset,
713 3249 873 3290 eandem
905 3252 1041 3291 urbem
1063 3252 1219 3290 nomine
1247 3250 1510 3302 Imperatoris,
1542 3248 1675 3290 directi
1699 3250 1797 3289 illius
1827 3248 1968 3291 Domi-

160 3310 200 3350 ni
216 3319 407 3361 tueretur,
437 3311 546 3351 millis
564 3310 713 3364 insuper
736 3309 852 3351 literis
874 3309 1046 3363 ejusdem
1067 3312 1233 3358 tenoriS,
1265 3322 1358 3363 quas
1376 3311 1415 3350 in
1443 3311 1506 3350 tali
1529 3309 1615 3350 casu
1643 3308 1691 3350 ad
1712 3310 1814 3350 suam
1847 3307 1969 3348 Caesa-

1866 3379 1970 3410 ream
