2132 3730
478 224 1451 270 SYMBOLAPOLITICA.
1798 224 1882 281 369

78 312 117 356 &
134 315 329 367 praesentia
346 312 410 352 sua
440 313 484 351 iis
503 309 668 351 formam
696 312 890 360 tribuere,
919 311 1194 350 circumeundo
1213 310 1292 351 fine
1312 309 1580 350 intermissione
1609 307 1656 346 ab
1685 316 1764 345 uno
1784 304 1883 344 Tro-

76 376 169 426 pico
185 373 233 413 ad
247 371 405 411 aiterum
423 379 502 410 tam
521 369 681 410 mirabili
697 368 879 419 artificio,
909 380 952 409 ut
973 382 1108 410 omnes
1135 379 1244 408 terrae
1268 380 1421 422 partes,
1449 368 1478 408 fi
1502 379 1583 408 non
1610 367 1792 418 aequalem
1820 376 1881 403 ca-

75 434 221 481 lorem,
251 432 379 471 lucem
404 430 535 470 saltem
564 430 748 481 aequalem
781 430 828 469 ab
857 429 997 470 eodem
1028 430 1222 478 hauriant,
1251 441 1327 480 qua
1351 440 1393 468 re
1416 428 1595 480 sapientia
1615 425 1744 467 divina
1775 433 1881 463 ante-

75 493 194 531 vertit
228 488 430 538 damnum,
460 489 566 540 quod
586 488 757 528 futurum
786 487 898 537 effer,
929 488 957 528 ss
989 488 1056 529 Sol
1084 487 1106 528 a
1131 489 1231 528 linea
1261 487 1533 540 AEqumoffian·
1557 499 1637 527 non
1667 483 1882 526 secederet:

76 562 165 599 nam
188 551 412 591 Provincias
430 548 612 600 quasdam
632 548 724 587 radii
741 547 876 589 solares
893 550 1006 600 plane
1027 547 1254 597 adurerent,
1284 549 1363 588 aliae
1390 548 1510 587 nimio
1529 548 1694 599 rigerent
1713 543 1856 596 frigore
1870 570 1884 591 ‚

75 609 114 650 &
141 610 308 649 tenebris
342 610 539 661 perpetuis
568 609 871 648 involverentur.
931 607 1163 660 Exemplum
1197 606 1294 647 istud
1332 607 1504 647 naturale
1537 607 1662 646 erudit
1686 604 1884 655 Principes

73 669 206 721 quanti
232 668 284 708 ad
314 669 516 709 utilitatem
544 668 738 719 publicam
759 667 922 716 referet,
952 668 980 708 fi
1001 668 1070 720 ipsi
1091 666 1277 721 velociffimi
1297 667 1424 719 fideris
1453 679 1544 706 nwre
1563 664 1690 704 Status
1723 665 1812 704 suos
1845 662 1885 702 δε

75 728 318 777 Ρτονίηεὶειω
342 728 486 780 absque
510 728 779 767 intermistione
809 728 971 774 obeant,
1001 736 1044 766 ut
1067 728 1234 767 calorem
1262 727 1376 766 rebus
1402 726 1440 766 δε
1465 725 1705 764 subditorum
1726 721 1886 762 affecitui

74 785 149 842 (a)
180 788 419 838 impertiant;
449 786 489 827 id
503 786 609 838 quod
627 786 821 838 Propheta
844 787 986 839 Regius
1002 786 1168 826 indicare
1184 787 1334 835 voluit,
1366 785 1453 824 cum
1471 786 1587 833 dixit,
1617 783 1750 823 Deum
1772 783 1887 835 supra

75 846 206 886 Solem
226 849 331 888 {irum
357 845 519 899 posuisse
552 845 624 900 (b)
651 847 961 894 tabernaculum,
993 847 1058 897 qui
1082 857 1275 896 nunquam
1300 844 1534 897 conquiescit
1550 873 1563 893 ‚
1594 841 1631 882 δι
1654 843 1802 893 semper
1824 851 1907 881 re-.‘

75 905 147 946 bus
167 905 281 946 adest.
337 906 427 946 Rex
452 905 484 945 F
486 906 712 945 erdinandus
732 906 976 953 Catholicus‚
1009 905 1047 944 &
1066 904 1226 944 Carolus
1244 905 1414 958 Quintus
1437 904 1671 956 Imperator,
1700 913 1782 941 non
1813 901 1882 940 ha-

74 966 241 1005 buerunt
263 967 386 1006 aulam
402 975 513 1005 certo
538 967 630 1005 loco
656 964 771 1006 fixam
799 967 836 1004 δι
857 964 1047 1012 stabilem,
1078 976 1158 1016 quo
1172 963 1317 1004 fa&um
1339 995 1353 1014 ,
1381 973 1424 1004 ut
1443 975 1502 1003 res
1527 963 1709 1002 maximas
1730 960 1890 1012 ipsimet

75 1024 338 1074 conficerent,
369 1037 462 1078 quas
478 1036 548 1077 per
564 1024 762 1065 Ministros
780 1024 871 1064 suos
891 1021 1048 1064 minime
1071 1023 1308 1076 potuissent,
1339 1025 1404 1075 qui
1422 1023 1490 1063 etsi
1506 1023 1621 1075 gnavi
1638 1019 1721 1060 satis
1749 1019 1787 1059 &
1811 1019 1891 1059 sol-

72 1085 165 1125 liciti
179 1115 192 1134 ,
221 1097 416 1136 nunquam
434 1095 559 1125 tamen
586 1085 625 1124 id
649 1085 837 1134 efficiunt,
866 1082 973 1137 quod
996 1083 1164 1124 efficeret
1187 1084 1266 1137 ipse
1283 1083 1483 1134 Princeps,
1513 1083 1542 1123 fi
1564 1080 1693 1121 coram
1717 1078 1886 1132 praesens

74 1143 237 1193 adesset,
267 1146 354 1196 quia
371 1154 437 1184 aut
457 1144 632 1185 mandata
650 1145 694 1184 iis
718 1144 878 1192 desunt,
907 1154 972 1183 aut
987 1143 1160 1183 facultas.
1222 1142 1391 1183 Christus
1412 1142 1607 1182 Dominus
1629 1137 1886 1191 fimulacipse

74 1204 122 1243 ad
141 1204 320 1257 piscinam
341 1207 448 1244 venit
468 1204 704 1256 probaticam
720 1234 732 1253 ,
762 1204 955 1244 sanitatem
978 1202 1146 1244 reddidit
1175 1201 1243 1258 (c)
1274 1203 1490 1253 Paralytico
1505 1212 1620 1254 quam
1631 1201 1802 1251 Angelus
1816 1210 1888 1239 an-.

72 1265 131 1303 nis
153 1265 303 1317 triginta
327 1262 421 1304 otto
441 1263 566 1304 eidem
587 1265 742 1316 largitus
762 1276 841 1304 non
856 1262 997 1303 fuerat:
1028 1275 1156 1314 neque
1181 1265 1282 1303 enim
1302 1264 1392 1303 huic
1414 1261 1635 1302 mandatum
1651 1269 1732 1299 erat
1763 1257 1881 1305 aliud,

75 1335 189 1374 quam
208 1334 250 1362 ut
266 1335 403 1375 aquam
428 1323 546 1363 solum
578 1321 653 1377 (d)
683 1333 973 1372 commoveret,
1007 1322 1045 1362 δε
1074 1322 1166 1363 ideo
1193 1332 1238 1362 ut
1262 1321 1442 1362 Ministro
1471 1320 1661 1360 facultatis
1689 1319 1761 1358 suae
1785 1316 1885 1356 fines

73 1382 204 1435 egredi
227 1394 308 1422 non
326 1382 476 1421 licebat.
535 1381 635 1421 Non
655 1382 756 1421 bene
771 1382 1030 1432 gubernantur
1049 1380 1178 1420 Status
1197 1391 1268 1432 per
1284 1381 1378 1421 solas
1403 1382 1562 1420 aliorum
1592 1379 1816 1425 relationes,
1837 1387 1884 1415 ac

71 1439 282 1495 propterea
311 1440 442 1480 suadet
466 1439 649 1479 Salomon
683 1447 726 1478 ut
758 1440 886 1493 Reges
919 1439 988 1489 ipsi
1022 1439 1181 1478 subditis
1212 1452 1321 1479 aures
1352 1440 1423 1493 (e)
1454 1437 1775 1478 accommodent:
1804 1437 1886 1475 hoc

74 1502 176 1543 enim
195 1499 245 1541 ad
261 1501 411 1540 illorum
427 1500 594 1552 pertinet
612 1499 802 1548 officium,
833 1498 871 1538 δι
893 1497 996 1550 apud
1019 1498 1145 1550 ipsos,
1183 1510 1263 1538 non
1289 1498 1392 1552 apud
1419 1509 1553 1538 eorum
1578 1496 1797 1545 Ministros,
1827 1493 1885 1535 est

76 1559 270 1601 affistentia
290 1559 329 1599 &
352 1560 473 1598 virtus
504 1555 592 1611 (f)
622 1556 776 1604 divina,
805 1567 889 1608 quae
907 1559 1113 1596 comitatur
1142 1557 1263 1597 solum
1283 1558 1499 1610 sceptrum,
1532 1558 1592 1596 cui
1620 1557 1800 1608 Spiritum
1833 1558 1886 1593 sa-

76 1622 251 1674 pientiae,
280 1617 445 1667 consilii,
480 1616 734 1665 fortitudinis,
763 1615 802 1656 δε
831 1617 984 1669 pietatis
1021 1615 1098 1670 (g)
1129 1616 1316 1666 infundit,
1344 1616 1464 1658 immo
1496 1617 1735 1656 divinitatem
1768 1627 1886 1666 quan-

79 1679 167 1721 dam
185 1710 199 1730 ,
228 1691 302 1732 qua
318 1677 497 1730 Princeps
513 1676 640 1718 futura
670 1674 742 1731 (h)
771 1676 982 1729 providet,
1011 1685 1055 1716 ut
1069 1677 1195 1716 necin
1211 1678 1277 1726 iis,
1307 1688 1391 1728 quae
1407 1677 1529 1715 oculis
1547 1676 1721 1728 usurpat,
1750 1687 1822 1714 nec
1845 1675 1886 1715 iu

75 1741 144 1789 iis,
173 1752 259 1792 quae
282 1738 434 1778 auribus
457 1738 640 1790 percipit,
669 1736 746 1776 falli
777 1732 855 1791 (i)
887 1744 1014 1788 queat.
1075 1734 1215 1776 Nihilo
1249 1738 1374 1776 minus
1402 1745 1529 1775 tamen
1569 1736 1675 1788 pacis
1708 1743 1889 1786 tempore

75 1812 157 1842 non
179 1798 335 1839 videtur
361 1796 520 1837 omnino
545 1798 822 1836 inconveniens
840 1794 932 1835 stata
951 1797 991 1835 in
1015 1804 1123 1835 certo
1147 1797 1274 1847 aliquo
1295 1797 1386 1836 loco
1401 1795 1656 1835 commoratio
1671 1823 1684 1843 ,
1715 1794 1883 1847 satisque

79 1861 153 1901 erit
177 1858 398 1899 Provincias
417 1855 601 1897 obeundo
619 1855 746 1896 Status
768 1855 854 1895 suos
874 1855 986 1896 semel
1010 1854 1140 1895 coram
1166 1854 1386 1907 inspexiffe3
1413 1866 1541 1906 neque
1568 1855 1670 1894 enim
1696 1852 1889 1894 sufficiunt.

82 1920 208 1960 aeraria
229 1930 303 1972 pro
326 1917 535 1969 sumptibus
564 1916 602 1957 ὅτ
625 1915 804 1968 impensis
822 1914 869 1954 ad
893 1914 1114 1967 frequentes
1141 1915 1234 1954 aulae
1264 1916 1526 1955 translationes
1546 1911 1780 1961 necessariis,
1810 1925 1888 1953 nee

79 1979 163 2021 fieri
185 1979 256 2018 illae
272 1974 426 2030 poss'unt
445 1977 589 2029 absque
619 1975 751 2028 insigni
769 1974 1006 2015 subditorum
1029 1974 1278 2023 detrimento,
1312 1984 1427 2027 atque
1447 1973 1545 2013 adeo
1565 1974 1657 2024 quin
1680 1975 1883 2023 perturbe—

79 2048 142 2079 tur
158 2037 258 2078 ordo
278 2035 534 2077 Consiliorum
551 2048 595 2076 ac
609 2034 872 2075 Tribunalium
885 2064 898 2085 ‚
919 2033 958 2074 &
980 2034 1206 2088 gubernatio
1229 2044 1344 2085 atque
1359 2033 1499 2086 justitia
1514 2032 1766 2074 retardentur.
1797 2032 1891 2073 Rex

78 2097 277 2151 Philippus
298 2096 498 2137 Secundus
518 2105 606 2136 toto
625 2095 909 2149 gubernationis
937 2094 1010 2134 suae
1032 2104 1219 2146 temporae
1243 2095 1313 2135 vix
1341 2104 1510 2147 unquam
1534 2091 1710 2132 Madrito
1741 2091 1890 2144 pedem

80 2159 232 2200 extulit.

234 2214 278 2256 In
298 2213 563 2255 occasionibus
591 2212 682 2253 belli
703 2213 820 2266 magis
851 2210 1064 2252 consultum
1087 2211 1243 2252 videtur
1258 2241 1270 2259 ‚
1299 2220 1344 2251 ut
1369 2211 1552 2262 Princeps
1582 2207 1660 2262 ipse
1688 2220 1817 2250 coram
1841 2211 1891 2251 iis

81 2274 227 2318 intersit
242 2305 255 2324 ‚
285 2273 323 2315 &
339 2275 454 2315 ducat
472 2272 644 2313 subditos
668 2272 754 2312 suos
771 2286 781 2314 τ
810 2270 900 2311 ideo
917 2274 1018 2312 enim
1030 2273 1140 2311 sacrae
1155 2273 1301 2324 paginae
1314 2270 1385 2325 (k)
1394 2268 1586 2311 Pastorem
1607 2279 1697 2309 eum
1724 2280 1889 2318 vocant,

83 2348 128 2377 ac
149 2335 305 2376 Ducem
325 2347 338 2382 3
368 2332 570 2386 quomodo
591 2331 703 2372 Deus
719 2332 944 2384 praecipiens
963 2331 1128 2371 Samueli
1146 2361 1158 2380 ‚
1187 2341 1230 2370 ut
1256 2329 1408 2371 Saulem
1435 2331 1655 2380 inungeret,
1685 2339 1765 2368 non
1789 2328 1889 2369 dixit

83 2396 125 2436 in
148 2394 296 2448 Regem
314 2424 326 2443 ,
354 2390 432 2449 (l)
465 2391 530 2433 sed
549 2393 588 2432 in
603 2391 758 2432 Ducem
786 2392 894 2444 supra
910 2390 1018 2431 Israe'l
1041 2421 1054 2440 ,
1084 2390 1274 2440 indicans,
1302 2389 1342 2430 id
1358 2389 1593 2442 praecipuum
1618 2387 1698 2439 ejus
1718 2385 1794 2428 esse
1805 2389 1888 2428 offi-

84 2455 214 2502 cium,
243 2452 281 2493 &
297 2453 403 2504 quod
424 2453 513 2493 olim
535 2452 661 2504 Reges
692 2462 874 2492 exercere
900 2448 1009 2492 fuere
1026 2450 1111 2504 (m)
1141 2450 1249 2490 soliti.
1307 2447 1413 2490 Eain
1427 2461 1468 2488 re
1487 2448 1655 2500 populus
1670 2446 1779 2488 suum
1798 2447 1889 2489 fun-

87 2513 203 2555 dabat
228 2511 453 2553 desiderium
470 2542 484 2562 ‚
514 2510 603 2551 cum
621 2510 769 2564 Regem
786 2519 938 2564 peteret
952 2541 965 2560 ‚
989 2519 1032 2549 ut
1058 2509 1150 2550 ess‘et
1170 2511 1369 2559 nimirum,
1392 2509 1458 2561 qui
1474 2517 1561 2549 ante
1574 2518 1664 2547 eum
1686 2506 1891 2560 egredere.

880 2571 918 2611 A
933 2582 953 2608 a
970 2581 991 2609 a
1007 2581 1029 2608 a
1046 2579 1067 2608 a
1812 2576 1890 2616 tur,

184 2713 243 2760 (a)
272 2708 462 2761 Vblociffi'mi
466 2707 596 2761 sideris
621 2722 731 2750 more,
756 2709 874 2746 omnia
891 2705 1042 2753 imviftre
1057 2733 1065 2748 .
1091 2708 1209 2745 omnia
1230 2705 1371 2746 audire,
1396 2705 1488 2743 Plin.
1540 2705 1564 2753 <
1565 2707 1607 2751 b)
1632 2710 1672 2742 In
1691 2704 1763 2752 file
1776 2706 1891 2759 peficit

89 2761 479 2809 tabernaculumsiaum.
506 2762 594 2799 Psal.
615 2768 674 2803 18.
693 2766 728 2799 6.
781 2762 839 2808 (c)
866 2764 989 2812 Surge,
1007 2758 1088 2796 tolle
1095 2757 1294 2812 grabatum
1307 2768 1411 2796 tuum
1434 2756 1480 2800 όν
1496 2756 1651 2795 ambula.
1679 2759 1782 2808 Joan,
1803 2773 1835 2805 5.
1855 2769 1891 2804 8.

91 2818 164 2866 (d)
189 2814 343 2868 Angelus
360 2824 481 2859 autem
502 2814 645 2851 Domini
664 2810 883 2859 desc'endebat
889 2810 1077 2860 facundum
1097 2821 1229 2864 tempus
1242 2812 1281 2847 in
1293 2809 1483 2864 piſsinam:
1495 2810 1540 2853 ὠ
1554 2808 1765 2848 movebatur
1776 2826 1890 2865 aqua.

91 2868 182 2907 Ibid.
199 2880 238 2905 v.
257 2882 294 2917 4.
346 2872 366 2913 (
367 2868 406 2912 e)
433 2864 578 2903 Praebete
596 2878 699 2902 aures
715 2878 778 2902 vos
798 2866 861 2919 qus'
881 2865 1065 2901 continetis
1072 2862 1339 2904 multitudines,
1362 2861 1409 2905 ό·
1423 2862 1573 2915 placetis
1592 2860 1692 2900 vobis
1712 2865 1752 2900 in
1773 2863 1891 2902 turbis

89 2921 297 2959 Nationum.
324 2921 404 2970 Sap.
428 2923 462 2956 6.
484 2931 516 2966 3.
573 2919 645 2967 (f)
670 2919 854 2968 Qcom'am
870 2915 963 2954 data
980 2914 1025 2968 est
1041 2915 1066 2952 d
1086 2917 1229 2953 Domino
1244 2913 1394 2967 potestas
1417 2914 1534 2956 vobis.
1558 2913 1605 2958 ἄν
1624 2917 1747 2951 virtus
1771 2915 1818 2953 ab
1837 2917 1891 2953 al-

89 2972 225 3024 tiffi'mo.
252 2972 389 3009 Ibidem
410 2984 446 3008 v.
462 2985 500 3019 4.
552 2974 613 3020 (g)
641 2975 688 3006 Et
705 2967 884 3022 requiestit
899 2968 1002 3021 sicpcr
1014 2966 1243 3021 eusns'piritus
1260 2968 1418 3009 Domini,
1428 2965 1762 3020 spiritusstzpientiae
1778 2967 1824 3012 ὠ·
1835 2971 1891 3006 in·

89 3024 268 3065 tellectum
281 3023 430 3078 spiritus
458 3021 602 3073 cotfilii,
627 3021 672 3065 ό*
693 3018 944 3072 fortitudinis,
961 3019 1110 3073 spiritus
1125 3018 1293 3067 scientiae,
1320 3019 1366 3062 ὦ·
1384 3022 1547 3070 pietatis.
1576 3021 1616 3056 Is.
1647 3033 1661 3058 1
1675 3033 1704 3056 1.
1726 3031 1761 3058 2.
1813 3023 1889 3071 (h)

91 3078 286 3116 Divinatio
303 3078 344 3114 in
358 3074 462 3113 labiis
478 3076 590 3128 Regis.
615 3077 726 3113 Prov.
750 3079 807 3113 16.
831 3087 889 3112 10.
941 3074 993 3119 (i)
1021 3079 1098 3111 Non
1113 3071 1301 3119 fecundum
1321 3072 1487 3122 vistonem
1512 3072 1681 3108 oculorum
1690 3071 1891 3119 judicabit.

94 3124 394 3181 mquest’cundum
408 3127 572 3165 auditum
584 3128 727 3163 aurium
747 3136 886 3179 arguet.
915 3126 990 3163 lsai.
1015 3138 1028 3162 1
1042 3138 1073 3165 1.
1104 3139 1138 3173 3.
1190 3126 1260 3174 (k)
1286 3123 1456 3170 Susbitabo
1463 3124 1566 3177 saper
1583 3136 1636 3160 eos
1650 3123 1818 3176 Pastores,
1842 3125 1891 3168 &-

88 3178 229 3235 pastent
244 3195 316 3219 eos:
339 3195 406 3217 non
422 3177 676 3231 fhrmidabunt
697 3178 813 3219 ultra,
834 3177 879 3221 cb·
893 3192 959 3215 non
973 3175 1176 3231 pavebunt:
1200 3174 1246 3220 ό·
1261 3177 1376 3214 nullus
1391 3188 1558 3229 quaeretur
1576 3189 1623 3213 ex
1643 3189 1784 3214 numero
1796 3204 1804 3219 .
1834 3177 1890 3215 di-

96 3235 148 3270 cit
162 3235 339 3274 Dominus,
365 3236 497 3283 jerem,
526 3247 582 3280 34.
608 3246 643 3274 4.
698 3232 754 3276 (l)
785 3236 896 3283 Unges
918 3244 996 3268 eum
1034 3235 1164 3267 Ducem
1178 3228 1282 3283 sicper
1307 3228 1427 3279 Ifmd.
1466 3241 1495 3268 τῇ
1518 3231 1608 3279 Reg.
1634 3240 1674 3276 9.
1703 3241 1761 3269 ιο.
1813 3233 1894 3281 (m)

97 3290 172 3324 Rex
184 3285 277 3324 enim
291 3290 378 3325 Dux
392 3295 474 3326 erat
488 3286 529 3324 in
543 3282 633 3323 bello.
660 3282 767 3334 Arist,
783 3282 845 3323 lib.
867 3297 899 3331 3.
924 3282 1027 3335 polit.
1041 3296 1074 3322 c.
1100 3296 1157 3327 ιι.
