2132 3730
283 269 366 313 194
734 238 1664 285 DIDACISAAVEDRAE.

278 341 418 380 borum
435 334 620 376 lenocinia
642 358 654 376 ,
685 327 780 366 sicut
801 325 912 365 &illa
937 324 1039 362 Ateii
1055 321 1253 373 Capitonis
1273 352 1285 371 ,
1315 320 1388 377 (a)
1403 329 1444 361 ut
1463 330 1565 361 erant
1584 323 1716 373 magis,
1737 336 1840 375 quam
1857 330 1896 362 ut
1915 320 2066 361 diceban-

277 408 351 440 mr.
411 396 690 434 Remuneretur
708 385 825 439 porro
836 384 1015 434 Princeps
1035 381 1200 433 proemiis
1220 381 1381 432 publicis
1400 393 1487 430 eos,
1502 382 1565 432 qui
1585 380 1749 433 ingenue
1765 384 1966 421 veritatem
1977 392 2066 431 pro-

278 458 382 509 loqui
403 451 478 493 aufi
498 449 652 489 fuerint.
713 444 821 486 Fecit
836 442 928 484 illud
945 439 1156 481 Clisthenes
1173 439 1305 480 Siciliae
1335 441 1556 492 Ty1·annuS‚
1586 442 1650 492 qui
1679 440 1827 480 cuidam
1855 443 1921 480 suo
1946 439 2067 478 confi·
2130 463 2132 465 -

278 511 559 558 llario-statuam
581 507 726 554 erexit,
758 504 865 556 quod
885 503 984 551 fibi,
1013 513 1063 541 ne
1079 500 1355 551 triumpharet,
1386 499 1507 540 libere
1526 499 1837 547 contradixiffet3
1865 497 1939 552 qua
1954 499 2070 538 remi-

276 576 319 616 τὸ
341 569 556 613 universum
577 567 646 607 fibi
661 566 836 605 devinxit
860 563 1048 616 populum
1075 591 1088 610 ,
1118 561 1273 610 aliisque
1290 559 1361 600 suis
1388 559 1616 599 Consiliariis
1645 559 1790 599 addidit·
1817 562 1963 600 animos
1981 588 1994 607 ,
2025 567 2070 596 ut

276 634 428 675 liberius
449 659 462 680 ,
492 626 676 680 quicquid
692 625 872 666 sentirent
891 653 903 671 ‚
931 620 1091 674 posthac
1108 618 1314 659 edicerent.
1373 620 1463 659 Rex
1486 619 1705 673 Alphonsus
1729 619 1997 661 Duodecimus
2021 617 2071 656 de
2117 654 2126 655 ff

274 705 316 734 re
341 693 468 745 magni
480 688 668 729 momenti
691 683 894 737 aliquando
924 682 1160 721 consulturus
1176 709 1188 728 ‚
1219 691 1333 718 manu
1353 676 1486 719 dextra
1501 678 1671 720 strictum
1702 679 1851 726 ensem,
1885 676 1979 718 laeva
1995 677 2072 716 sce-

273 762 403 806 ptrum
433 759 569 790 tenens
593 778 605 796 ,
634 746 685 786 slc
704 745 905 795 praesentes
928 743 1113 785 allocutus
1130 738 1210 779 est:
1239 738 1313 792 (h)
1342 739 1476 790 Agite,
1505 738 1604 779 dicite
1624 752 1732 779 omnes
1754 738 1873 786 libere,
1888 751 1964 791 quae
1978 750 2069 776 mens

263 813 315 866 fit
334 809 454 865 vestra
478 840 489 858 ,
517 816 622 861 atque
638 802 809 856 semwm'a
827 834 839 851 ,
870 801 920 846 ὃ)
938 798 1087 851 confidite
1106 802 1141 839 in
1164 797 1304 838 medium
1320 827 1333 847 ,
1362 811 1567 851 quaecunque
1587 797 1642 838 ad.
1661 800 1816 853 majorem
1840 796 1946 850 gladii
1967 798 2068 851 hujus

269 872 445 925 gloriam,
474 867 526 913 &⁹
542 864 669 918 sc'eptm‘
697 866 933 904 incrementum
949 857 1093 900 fuerint:
1152 858 1223 911 (c)
1238 856 1344 898 Rani
1360 864 1541 908 temporum
1556 854 1738 908 felicitate,
1754 858 1811 897 ubi
1820 855 1970 908 ſsentire,
1993 869 2070 910 quae

273 932 362 972 velis
382 961 395 979 ,
423 940 500 982 quae
512 922 666 977 sentiar,
682 924 788 963 dicere
806 922 891 961 licet.
948 919 1191 975 Adulationis
1211 916 1488 968 turpitudinem
1505 916 1589 956 satis
1608 919 1815 970 agnoscunt
1834 928 1989 963 omnes;
2008 914 2071 955 sed

275 991 313 1030 ὅτ.
327 1000 461 1029 omnes
480 985 649 1025 veritatis
668 983 802 1022 damna
828 977 1027 1032 perspedim
1044 978 1209 1027 habent,
1245 977 1457 1027 videntque
1486 975 1604 1026 majus
1626 977 1672 1016 ab
1698 975 1770 1016 hac
1786 1006 1805 1025 ,
1831 989 1944 1028 quam
1969 977 2014 1015 ab
2029 976 2072 1014 il-

272 1047 309 1091 la
336 1049 404 1088 fibi
422 1045 496 1086 esse
523 1044 747 1097 periculum.
808 1041 906 1093 Quis
924 1051 1002 1078 non
1024 1050 1112 1078 cum
1130 1040 1234 1078 omni
1251 1037 1464 1077 sinceritate
1481 1035 1519 1075 δε
1541 1038 1626 1074 zelo
1646 1037 1866 1086 loqueretur
1892 1036 2073 1085 Principi-

273 1110 370 1156 bus,
392 1107 421 1148 fi
448 1107 521 1145 hos
539 1105 778 1155 contingeret
800 1100 935 1153 joanni
953 1099 997 1140 ΙΙ.
1019 1097 1217 1137 Lusitaniae
1243 1097 1342 1149 Regi
1364 1095 1438 1135 effe
1454 1096 1615 1135 similes:
1647 1097 1711 1146 qui
1738 1095 1887 1135 cuidam
1904 1125 1917 1144 ,
1945 1095 2072 1134 nescio

274 1180 389 1220 quam
409 1166 629 1216 dignitatem
648 1162 796 1214 petenti
815 1192 828 1209 ,
857 1159 978 1199 fertur
999 1155 1230 1208 respondisse
1248 1186 1262 1205 ,
1290 1157 1328 1195 se
1347 1155 1502 1206 quidem
1525 1167 1609 1195 eam
1627 1155 1704 1206 jam
1735 1155 1885 1207 pridem
1910 1155 2014 1193 alteri
2034 1152 2075 1192 fi-

274 1227 349 1267 deli
369 1224 534 1266 Minstro
554 1224 620 1263 suo
636 1218 831 1262 destinass'e
852 1249 864 1269 ,
896 1220 960 1270 qui
974 1228 1169 1268 nunquam
1186 1227 1231 1255 ea
1249 1215 1318 1255 fibi
1336 1217 1559 1266 loqueretur
1577 1244 1588 1263 ,
1620 1227 1703 1266 quae
1727 1227 1835 1253 aures
1859 1213 1978 1254 solum
2006 1213 2072 1251 de.

272 1288 508 1333 mulcerent,
537 1282 602 1323 sed
623 1294 706 1334 quae
727 1281 775 1320 ad
796 1279 915 1330 majus
933 1278 1041 1317 suum
1067 1275 1312 1326 obsequium,
1330 1274 1367 1314 &
1387 1275 1510 1326 Regni
1531 1276 1732 1314 utilitatem
1751 1274 1936 1314 facerent.
1996 1272 2075 1311 Ve-

273 1347 357 1387 rum
375 1343 523 1386 nonnifi
551 1345 590 1382 in
611 1342 782 1394 pauculis
810 1337 1030 1392 generosam
1047 1334 1152 1375 istam
1175 1335 1427 1374 sinceritatem
1447 1335 1638 1373 inveneris
1659 1347 1672 1380 ς
1703 1346 1838 1373 omnes
1859 1331 1942 1372 fere
1960 1332 2075 1384 Regis

274 1407 425 1447 Achabi
438 1415 565 1444 mores
582 1403 775 1441 imitantur
790 1429 801 1447 ‚
833 1399 898 1449 qui
917 1408 1006 1436 cum
1024 1395 1237 1446 Prophetas
1252 1390 1423 1432 vocass‘et
1433 1394 1471 1431 in
1489 1393 1709 1442 confilium,
1729 1392 1937 1432 Michaeam
1949 1394 2076 1431 exclu-

273 1467 353 1506 sum
376 1466 501 1503 voluit
516 1492 529 1511 ,
560 1473 675 1513 quem
706 1471 754 1499 eo
774 1458 931 1499 nomine
950 1455 1112 1496 invisum
1129 1454 1314 1500 habebat,
1337 1452 1443 1503 quod
1465 1455 1561 1491 mala
1581 1451 1727 1502 semper
1747 1483 1759 1499 ,
1790 1464 1984 1504 nunquam
2004 1452 2077 1489 bo-

272 1527 312 1566 ni
331 1523 470 1575 aliquid
496 1522 565 1562 fibi
586 1520 663 1573 (d)
679 1520 959 1559 vaticinaretur.
1019 1514 1117 1553 Haec
1144 1512 1250 1552 causa
1276 1511 1356 1560 est,
1384 1524 1451 1550 cur
1469 1513 1576 1551 multi
1594 1510 1759 1550 Ministri
1779 1510 1877 1562 saepe
1900 1511 2075 1549 nonleve

270 1585 485 1638 periculum
508 1581 667 1627 adeant,
698 1579 726 1618 fi
742 1577 829 1617 zelo
854 1577 980 1626 aliquo
1002 1572 1107 1612 ducti
1125 1584 1194 1623 per
1214 1572 1331 1611 solam
1350 1572 1463 1610 etiam
1484 1569 1744 1622 conjecturam
1762 1571 1868 1621 loqui
1888 1572 2008 1608 velint
2027 1568 2075 1608 de

274 1644 420 1684 damnis
445 1639 742 1683 imminentibus,
761 1646 806 1675 ut
824 1643 1048 1686 opportuno
1073 1631 1247 1671 remedio
1282 1631 1352 1670 illis
1377 1628 1607 1681 tempestive
1630 1639 1878 1670 occurratur:
1907 1630 1960 1668 ita
1977 1630 2077 1668 enim

276 1701 360 1744 fere
379 1700 587 1752 comparati
606 1698 689 1736 sunt
715 1695 910 1745 Principes
924 1723 935 1740 ‚
965 1702 1008 1731 ut
1027 1691 1179 1743 prorsus
1201 1691 1376 1742 ignorare
1390 1700 1434 1728 ea
1450 1692 1600 1739 malint,
1631 1689 1746 1741 quam
1769 1691 1977 1741 anticipato
1999 1701 2091 1737 me„

272 1773 401 1807 tuere.
477 1758 690 1811 Aptiffimas
707 1755 851 1794 habent
874 1763 982 1792 aures
1018 1751 1065 1789 ad
1087 1761 1321 1790 concentum
1347 1748 1574 1798 Muiicum;
1616 1748 1781 1791 dissonas
1809 1749 1905 1789 vero
1932 1750 2078 1800 impen-

273 1823 445 1864 dentium
465 1818 719 1858 calamitatum
743 1825 865 1853 voces
893 1810 994 1851 ferre
1012 1823 1091 1850 non
1111 1809 1302 1850 sustinent.
1361 1809 1481 1849 Unde
1513 1808 1631 1862 porro
1657 1808 1728 1859 fit,
1759 1819 1802 1849 ut
1825 1811 2076 1849 concionato-

273 1896 334 1923 res
347 1912 360 1930 ,
380 1882 418 1921 δι
435 1877 749 1918 conscientiarum
767 1873 915 1912 suarum
929 1871 1090 1909 arbitros
1115 1870 1253 1921 eligant
1267 1897 1279 1917 ,
1311 1870 1375 1923 qui
1389 1870 1599 1920 praedicent
1629 1869 1667 1909 &
1689 1871 1816 1912 dicant
1836 1868 1968 1916 solum,
1991 1881 2075 1919 quae

275 1942 344 1993 ipfi
364 1939 433 1994 (e)
455 1939 623 1982 volunt3
651 1945 732 1973 non
763 1931 869 1983 quod
891 1929 1002 1971 Deus
1029 1928 1208 1979 inspirat,
1239 1928 1294 1967 uti
1317 1928 1511 1978 Propheta
1541 1929 1728 1968 Michaeas
1761 1927 1855 1981 (f)
1894 1928 2074 1971 faciebat.

277 2001 386 2055 Quid
406 1999 544 2039 mirum
576 1995 687 2047 igitur
702 2023 713 2040 ,
745 1991 774 2031 fi
799 1992 944 2041 absque
966 1989 1136 2028 veritatis
1162 1988 1250 2026 luce
1271 1986 1446 2026 aberrent
1475 1986 1496 2026 a
1519 1990 1602 2037 via,
1621 1986 1658 2025 &
1674 1987 1821 2038 peffum
1844 1997 1930 2027 eant
1946 1989 1964 2025 ἓ)

454 2071 490 2122 §.
523 2069 562 2108 Si
584 2068 604 2107 a
624 2062 827 2120 prudentia
844 2062 1011 2104 instructi
1032 2061 1171 2111 essent,
1202 2063 1267 2111 qui
1279 2063 1478 2101 veritatem
1497 2064 1602 2114 loqui
1621 2066 1759 2102 volunt
1780 2065 2076 2116 Principi,haud

277 2128 394 2172 dubie
419 2130 534 2182 pluris
558 2129 657 2167 illam
686 2127 855 2173 faceret,
884 2135 996 2175 quam
1026 2124 1155 2161 inanes
1190 2120 1545 2164 affentatiunculas:
1571 2132 1608 2160 at
1639 2125 1822 2173 perpauci
1847 2124 2076 2175 tempestive

275 2193 332 2231 uti
356 2203 400 2229 ea
425 2197 568 2229 norunt
588 2192 674 2226 cum
696 2186 899 2231 suavitate,
925 2181 1043 2234 atque
1062 2193 1110 2220 eo
1140 2179 1282 2228 modu,
1316 2193 1359 2219 ac
1378 2180 1504 2220 decet.
1567 2180 1716 2221 Omnes
1737 2181 1819 2222 fere
1838 2184 1876 2222 in
1907 2183 2071 2223 dicendo

276 2252 472 2293 liberiores
487 2279 499 2298 ,
529 2245 769 2300 asperi‘fimul
795 2245 897 2293 sunt,
932 2241 971 2282 &
989 2241 1244 2281 communiter
1260 2240 1423 2280 offendit
1441 2241 1653 2293 Principem
1675 2243 1805 2281 vultus
1821 2245 1930 2290 nimis
1949 2243 2076 2292 serius,

276 2313 315 2353 ἃ
331 2319 492 2350 armatus
520 2306 542 2346 a
558 2309 742 2347 veritate:
770 2304 846 2359 (g)
874 2301 1030 2357 quaedam
1043 2303 1129 2341 enim
1152 2302 1307 2340 virtutes
1326 2300 1394 2340 odio
1398 2297 1503 2351 stim,
1521 2298 1696 2352 fi’veritas
1718 2300 1905 2355 obstinata,
1925 2304 2078 2345 invisius
2127 2316 2129 2318 ·

278 2367 444 2420 adveifits
455 2370 609 2420 gratiam
629 2368 772 2406 allilmts.
833 2362 992 2414 Nempe
1019 2361 1213 2412 Principes
1247 2362 1443 2399 contemni
1479 2361 1516 2400 se
1543 2370 1697 2412 putant,
1727 2361 1756 2402 fi
1785 2364 2078 2403 contemnantur

280 2440 405 2476 artes,
436 2427 573 2480 quibus
592 2438 728 2466 eorum
745 2425 857 2464 favor
875 2423 913 2463 &
931 2423 1035 2462 bona
1060 2421 1177 2474 gratia
1190 2422 1310 2472 parari
1331 2420 1454 2459 solett‘
1476 2420 1688 2462 existimant
1711 2423 1834 2472 enim,
1865 2424 1930 2476 qui
1945 2422 2002 2463 isti
2022 2427 2076 2464 rei

279 2503 359 2532 non
388 2487 533 2537 studet,
562 2481 847 2527 nec'subditum
868 2484 907 2522 se
934 2481 1159 2536 agnoscere,
1191 2491 1264 2519 nec
1282 2479 1499 2532 Principum
1527 2493 1645 2534 opera
1671 2480 1850 2531 indigere.
1911 2484 1992 2537 Qui
2021 2485 2076 2523 su-
2124 2530 2125 2534 Ἰ

279 2546 408 2604 perior
430 2548 504 2607 est,
525 2547 806 2599 phlebotomo.
840 2551 905 2583 aut
927 2543 1117 2582 novacula
1150 2540 1319 2580 veritatis
1351 2543 1491 2590 utitur,
1515 2541 1561 2581 ad
1590 2541 1797 2582 curandum
1827 2542 2075 2583 inferiorem:

279 2612 344 2652 hic
372 2621 468 2649 vero
495 2608 576 2648 solo
593 2607 784 2664 cauteri0,
816 2602 922 2655 quod
939 2603 1082 2653 absque
1107 2599 1243 2640 dolore
1262 2600 1363 2651 quasi
1385 2610 1520 2640 enecat
1553 2602 1590 2641 &
1613 2602 1761 2652 exedit,
1787 2614 1866 2654 quo
1894 2605 1933 2643 in
1954 2602 2076 2655 Supe-

280 2673 379 2711 riore
397 2669 576 2709 vitiosum
603 2666 667 2707 est.
727 2663 938 2705 Offendere
966 2661 1215 2708 veritatibus,
1245 2671 1328 2711 quae
1348 2672 1421 2700 nec
1438 2670 1609 2713 tempus,
1635 2673 1708 2701 nec
1728 2662 1887 2704 modum
1911 2663 2073 2709 servant,

281 2731 420 2772 malitia
445 2730 575 2780 potius
604 2726 685 2777 est,
713 2724 827 2777 quam
859 2721 1172 2774 zelust‘au‘dacia
1199 2720 1337 2773 m'agiS,
1372 2720 1485 2771 quam
1516 2721 1738 2761 admonitio.
1802 2722 1940 2775 Quid?
1969 2722 2076 2774 quod
2123 2730 2127 2735 ·

282 2792 397 2837 etiam
415 2787 548 2835 Deus,
575 2799 658 2837 quae
689 2784 849 2825 dicenda
876 2783 984 2831 sunt,
1014 2781 1186 2835 singulari
1214 2792 1302 2819 cum
1316 2781 1519 2832 prudentia
1548 2780 1585 2821 &
1605 2782 1871 2821 moderatione
1896 2782 2073 2832 Principi.

282 2850 355 2890 bus
375 2846 607 2888 manifestet:
636 2858 723 2886 nam
742 2845 809 2885 etfi
830 2855 899 2896 per
924 2842 1129 2895 Josephum
1153 2839 1191 2880 &
1208 2839 1410 2880 Danielem
1436 2840 1606 2892 quaedam
1641 2841 1690 2882 de
1714 2842 1982 2881 calamitatibus
2015 2840 2075 2879 fu-

283 2910 376 2949 turis
412 2907 600 2948 Pharaoni
635 2906 673 2946 &
698 2903 1080 2946 Nabuchodonosori
1110 2900 1331 2941 denuntiare
1360 2900 1567 2953 potuiflet5
1596 2913 1665 2953 per
1688 2902 1854 2954 quietem
1882 2910 2006 2940 tamen
2035 2900 2073 2939 id

1975 2959 2074 2999 clare

381 3099 438 3143 (a)
455 3097 559 3132 Idem
582 3093 652 3133 lib.
671 3107 703 3143 3.
734 3091 863 3140 Annal.
925 3093 1001 3139 (b)
1029 3088 1120 3137 Mar.
1137 3088 1260 3126 histor.
1284 3086 1380 3136 Hisp.
1435 3087 1509 3134 (c)
1530 3084 1646 3123 Tacit.
1677 3083 1738 3121 lib.
1767 3095 1796 3119 1.
1814 3082 1946 3120 Histor.
1999 3084 2073 3127 (d)

285 3148 350 3184 Sed
364 3162 422 3199 ego
443 3147 499 3184 odi
521 3161 599 3184 enm
617 3175 627 3191 ,
653 3146 737 3197 quia
760 3158 826 3179 non
833 3143 1022 3195 prophetat
1043 3139 1133 3179 mihi
1151 3139 1273 3177 bonum
1288 3168 1298 3184 ,
1316 3138 1382 3185 fid
1396 3138 1545 3175 malum.
1586 3151 1618 3186 3.
1643 3137 1734 3184 Reg.
1753 3150 1811 3172 22.
1832 3143 1864 3178 8.
1915 3140 1932 3181 (
1940 3134 1985 3179 e)
2011 3133 2075 3172 Ad

278 3199 349 3246 sim
363 3201 529 3250 defideria
553 3194 883 3244 coacervabuntfibi
909 3193 1100 3248 magistros.
1153 3207 1188 3230 2.
1215 3191 1308 3231 Tim.
1332 3206 1368 3240 4.
1391 3205 1422 3238 3.
1488 3190 1552 3238 (f)
1576 3187 1812 3241 Qodcunque
1832 3188 1968 3226 dixerit
1983 3183 2072 3225 mihi

289 3257 382 3289 Deus
402 3266 495 3290 meus
514 3279 523 3294 ,
548 3250 606 3289 hoc
622 3251 752 3304 loquar.
777 3262 810 3286 2.
826 3249 938 3285 Paral.
964 3256 1017 3291 18.
1045 3260 1101 3294 13.
1153 3246 1214 3295 (g)
1236 3246 1321 3282 Tac.
1342 3245 1366 3281 L
1389 3257 1419 3280 1.
1441 3242 1568 3280 Annal.
