2132 3730
199 321 284 368 408
627 302 1569 359 D1DAC1SAAVEDR'AE.

522 507 1314 605 SYMBOLUM
1390 513 1643 586 xcvn.

199 1985 471 2125 DEViffl,
488 1986 626 2030 Leone
643 1988 771 2043 prob&
790 1986 953 2030 Vistorla
964 1998 1022 2038 uti
1040 2003 1207 2040 noverat
1237 1989 1451 2044 HerculeS,
1478 1993 1582 2046 pelle
1596 1990 1768 2044 ejusdem
1785 1990 1876 2033 ‘suos
1892 1987 2004 2031 vesti·

358 2062 424 2089 ens
446 2049 656 2098 humeros,
684 2058 728 2088 ut
749 2048 857 2089 tauto
878 2048 1027 2089 facilius
1050 2056 1215 2091 monstra
1244 2056 1315 2095 alia
1340 2052 1555 2096 edomaret,
1612 2050 1677 2092 Sic
1712 2052 1865 2104 prorsus
1889 2050 2002 2091 unius

355 2107 530 2150 victoriae
551 2109 670 2159 spolia
697 2118 842 2148 armant
864 2103 1076 2157 victorem,
1107 2108 1144 2148 &
1167 2114 1427 2159 potentiorem
1459 2113 1646 2153 efficiunt:
1676 2119 1793 2163 atque
1819 2107 1920 2150 ade&
1949 2112 2004 2150 vi-

201 2169 329 2210 &oriis
345 2169 417 2210 suis
438 2168 495 2207 uti
518 2168 662 2208 debent
687 2166 910 2220 Principes,
931 2167 990 2218 vad
1022 2169 1123 2208 vires
1152 2166 1235 2206 suas
1267 2165 1465 2206 deditione
1489 2172 1651 2211 militum
1679 2169 1935 2218 roborandas,
1966 2168 2006 2207 «Sc

203 2228 412 2283 augendam
438 2227 615 2267 statuum
648 2227 803 2267 suorum
828 2226 1119 2280 amplitudinem
1146 2226 1356 2266 accessione
1380 2226 1532 2267 urbium
1560 2226 1598 2267 ὗε
1630 2226 1894 2278 castellorum,
1922 2238 2007 2279 quae

201 2290 311 2330 armis
339 2289 408 2328 suis
429 2289 747 2340 expugnaverint.
805 2286 941 2338 Regna
957 2288 1085 2328 omnia
1107 2287 1216 2327 initio
1240 2284 1398 2326 fuerunt
1418 2288 1578 2339 exigua,
1608 2286 1843 2337 acquirendo
1869 2285 2007 2340 postea

204 2349 242 2390 δι
265 2346 532 2389 conservando
559 2343 731 2387 crevere.
793 2346 932 2387 Iisdem
957 2358 1010 2387 ex
1029 2346 1171 2395 caulis,
1200 2356 1252 2385 ex
1274 2345 1412 2399 quibus
1439 2345 1584 2385 bellum
1609 2343 1749 2395 justum
1778 2344 1835 2385 est
1866 2345 1906 2385 &
1927 2345 2006 2385 lici-

203 2419 283 2449 turn
301 2438 314 2458 ,
340 2417 539 2459 partorum
570 2417 729 2458 quoque
766 2405 939 2447 detentio
966 2405 1062 2457 justa
1082 2405 1246 2444 efficitur
1273 2415 1319 2443 ac
1343 2404 1457 2442 licita.
1516 2401 1720 2454 Spoliare,
1749 2413 1794 2442 ut
1814 2402 2007 2453 restituas,

202 2468 424 2520 imprudens
456 2466 494 2506 &
523 2464 742 2517 sumptuosa
766 2467 903 2505 levitas
939 2463 1008 2503 est.
1064 2462 1229 2504 Nullum
1260 2463 1298 2503 se
1327 2464 1503 2515 accipere
1535 2461 1767 2502 beneficium
1794 2460 2006 2511 existimat,

204 2529 270 2580 qui
303 2526 425 2568 hodie
440 2526 576 2577 recipit
590 2555 603 2574 ,
632 2525 740 2576 quod
758 2525 840 2564 heri
865 2525 968 2563 bello
986 2532 1148 2563 cruento
1162 2531 1339 2573 ereptum
1362 2522 1399 2562 ei
1431 2520 1568 2562 fuerat.
1628 2521 1870 2561 Arbitrantur
1898 2521 2004 2562 Prin·

206 2588 332 2638 cipes,
360 2585 600 2625 restitutione
624 2595 762 2636 pacem
785 2584 823 2624 se
848 2582 957 2636 posse
983 2593 1140 2632 emere,
1168 2581 1207 2622 &
1232 2580 1375 2621 bellum
1396 2580 1465 2621 fibi
1482 2577 1688 2621 accersunt.
1744 2580 1869 2634 Quod
1886 2593 2004 2621 occu-

206 2655 364 2700 parunt,
394 2643 656 2685 formidabiles
684 2654 755 2683 eos
774 2643 922 2692 reddit,
950 2642 1058 2694 quod
1082 2641 1305 2690 restituunt,
1337 2640 1676 2693 contemptibiles,
1706 2641 1793 2692 quia
1826 2641 2001 2692 plerique

206 2707 319 2746 animi
335 2707 520 2744 vilitatem
534 2705 851 2754 interpretantur,
881 2703 918 2742 &
935 2702 962 2742 fi
980 2699 1114 2753 postea
1135 2699 1371 2754 poenjtudine
1404 2699 1530 2747 ducti,
1560 2708 1625 2739 aut
1656 2700 1808 2740 laceffiti
1829 2699 1922 2740 illud
1942 2712 1999 2739 re-

206 2776 391 2816 cuperare
406 2763 669 2812 contendunt,
698 2763 871 2815 ingentes
906 2763 1154 2816 experiuntur
1186 2760 1435 2801 difficultates.
1495 2759 1646 2799 Vallem
1678 2757 1850 2799 Telinam
1877 2758 1998 2810 Maje-

205 2823 280 2864 stas
297 2824 359 2864 sua
389 2823 468 2876 (ut
485 2822 665 2862 invidiam
690 2834 846 2862 omnem
871 2822 906 2861 &
941 2822 1083 2861 bellum
1109 2819 1332 2874 effugeret)
1360 2821 1398 2859 in
1420 2819 1515 2860 sedis
1544 2817 1776 2870 Apostolicae
1807 2819 2000 2859 arbitrium

209 2883 521 2935 consignaverat,
550 2894 623 2933 qua
649 2881 786 2922 deinde
801 2882 820 2920 a
836 2881 987 2921 Francis
1020 2889 1240 2932 occupata,
1269 2878 1395 2918 Status
1412 2878 1713 2919 Mediolanensis
1738 2879 1780 2931 in
1798 2878 2000 2919 discrimen

209 2944 339 2991 venit,
372 2941 507 2981 &tota
524 2942 626 2980 ltalia
650 2953 839 2982 armorum
859 2942 1025 2981 tumultu
1058 2940 1284 2980 conturbata
1318 2937 1404 2977 fuit.
1466 2938 1704 2978 Detentione
1726 2949 1886 2986 eorum,
1915 2949 2000 2989 quae

211 3012 398 3053 occupata
425 2998 600 3050 fuerunt,
630 2999 833 3054 castigatur
850 3002 1062 3049 temeritas,
1087 2998 1127 3039 ἃ.
1150 2995 1319 3038 firmatur
1334 3000 1528 3050 potentia,
1554 2998 1664 3036 velut
1679 2996 1900 3049 pignoribus
1919 2998 2000 3050 qui·

209 3062 370 3103 busdam
389 3060 435 3099 ad
464 3060 708 3100 obtinendam
736 3071 890 3112 pacemr
919 3060 986 3100 ubi
1000 3058 1191 3099 neceffltas
1211 3056 1470 3110 postulaverit.
1532 3055 1704 3109 Tempus
1723 3056 1843 3108 ipsum
1870 3054 1907 3095 &
1933 3068 1999 3097 oc-

210 3122 313 3162 casio
340 3120 514 3160 erudient
543 3119 754 3170 Principes,
784 3121 922 3171 quibus
944 3120 982 3158 in
1013 3116 1157 3158 casibus
1182 3119 1368 3165 retinere,
1397 3126 1462 3156 aut
1485 3114 1680 3155 restituere
1720 3124 1920 3167 oporteat,
1950 3115 1999 3160 ad

212 3181 390 3220 evitanda
405 3181 544 3230 majora
562 3179 807 3218 incommoda
827 3180 863 3219 δι
886 3179 1073 3230 pericula,
1102 3188 1187 3228 quae
1207 3175 1228 3216 a
1245 3176 1446 3229 prudentia
1464 3186 1610 3223 tamen,
1642 3186 1720 3214 non
1751 3175 1798 3213 ab
1824 3176 1998 3215 ambitio·

211 3252 261 3281 ne
282 3239 492 3279 aestimanda
508 3237 590 3278 sunt
603 3267 617 3286 ‚
644 3239 750 3288 cujus
773 3250 876 3278 coeca
897 3238 1082 3290 cupiditas
1095 3237 1140 3277 iis
1165 3236 1262 3288 saepe
1281 3236 1433 3281 mediiS,
1465 3236 1600 3285 quibus
1615 3233 1741 3272 Status
1758 3233 1916 3275 dilatare
1932 3246 1995 3275 co-

214 3301 352 3352 gitabat
370 3329 381 3343 ,
412 3299 569 3338 eosdem
588 3299 783 3336 imminuit,¹

1866 3355 1904 3403 §0
1931 3350 2000 3393 So·
