2132 3730
455 205 1436 254 SYMBOLAPOLITICA.
1767 227 1850 267 197

457 408 1097 477 SYMBOLUM
1138 411 1362 478 XLIX.

148 1884 250 1926 Alde
275 1882 350 1939 (a)
377 1881 537 1925 dubitare
551 1896 672 1935 cogor,
692 1881 779 1935 fato
801 1881 854 1927 &⁹
858 1880 956 1934 sorte
979 1879 1132 1934 nastendi
1153 1890 1195 1922 ut
1207 1891 1355 1933 caetera,
1389 1885 1444 1924 ita
1473 1882 1679 1936 Prz‘ncffium
1704 1886 1846 1944 inclina,

174 1949 221 1986 tio
241 1947 277 1984 in
295 1946 372 1991 hos,
402 1951 467 1983 aut
488 1941 618 1996 cffenfio
634 1946 669 1982 in
692 1945 786 1991 illos,
816 1956 864 1982 an
871 1943 923 1994 fit
944 1942 1079 1996 aliquid
1099 1945 1135 1981 in
1154 1942 1281 1996 nastris
1299 1944 1458 1997 coifiliis,
1488 1945 1650 1998 liceatque
1673 1947 1766 1985 inter
1781 1947 1845 1985 ab·

171 2011 310 2057 ruptam
325 2005 587 2052 contumaciam,
616 2002 667 2046 &⁹
680 1999 828 2052 defhrme
853 1998 1040 2057 obſs‘quium
1055 2011 1204 2055 pergere
1229 2005 1296 2043 iter
1316 2003 1495 2043 ambitione
1517 2003 1568 2048 ἐξ)
1583 2006 1751 2056 periculis
1774 2019 1843 2046 va,-

23 2078 131 2105 cmmz.
191 2064 359 2104 Occulta
380 2062 553 2115 quaedam
574 2065 633 2102 vis
653 2062 832 2112 videtur,
863 2075 947 2116 quae
977 2061 1005 2102 fi
1028 2075 1108 2102 non
1147 2064 1339 2114 impellit,
1367 2073 1404 2102 at
1427 2074 1564 2102 movet
1600 2067 1842 2107 voluntatem

23 2125 214 2174 nostram,
245 2124 453 2164 &inclinat
481 2123 530 2164 ad
556 2135 674 2163 unum
696 2124 838 2176 magis,
869 2122 984 2174 quam
1003 2123 1050 2162 ad
1072 2125 1211 2162 alium:
1241 2122 1278 2162 &
1296 2122 1323 2162 fi
1350 2124 1387 2162 in
1406 2123 1573 2162 senfibus
1599 2124 1638 2163 &
1662 2127 1839 2176 appetitu

23 2186 184 2225 naturali
215 2185 394 2225 naturalis
424 2183 600 2237 quaedam
631 2181 686 2223 est
712 2194 800 2222 cum
828 2183 943 2223 rebus
963 2184 1076 2222 certis
1094 2183 1327 2234 sympathia,
1361 2192 1426 2221 aut
1448 2184 1676 2234 antipathia,
1708 2185 1840 2236 quidni

22 2247 62 2285 in
93 2243 235 2285 affeetu
260 2245 498 2284 voluntatis?
526 2242 641 2291 Esto,
670 2243 708 2282 in
735 2243 951 2294 appetitum
978 2242 1063 2293 plus
1095 2243 1247 2281 roboris
1269 2242 1309 2280 δι
1331 2244 1468 2281 virium
1495 2243 1661 2282 habeant
1677 2273 1689 2292 ,
1721 2243 1837 2296 quam

21 2306 62 2346 in
82 2306 323 2345 voluntatem
343 2305 526 2344 liberam:
555 2303 617 2342 ille
638 2303 740 2342 enim
759 2302 877 2353 magis
903 2311 1039 2340 contra
1061 2300 1204 2340 rectam
1227 2302 1414 2341 rationem
1431 2302 1580 2341 rebellis
1614 2303 1693 2351 est,
1720 2304 1833 2355 quam

23 2364 111 2411 ista3
142 2364 292 2405 diffiteri
328 2373 458 2408 tamen
484 2374 565 2403 non
593 2360 810 2414 postumus,
842 2361 1049 2412 plurimum
1073 2362 1112 2401 in
1141 2373 1192 2401 eo
1214 2372 1356 2413 genere
1378 2363 1506 2400 valere
1529 2363 1838 2413 inclinationem,

25 2436 140 2475 quam
159 2426 416 2465 communiter
438 2423 605 2474 sequitur
619 2423 739 2471 ratio,
769 2420 974 2474 praesertim
998 2421 1026 2460 si
1044 2434 1101 2461 ars
1129 2420 1167 2461 δι
1181 2420 1386 2473 prudentia
1410 2420 1543 2461 natura
1569 2423 1752 2475 Principis
1780 2425 1836 2463 uti

23 2486 227 2533 noverint,
258 2485 296 2524 &
318 2486 353 2523 ei
370 2484 621 2524 consentanea
639 2493 761 2534 agere.
823 2480 866 2520 In
886 2481 1064 2520 omnibus
1080 2481 1195 2520 rebus
1212 2490 1288 2521 tam
1304 2482 1497 2529 animatis,
1527 2482 1642 2533 quam
1663 2485 1835 2523 inanimis

24 2544 212 2583 secretum
228 2544 418 2595 quendam
454 2543 557 2594 quasi
583 2551 815 2581 concentum
839 2540 877 2579 &
898 2540 1120 2580 consensum
1131 2540 1331 2590 videmus,
1362 2553 1489 2591 neque
1509 2544 1699 2581 occultam
1720 2554 1836 2592 quan-

25 2603 114 2644 dam
132 2605 354 2653 amicitiam,
384 2603 489 2654 cujus
510 2604 661 2641 vincula
681 2609 904 2653 rumpantur
922 2599 1091 2649 facilius,
1124 2600 1238 2652 quam
1253 2599 1511 2648 diffolvantur‚
1573 2599 1642 2655 (h)
1673 2600 1766 2642 Nec
1782 2605 1837 2642 in„

20 2663 136 2715 juria,
169 2663 207 2702 &
237 2662 441 2703 adversitas
461 2664 500 2703 in
523 2662 632 2714 Rege
649 2661 795 2714 Joanne
812 2660 858 2699 ΙΙ.
882 2669 1042 2711 propter
1062 2661 1256 2711 privatum
1280 2671 1369 2712 erga
1395 2661 1580 2699 Alvarum
1610 2660 1759 2701 Lunam
1783 2661 1836 2702 af-

26 2722 197 2771 fectum,
228 2734 301 2762 nec
322 2724 360 2762 in
378 2723 456 2762 hoc
480 2720 639 2762 evidens
660 2723 775 2761 ruinae
804 2720 1018 2773 periculum
1043 2719 1127 2758 satis
1160 2717 1234 2758 effe
1259 2716 1446 2770 potuere,
1477 2718 1526 2758 ad
1555 2718 1837 2763 dissolvendum

25 2783 118 2823 illud
145 2784 283 2821 amoris
312 2783 527 2829 vinculum,
560 2794 638 2832 quo
675 2782 795 2820 ambae
830 2791 966 2819 eorum
995 2779 1217 2819 voluntates
1243 2779 1342 2817 inter
1362 2779 1399 2818 se
1428 2780 1543 2818 unitae
1571 2790 1689 2821 erant.
1753 2781 1833 2821 Sed

24 2843 95 2882 etsi
121 2854 201 2882 non
226 2842 270 2881 sit
288 2843 464 2881 naturalis
481 2840 547 2880 ista
567 2841 796 2892 propensio,
825 2840 928 2879 idem
949 2848 1078 2879 tamen
1095 2839 1246 2890 operari
1275 2838 1371 2877 solet
1397 2839 1591 2891 gratitudo
1624 2853 1697 2892 pro
1724 2841 1834 2881 obse-

26 2904 122 2954 quiis
139 2901 330 2955 praestitis,
363 2910 427 2939 aut
446 2900 582 2939 subditi
600 2913 677 2951 prae
711 2902 789 2940 aliis
815 2895 1054 2939 excellentia.
1117 2898 1253 2937 Virtus
1279 2899 1394 2949 seipsa
1424 2899 1538 2939 amari
1574 2912 1762 2950 meretur,
1794 2902 1833 2941 δε

24 2963 153 3001 nescio
179 2962 270 3013 quid
294 2959 368 3000 una
389 2963 514 3000 secum
533 2959 657 3000 adfert
682 2961 874 2999 voluntati
900 2968 1061 3011 gratum.
1119 2956 1249 2997 Nimis
1277 2958 1524 2998 inhumanum
1557 2959 1650 3000 effet
1677 2960 1832 3001 obstrin-

24 3032 115 3072 gere
136 3021 372 3073 Principem,
402 3029 446 3059 ut
464 3019 624 3059 affectus
641 3020 727 3059 suos
741 3020 888 3071 semper
904 3017 1163 3058 indifferentes
1179 3047 1191 3066 ,
1222 3017 1261 3056 &
1280 3017 1384 3069 quafi
1401 3020 1438 3059 iu
1456 3020 1664 3070 aequilibrio
1685 3021 1833 3071 suspen-

27 3079 88 3118 sos
104 3081 265 3129 habeat,
296 3081 360 3133 qui
376 3091 445 3131 per
461 3081 595 3119 oculos
609 3078 789 3119 &manus
804 3080 881 3119 sese
899 3078 1102 3120 effundunt
1128 3076 1149 3116 ὲ
1169 3075 1341 3129 pectore.
1401 3078 1502 3132 Quae
1533 3091 1698 3130 unquam
1730 3089 1832 3119 tanta

26 3136 103 3178 fuit
128 3141 326 3190 securitas,
356 3152 441 3192 quae
459 3140 539 3179 vim
572 3140 711 3192 privati
727 3141 863 3179 amoris
899 3137 1070 3190 effugere
1093 3138 1252 3178 omnino
1272 3138 1432 3189 potuit?
1461 3137 1590 3191 Quam
1623 3140 1750 3179 cordis
1777 3139 1831 3179 sui

880 3198 920 3237 D
938 3198 964 3238 d
986 3198 1011 3237 d
1772 3210 1832 3239 re-

789 3262 1059 3270 ——v———.———

34 3261 574 3326 ml.
628 3279 689 3324 (b)
715 3280 806 3315 Mar.
828 3279 917 3316 nist.
944 3279 1044 3328 Hisp.
1070 3277 1131 3313 nb.
1156 3290 1217 3314 20.
1235 3289 1310 3327 cap.
1340 3282 1397 3315 ιε,
