2132 3730
198 345 283 392 428
620 327 964 371 DJDACJ
1016 323 1544 368 sAAVEDRAE

198 422 349 463 dicebat
370 446 382 464 ‚
415 414 607 455 indusium
638 412 790 464 aliquod
813 412 1021 459 mortuale,
1048 411 1148 449 nulla
1164 409 1235 449 alia
1253 410 1377 449 secum
1394 409 1578 461 asportata
1595 409 1671 463 (a)
1698 411 1825 462 gloria.
1888 409 1985 452 Non

198 484 343 532 semper
370 474 612 527 Reipublicae
638 474 772 512 vivere
804 470 921 511 debet
938 470 1140 520 Princeps,
1172 468 1236 508 sed
1253 477 1404 519 tempus
1423 467 1575 521 aliquod
1598 467 1665 507 sibi
1691 481 1845 520 quoque
1875 471 1989 510 reser-

198 551 307 587 vare,
338 534 464 576 dando
484 544 668 586 operam,
700 539 742 570 ut
759 530 824 570 sub
849 531 938 570 vitae
959 528 1133 569 occasum
1156 529 1288 568 mortis
1317 528 1476 568 horizon
1506 529 1679 574 immunis
1708 529 1745 568 δε
1773 530 1866 571 liber
1900 531 1945 571 sit
1970 529 1991 571 a

198 597 405 651 vaporibus
423 593 662 638 ambitionis3
692 591 730 630 δι
759 588 781 629 a
795 590 959 630 nubibus
986 588 1191 640 pastionum
1215 595 1330 638 atque
1352 585 1577 633 affectuum3
1603 590 1657 627 uti
1678 586 1744 628 Sol
1763 590 1800 628 in
1815 592 1988 641 praesenti

199 658 355 699 exhibet
374 654 561 704 Symbolo
579 681 591 700 ‚
622 652 684 690 cui
714 648 955 689 occasionem
992 647 1096 687 dedit
1124 646 1364 699 sepulchrum
1389 645 1521 698 josue,
1550 647 1695 696 inquo
1724 648 1989 692 simulachrum

199 720 296 759 Solis
321 714 488 756 etesium
507 711 601 760 fuit,
631 711 698 750 illo
718 719 844 749 tamen
867 708 1076 748 discrimine
1100 736 1113 756 ,
1143 707 1315 758 quodibi
1343 704 1489 757 positus
1502 703 1669 744 fueritin
1686 705 1904 750 'memoriam
1920 709 1991 751 sta-

199 780 311 820 tionis
334 777 426 821 suae,
457 783 570 823 quam
586 767 756 823 praestitit
772 770 864 809 voci
881 769 975 807 illius
1012 766 1085 820 (b)
1114 765 1361 812 obediend03
1389 765 1452 805 hic
1476 762 1574 804 vero
1609 763 1656 803 ad
1684 764 1990 819 significandum,

201 837 306 893 quod
328 834 434 875 sicuti
455 833 573 870 clarus
593 829 826 879 serenusque
847 827 945 867 Solis
965 828 1092 866 obitus
1118 835 1265 865 certum
1297 824 1441 877 signum
1457 823 1512 863 est
1533 834 1645 863 mane
1669 824 1839 876 sequenti
1857 828 1993 869 iterum

200 910 288 939 cum
316 893 511 936 serenitate
535 890 690 935 orituri,
712 890 756 928 iis
771 889 990 939 imperium,
1020 884 1124 938 quod
1143 883 1269 925 sancte
1298 883 1510 924 &feliciter
1527 882 1736 932 clauditur,
1766 884 1926 926 denotet
1938 886 1993 927 fe-

201 960 310 998 licem
337 961 492 1006 quoque
508 948 613 997 fore,
645 949 710 1000 qui
727 949 766 987 in
795 948 997 1000 proemium
1021 946 1171 985 virtutis
1193 944 1231 985 &
1246 943 1550 995 ultimiexempli
1566 942 1676 993 hujus
1695 944 1858 985 efficacia
1873 948 1909 986 in
1931 958 1996 986 eo·

201 1018 288 1057 dem
307 1009 534 1054 successurus
559 1007 627 1048 est.
687 1005 777 1047 Rite
791 1008 926 1046 vivere
942 1006 980 1045 &
1010 1007 1108 1044 mori
1128 1006 1239 1044 etiam
1267 1002 1384 1044 docet
1396 1001 1586 1056 religiosus
1607 1002 1670 1042 ille
1696 1002 1852 1045 secess‘us
1879 1006 1998 1045 Caro-

200 1079 225 1116 li
244 1073 294 1113 V.
319 1069 581 1122 Imperatoris,
612 1076 689 1106 tam
730 1065 752 1106 a
775 1067 874 1106 curis
899 1065 1060 1118 publicis
1080 1066 1207 1112 alieni,
1237 1064 1489 1114 ut'nunquam
1508 1063 1667 1114 amplius
1688 1061 1737 1102 de
1760 1064 1999 1106 Monarchiae

201 1136 276 1175 suae
292 1130 454 1186 pristinae
474 1127 571 1168 statu
591 1125 858 1175 sciscitaretur,
886 1124 1060 1164 traduisto
1078 1124 1153 1175 jam
1176 1123 1319 1176 ingenti
1341 1121 1406 1162 illo
1429 1124 1556 1163 animo
1579 1121 1628 1161 ad
1649 1121 1803 1164 heroica
1833 1123 1921 1164 alias
1946 1123 2000 1165 fa-

201 1196 330 1234 cinora
354 1188 446 1230 fleto
468 1185 673 1238 factoque,
702 1185 750 1224 ad
769 1186 909 1225 hortuli
933 1184 1087 1235 alicujus
1105 1184 1289 1223 culturam
1302 1212 1314 1231 ,
1344 1181 1383 1222 δι
1402 1182 1451 1222 ad
1466 1180 1648 1223 fallendas
1665 1182 1777 1223 horas
1798 1182 1824 1238 (
1831 1183 1918 1237 post
1929 1184 2000 1237 spi.

201 1253 345 1294 ritualia
364 1246 519 1301 peraeta
539 1244 750 1298 exercitia)
780 1244 979 1296 ingeniosis
1005 1242 1229 1294 quibusdam
1253 1242 1410 1287 artibus.

379 1308 413 1359 ς.
444 1305 565 1360 Quod
589 1305 616 1345 fi
631 1316 766 1358 graves
786 1302 1099 1356 pertimescantur
1125 1300 1412 1350 controversiae,
1442 1310 1508 1341 aut
1532 1301 1734 1343 seditiones
1760 1303 1798 1342 in
1832 1302 1909 1355 ipsa
1924 1302 2001 1342 Co-

202 1383 305 1411 ronoe
327 1367 579 1414 successione,
610 1364 656 1403 ad
677 1376 811 1404 eorum
833 1364 1038 1416 pertinebit
1065 1361 1303 1415 prudentiam
1318 1391 1329 1409 ,
1360 1362 1423 1413 qui
1448 1363 1625 1401 morienti
1643 1361 1805 1414 Principi
1829 1361 2000 1412 assistunt,

203 1440 247 1471 ut
267 1437 438 1470 mortem·
453 1426 532 1477 ejus
554 1425 735 1464 secretam
758 1424 944 1470 habeant,
974 1433 1153 1472 eamque,
1169 1421 1206 1459 &
1225 1422 1307 1469 quis
1324 1432 1448 1458 rerum
1467 1423 1657 1470 potiatur,
1687 1433 1766 1460 uno
1784 1422 2000 1474 eodemque

208 1490 402 1539 divulgent
419 1494 613 1535 tempore:
643 1485 680 1521 in
704 1481 889 1532 eJ'usmodi
912 1482 1013 1519 enim
1037 1478 1181 1518 casibus
1211 1480 1378 1527 populus
1391 1478 1530 1526 juveni
1549 1478 1700 1516 cuidam
1725 1490 1827 1529 equo
1850 1479 1887 1518 δι
1905 1489 2000 1521 non-

205 1548 297 1587 dum
329 1545 478 1583 domito
503 1541 627 1580 similis
654 1538 729 1578 esse
750 1540 867 1585 solet,
897 1539 962 1588 qui
982 1536 1049 1575 nili
1072 1537 1174 1586 prius
1199 1535 1384 1586 ephippio
1410 1534 1654 1584 insternatur,
1684 1535 1799 1588 quarn-
1830 1539 1922 1579 illud
1943 1541 2001 1580 vi-

205 1605 314 1653 deat,
343 1613 423 1641 non
441 1598 617 1639 admittit:
674 1595 762 1636 Hac
779 1607 867 1635 cum
888 1594 1088 1647 prudentia
1104 1593 1214 1633 Livia
1233 1592 1390 1645 Augusti
1408 1593 1549 1634 celavit
1579 1596 1753 1644 obitum,
1785 1597 1910 1638 donec
1939 1599 2004 1639 Ti-

205 1664 332 1706 berius
352 1662 390 1701 in
415 1659 493 1710 ejus
518 1660 650 1697 locum
688 1653 754 1711 (c)
783 1656 1033 1701 sufficeretur,
1060 1655 1117 1693 uti
1151 1653 1189 1693 ὅτ.
1214 1654 1422 1706 Agrippina
1447 1664 1611 1694 mortem
1643 1654 1814 1707 Claudii,
1844 1658 1890 1698 ab
1925 1660 2001 1711 ipsa

205 1733 360 1765 veneno
377 1719 530 1766 sublati,
562 1724 665 1756 tanta
692 1727 780 1754 cum
812 1714 1115 1763 dissimulatione,
1144 1722 1189 1751 ut
1213 1724 1262 1752 eo
1293 1714 1406 1752 etiam
1435 1712 1619 1754 defundto
1645 1714 1724 1766 ejus
1753 1719 1908 1758 nomine
1937 1730 2005 1759 co.

206 1792 357 1837 geretur
373 1779 552 1825 Senatus,
581 1775 619 1816 δε
652 1773 789 1815 fierent
815 1775 1108 1829 supplicationes
1145 1785 1216 1825 pro
1244 1772 1413 1823 ejusdem
1441 1773 1579 1824 salute,
1606 1782 1835 1828 tempusque
1866 1779 2000 1832 su'ppe.

206 1852 328 1894 teret,
357 1849 399 1880 ut
423 1838 573 1878 interim
593 1835 642 1875 de
664 1834 834 1875 Neronis
866 1833 941 1889 (d)
975 1833 1200 1874 successione
1226 1841 1411 1886 ageretur.
1598 1833 1617 1848 ’-

375 1899 589 1949 Divulgato
613 1896 795 1947 Principis
813 1895 944 1943 obitu,
973 1905 1047 1934 nec
1070 1895 1212 1945 pietas,
1240 1904 1313 1933 nec
1341 1891 1542 1945 prudentia
1565 1893 1775 1943 lachrymas
1799 1894 1836 1934 δι
1866 1896 1999 1937 moesti-

208 1960 314 2002 stitiae
328 1959 429 2012 signa
446 1955 660 1997 cohibenda
685 1954 833 1994 suadet:
860 1965 988 2005 neque
1003 1954 1104 1994 enim
1131 1952 1289 2004 Spiritus
1315 1951 1460 1991 sanetus
1474 1963 1519 1991 ea
1541 1950 1625 1994 ullo‘
1646 1953 1767 1993 modo
1796 1957 2001 2007 prohibet,

209 2022 301 2072 quin
318 2019 478 2058 consulit
491 2047 504 2066 ,
533 2014 675 2069 potius.
733 2012 958 2067 Abnerise)
969 2015 1136 2053 mortem
1153 2012 1351 2053 universus
1365 2012 1580 2062 deploravit
1589 2014 1756 2064 populus
1771 2044 1782 2062 ,
1811 2014 1850 2054 δε
1870 2014 2002 2057 David

210 2079 288 2132 ipse
317 2076 430 2117 funus
446 2078 540 2116 illius
557 2075 674 2125 usque
684 2073 731 2113 ad
747 2074 984 2126 sepulchrum
1002 2072 1223 2125 prosecutus
1253 2068 1334 2125 (f)
1357 2070 1428 2110 est.
1487 2070 1566 2111 Etsi
1584 2073 1684 2112 enim
1701 2084 1779 2113 non
1799 2073 2002 2128 defintpiae

211 2138 385 2191 quaedam
421 2149 464 2175 ac
492 2133 708 2173 Christianae
735 2133 1081 2181 considerationes,
1114 2143 1196 2183 quae
1227 2131 1333 2171 solari
1365 2142 1436 2170 nos
1473 2131 1628 2182 possint,
1657 2133 1745 2173 licet
1771 2134 1862 2173 item
1897 2145 2003 2175 certa

211 2198 382 2251 quasdam
398 2195 513 2236 fuerit
536 2194 682 2242 Natio,
714 2205 797 2244 qua:
824 2193 959 2231 minori
979 2191 1265 2231 immortalitatis
1290 2191 1376 2229 luce
1393 2191 1548 2242 praedita
1567 2191 1780 2232 nascentem
1798 2194 2002 2245 lachrymis

210 2258 529 2311 prosequeretur,
561 2253 599 2293 δε
630 2251 709 2292 vita
740 2251 974 2293 defundum
993 2250 1146 2292 efferret
1171 2262 1258 2290 cum
1290 2249 1453 2302 gaudi0,
1484 2252 1540 2290 hae
1577 2261 1702 2291 tamen
1726 2263 1859 2293 omnes
1882 2255 2003 2295 consi-

213 2318 427 2358 derationes
453 2325 525 2367 pro
544 2315 588 2352 iis
606 2312 726 2353 solum
743 2312 854 2361 sunt,
883 2313 947 2364 qui
968 2311 1015 2351 ad
1030 2311 1227 2351 meliorem
1256 2311 1374 2349 vitam
1391 2308 1591 2359 transiere,
1621 2324 1699 2350 non
1727 2324 1798 2363 pro
1821 2314 2004 2355 vivorum

212 2376 461 2418 dereliffione
489 2373 528 2413 δε
554 2372 764 2412 solitudine.
819 2371 944 2412 Etiam
982 2369 1150 2411 Christus
1178 2370 1370 2408 Dominus
1403 2369 1584 2408 Servator
1619 2369 1745 2409 noster
1769 2370 1956 2413 Lazarum
1981 2372 2004 2412 a

215 2438 374 2477 mortuis
395 2434 631 2475 suscitaturus
653 2432 699 2471 ad
723 2431 961 2485 sepulchrum
986 2430 1081 2469 illius
1095 2428 1305 2478 lachrymas
1327 2425 1412 2480 (g)
1425 2457 1427 2459 -
1442 2427 1639 2468 effundere
1654 2429 1755 2470 visus
1777 2428 1843 2471 est.
1898 2431 2000 2473 Ulti-

215 2508 276 2536 ma
300 2497 382 2534 haec
409 2491 533 2533 Ιιιξὶιιε
551 2491 686 2530 indicia
708 2491 832 2531 dolori
866 2490 904 2529 &
939 2487 1181 2529 teneritudini
1211 2486 1434 2527 naturalium
1459 2485 1665 2529 affectuum
1695 2487 1901 2540 prohibere
1936 2503 2003 2532 ne—

219 2563 377 2607 queunt.
437 2549 608 2592 Bilances
627 2551 731 2599 sunt,
760 2562 843 2603 quae
862 2548 1032 2589 defundii
1060 2549 1240 2600 Principis
1258 2547 1480 2600 expendunt
1505 2549 1658 2599 merita,
1687 2548 1900 2602 quibusque
1910 2549 2001 2590 aesti-

217 2616 307 2655 mari
327 2611 476 2666 potest,
504 2613 542 2650 in
563 2620 706 2662 quanto
724 2610 825 2662 apud
849 2611 1036 2662 populum
1061 2607 1174 2647 suerit
1194 2607 1349 2659 pretio:
1378 2606 1521 2648 obrusae
1547 2609 1639 2648 item
1657 2609 1815 2657 amoris,
1843 2609 1882 2649 δε
1907 2610 2001 2651 obe-

216 2674 365 2714 dientiae
382 2674 418 2710 in
441 2670 597 2710 subditis
612 2701 623 2719 ,
654 2671 791 2723 quibus
812 2669 999 2709 servitutis
1021 2667 1145 2708 annuli
1166 2667 1281 2720 magis
1297 2667 1432 2706 indies
1450 2667 1755 2717 consolidantur,
1784 2668 1823 2709 &
1845 2667 2003 2710 Succes-

216 2734 287 2773 sori
311 2734 459 2772 animus
476 2730 649 2770 additur.
706 2729 804 2769 Non
820 2738 975 2781 oportet
995 2737 1120 2768 tamen
1153 2727 1199 2765 ad
1219 2724 1362 2766 mistum
1387 2726 1642 2780 sumptuosum
1668 2725 1900 2782 obstringere
1928 2742 2001 2782 po.

216 2793 350 2845 pulum
363 2821 375 2842 ,
405 2802 454 2830 ne
472 2789 652 2841 Principis
678 2801 781 2829 mors
797 2790 907 2832 nimis
923 2791 957 2828 ei
977 2800 1091 2841 grave
1119 2788 1299 2826 tributum
1316 2785 1393 2828 fiat.
1905 2826 1921 2829 ..

384 2850 421 2900 §‚
451 2848 596 2901 Pompa
624 2848 816 2897 funebris,
847 2848 1046 2888 Mausolea
1066 2845 1280 2900 magnifica,
1311 2844 1490 2885 adornata
1508 2844 1634 2901 statuis
1659 2847 1696 2887 &
1722 2849 1904 2892 caelaturis
1921 2861 1997 2889 ma-r

217 2919 378 2964 gnorum
403 2909 643 2961 sumptuum,
671 2921 751 2948 non
777 2919 879 2948 mera
915 2908 1131 2959 Principum
1163 2906 1308 2946 vanitas
1337 2903 1502 2945 aestimari
1534 2904 1697 2956 debent,
1727 2906 1791 2946 sed
1819 2908 2000 2960 generosa

218 2967 390 3021 quaedam
416 2969 537 3019 pietas
562 2968 713 3020 potitis,
742 2979 826 3019 quae
860 2968 1033 3007 ultimum
1064 2966 1230 3018 designat
1257 2965 1429 3004 humanae
1462 2964 1669 3017 Majestatis
1702 2968 1931 3014 terminum,
1961 2967 1998 3007 δε

1906 3038 2001 3066 Ι-Πὶῖἶ-

313 3124 375 3171 (a)
402 3125 505 3160 Homo
520 3123 594 3160 ciam
608 3125 803 3163 interierit,
827 3136 892 3159 non
900 3121 1016 3167 sttmet
1026 3122 1166 3164 :omnim
1189 3132 1295 3173 neque
1309 3119 1477 3166 &stendit
1489 3133 1565 3156 cum
1580 3133 1615 3156 co
1623 3117 1743 3171 gloria
1762 3120 1841 3164 ejus.
1870 3119 1923 3158 Pfi
1936 3124 1997 3166 48-

223 3182 280 3218 18.
333 3176 400 3224 (b)
426 3180 670 3226 steteruntque
681 3174 749 3217 Sol,
765 3174 809 3217 ό·
824 3177 942 3214 Luna,
969 3174 1036 3223 Josl
1061 3185 1115 3210 10.
1141 3184 1196 3220 13.
1247 3174 1309 3222 (c)
1335 3173 1448 3209 simul
1467 3168 1624 3222 exccffi'ffl
1649 3169 1860 3222 Augustum,
1886 3169 1998 3213 &ren

217 3242 294 3265 rum
328 3228 439 3278 potiri
452 3232 619 3267 Neronem
632 3224 745 3276 fama
758 3226 878 3264 eadem
894 3224 991 3262 tulit.
1017 3225 1102 3262 Tac.
1125 3224 1186 3263 lib.
1212 3237 1245 3264 1.
1271 3227 1397 3262 Annal.
1451 3226 1511 3269 (d)
1537 3228 1631 3260 Dum
1658 3236 1712 3267 res
1727 3221 1905 3273 firmando
1931 3227 1996 3259 Ne-

217 3281 308 3316 ronis
324 3281 464 3331 imperio
483 3288 735 3331 componuntur.
765 3281 851 3315 Tac.
870 3278 931 3315 lib.
959 3289 1015 3315 12,
1039 3276 1167 3314 Annai.
1220 3279 1279 3325 (e)
1304 3276 1368 3313 Fili
1393 3279 1431 3312 in
1459 3285 1634 3313 mortuum
1646 3275 1774 3327 produc
1793 3272 1996 3325 lachrymas.

217 3331 430 3383 Ecclessgss.
451 3335 509 3371 1‘6.
563 3331 629 3378 (f)
657 3331 818 3383 plangite
829 3340 914 3367 ante
926 3331 1091 3383 exequias
1106 3328 1241 3370 Aban,
1254 3339 1353 3380 porro
1368 3327 1498 3366 David
1510 3324 1719 3379 fiquebatur
1741 3325 1932 3378 feretrum.
1961 3341 1998 3365 2.

218 3386 309 3434 Reg.
331 3397 360 3430 3.
380 3394 438 3428 31.
492 3386 552 3433 (g)
579 3387 621 3419 J-:t
635 3376 869 3431 lachrimatas
884 3381 929 3432 est
953 3381 1094 3430 'JESUS
1112 3382 1212 3431 Joan.
1237 3393 1293 3419 11.
1314 3391 1369 3428 35.
