2132 3730
254 235 338 278 2110
690 224 1630 267 DJDACJSAAVEDRAE,

508 293 645 301 „vm-‘⁴

248 302 414 364 deinde,
447 315 472 353 si
511 313 587 361 ejus
614 312 651 347 se
673 309 845 359 opinioni
864 306 1158 346 accommodare
1173 310 1359 357 noluerit,
1390 310 1637 359 perniciosam
1664 310 1852 362 regiminis
1875 309 2058 347 mutatio.

247 391 336 418 nem
362 371 568 415 machinari
601 367 671 420 (a)
703 367 853 406 audeat.
912 366 1079 405 Tametsi
1101 366 1196 407 vero
1221 369 1454 421 intelligendi
1475 369 1534 407 vis
1554 370 1591 407 in
1615 380 1664 407 eo
1685 363 1824 421 genere
1851 369 1969 408 libera
1994 367 2062 416 fit,

246 439 285 478 ὃς
309 438 404 476 salva
428 432 489 470 sua
512 429 710 476 libertate,
742 426 789 466 ad
812 426 1045 465 credendum
1073 427 1159 478 cogi
1180 438 1366 478 nequeat,
1398 427 1578 479 adeoque
1596 427 1673 467 Dei
1701 429 1812 468 solius
1835 427 1910 467 effe
1930 426 2062 467 videa-

248 507 332 542 tur,
363 503 449 532 eum
479 489 688 540 corrigere,
719 488 782 538 qui
817 487 923 526 secus
953 486 1001 525 de
1031 485 1112 537 ipso
1143 484 1212 539 (b)
1244 486 1374 535 sentit,
1407 500 1451 525 ac
1480 496 1664 539 oportet,
1694 490 1902 539 gravislima
1930 496 2062 526 tamen

247 555 336 596 inde
353 550 593 591 nascerentur
611 545 881 594 incommoda,
914 546 941 585 s1
965 545 1106 585 decisio
1141 545 1191 584 de
1217 547 1389 586 altiffimis
1411 546 1501 586 fidei
1520 545 1707 597 mysteriis
1733 560 1848 587 coecae
1869 548 1908 587 δε
1938 548 2062 598 impe—

245 617 324 654 ritae
357 609 568 662 plebeculae
597 608 921 646 committeretur·
960 615 1075 657 atque
1100 603 1190 644 ideo
1218 606 1330 645 valde
1364 609 1549 647 convenit
1581 607 1752 659 obligare
1784 608 1985 655 subditos,
2016 613 2062 644 ut

246 667 574 724 quemadmodum
594 677 747 706 veteres
778 664 961 706 Germani
981 665 1177 714 solebant,
1208 663 1368 706 sanetius
1396 679 1440 706 ac
1468 668 1707 706 reverentius
1734 667 1875 707 ducant
1885 681 1900 718 3
1930 663 2064 706 crede-

244 745 286 771 re
309 743 368 770 res
401 726 465 782 (c)
498 727 646 767 divinas
668 725 781 777 quam
802 726 908 764 scire.
971 725 1070 778 Quis
1095 737 1200 765 error
1226 733 1303 764 tam
1328 726 1473 766 insanus
1499 737 1565 766 aut
1589 725 1736 771 faedus,
1767 728 1803 765 in
1840 739 1956 778 quem
1981 735 2064 764 non

243 790 387 832 incidat
413 799 571 840 regnum
592 786 768 835 aliquod,
799 785 826 824 si
844 786 892 824 de
907 785 1020 824 rebus
1035 784 1247 838 Religionis
1271 786 1322 824 illi
1345 784 1550 835 dijudicare
1576 786 1714 826 liceat?
1744 784 1849 826 Hinc
1875 795 1979 825 tanta
1995 795 2062 823 cu-

246 865 289 892 ra
312 857 498 889 caverunt
522 848 613 886 olim
642 846 828 893 Romani,
851 860 890 884 we
910 847 969 898 qm‘
987 844 1050 896 mfi
1063 845 1212 885 Romam·
1228 844 1321 894 Dei,
1354 857 1412 884 nec
1426 859 1489 898 quo
1504 847 1568 886 olio
1608 859 1720 895 more,
1750 858 1853 898 qoam
1866 846 1989 898 patrio
2011 855 2063 882 co-

245 913 408 953 lerentur.
478 906 530 946 Et
551 905 730 945 Claudius
756 908 922 956 graviter
940 916 1028 944 cum
1052 904 1194 944 Senatu
1218 903 1450 956 conquestus
1472 904 1565 953 fuit,
1600 905 1707 957 quod
1739 916 1907 945 externae
1934 903 2064 955 super-

244 970 417 1012 stitiones
444 964 519 1021 (d)
550 964 894 1004 introducerentur.
957 965 1140 1004 Attamen
1166 964 1193 1003 fi
1207 964 1283 1015 jam
1308 964 1458 1004 Malitia
1473 964 1614 1016 pedem
1648 964 1794 1014 fixerit,
1824 975 1952 1016 neque
1975 974 2062 1002 cor-

246 1029 367 1070 rectio
386 1026 564 1066 adversus
594 1024 875 1064 multitudinem
912 1025 993 1063 vim
1039 1037 1083 1063 ac
1105 1024 1224 1064 robur
1259 1025 1402 1064 habere
1428 1025 1619 1075 potuerit,
1649 1024 1852 1065 Prudentia
1881 1031 2065 1076 operetur
2124 1069 2126 1071 ‚

193 1081 202 1087 “
245 1086 397 1132 necesse
421 1084 495 1135 est,
527 1084 634 1137 quod
655 1086 740 1123 alias
762 1083 903 1123 ferrum
921 1083 957 1122 &
979 1083 1131 1124 flamma
1150 1083 1362 1124 debuissent
1385 1085 1557 1123 efficere:
1583 1096 1672 1123 narn
1689 1085 1853 1136 augescit
1868 1081 2064 1122 interdum

247 1147 476 1191 defletorum
491 1145 718 1197 pertinacia,
742 1143 769 1183 si
787 1144 954 1183 remedia
980 1144 1230 1183 adhibeantur
1250 1143 1540 1197 intempestiva,
1571 1144 1608 1182 δι
1631 1145 1716 1195 plus
1736 1156 1847 1195 aequo
1871 1142 2060 1187 violent-33

246 1220 375 1261 neque
401 1207 546 1255 semper
565 1206 605 1243 vi
630 1204 733 1243 cedit
758 1205 869 1243 ratio.
928 1202 1175 1242 Reccaredus
1195 1203 1283 1242 Rex
1298 1216 1432 1257 magna
1456 1216 1543 1243 cum
1573 1203 1744 1250 solertia,
1776 1203 1943 1254 tempori
1983 1209 2066 1239 tan-

249 1271 363 1322 tisper
394 1265 610 1305 cedendum
645 1275 768 1312 ratus,
800 1275 903 1302 nunc
928 1262 1210 1311 dissimuland0‚
1239 1275 1342 1304 nunc
1375 1263 1632 1315 blandiendO,
1664 1263 1795 1302 sensim
1835 1263 1988 1310 effecit,
2017 1267 2062 1297 ut

249 1329 386 1370 subditi
407 1325 487 1377 ejus
506 1335 640 1365 omnes
659 1325 819 1364 Arriana
838 1321 998 1375 perfidia
1030 1322 1206 1362 abdicata
1234 1322 1282 1361 ad
1313 1323 1494 1363 Ecclefiae
1521 1323 1731 1362 Catholicae
1759 1322 1877 1362 castra
1906 1320 2066 1361 commi-

250 1396 412 1442 gratent.

423 1444 457 1496 ς.
489 1442 625 1495 Magni
647 1442 785 1480 heroes
811 1439 902 1481 olim
924 1441 979 1480 Usl
996 1441 1079 1481 sunt
1108 1440 1373 1494 superstitione
1396 1439 1475 1492 (ut
1502 1440 1704 1494 diximus)
1734 1450 1776 1480 ut
1815 1440 1960 1492 legibus
1992 1439 2068 1478 suis
2124 1472 2127 1480 ,

252 1504 521 1547 auctoritatem
537 1511 740 1554 parerent,
772 1509 887 1551 atque
906 1502 1052 1540 animos
1072 1501 1277 1541 redderent
1308 1501 1485 1552 Populo,
1517 1501 1711 1552 magisque
1737 1513 1825 1540 eum
1849 1502 1886 1538 in
1912 1497 2066 1538 submis-

253 1568 362 1608 slone
392 1564 430 1603 &
459 1563 586 1602 officio
611 1562 879 1607 continerent,
909 1561 946 1598 in
967 1561 1071 1599 hunc
1094 1560 1211 1600 finem
1232 1562 1374 1600 somnia
1391 1560 1588 1614 fingebant
1626 1561 1807 1600 divinitus
1834 1560 1901 1599 fibi
1930 1557 2066 1598 immis-
2130 1560 2132 1571 ⁴

250 1627 310 1674 sa,
342 1622 653 1663 conversationes
682 1620 843 1658 secretas
868 1618 905 1657 &
922 1618 1213 1659 familiaritatem
1230 1632 1317 1659 culn
1336 1620 1422 1659 Diis
1432 1634 1444 1668 ,·
1476 1620 1512 1660 ἃ
1530 1621 1619 1658 licet
1646 1621 1705 1659 hae
1731 1630 1828 1658 artes
1849 1619 1952 1670 apud
1980 1618 2066 1656 sim·
2125 1622 2129 1658 Γ,

250 1687 392 1738 plicem
418 1681 660 1733 plebeculam
685 1676 892 1729 plurimum
916 1679 1092 1726 valeant,
1123 1689 1262 1730 utpote
1277 1679 1383 1730 cujus
1406 1681 1598 1731 ingenium
1626 1679 1920 1731 superstitiosum
1948 1678 2066 1716 rebus
2125 1679 2132 1682 “

250 1741 462 1796 ejusmodi,
493 1751 577 1791 quae
593 1738 702 1789 supra
724 1746 896 1776 naturam
914 1734 987 1777 ess'e
1011 1737 1214 1786 videntur,
1245 1736 1357 1776 facile
1377 1740 1550 1789 capiturt
1578 1750 1659 1777 non
1683 1738 1738 1778 est
1755 1748 1884 1777 tamen
1924 1738 2066 1777 Princi-
2122 1775 2125 1778 ,

250 1805 365 1859 pibus
392 1802 564 1847 licitum,
597 1810 680 1837 eam
705 1798 897 1836 ementitis
921 1798 1129 1845 miraculis,
1161 1797 1199 1837 δι
1229 1795 1318 1837 falsa
1355 1797 1565 1850 Religionis
1591 1798 1720 1849 specie
1746 1796 1940 1836 deludere,
2001 1796 2068 1836 Ad

254 1863 347 1916 quid
364 1861 523 1907 umbra,
555 1858 622 1897 ubi
640 1858 726 1896 luce
752 1856 828 1907 ipsa
849 1854 923 1894 frui
945 1855 1172 1905 possumus?
1201 1857 1266 1896 Ad
1289 1858 1353 1907 qui
1366 1858 1541 1909 prodigia
1566 1858 1626 1897 illa
1643 1857 1693 1897 de
1718 1859 1817 1897 coelo
1852 1856 2004 1905 fietitia,
2036 1856 2070 1897 fi

255 1933 318 1963 tot
349 1933 393 1960 ac
428 1927 530 1958 tanta
557 1918 601 1955 iis
624 1916 848 1965 suppetant,
877 1922 921 1951 ut
950 1914 1142 1962 vidimus,
1173 1917 1239 1963 qui
1269 1914 1376 1953 firma
1403 1928 1490 1954 cum
1514 1916 1652 1955 fiducia
1689 1929 1732 1955 ea
1759 1916 2019 1968 praestolantur
2045 1912 2069 1955 ᾗ,

255 1978 503 2023 Providentia
525 1975 682 2015 divina?
714 1971 930 2025 Quomodo
946 1972 1156 2023 justissimus
1173 1972 1284 2012 Deus
1315 1973 1507 2023 ejusmodi
1535 1976 1676 2014 artibus
1693 1975 1898 2014 successum
1917 1976 2068 2016 bonurn

254 2044 378 2094 largiri
401 2037 565 2090 poterit,
598 2046 682 2086 quae
708 2044 842 2081 ¹curam
871 2030 985 2082 ipsius
1015 2045 1058 2070 ac
1083 2032 1374 2072 sollicitudinem
1406 2035 1443 2072 in
1471 2045 1596 2072 rerum
1631 2034 1812 2073 harumce
1841 2034 2069 2075 inferiorum

255 2099 536 2156 gubernatione
554 2094 742 2140 incusant,
774 2104 858 2143 qute
887 2091 1000 2142 ipsius
1029 2093 1243 2142 potentiam
1270 2091 1363 2130 falso
1400 2092 1646 2141 confingunt,
1678 2104 1840 2143 quaeque
1869 2094 1917 2132 illi
1947 2094 2069 2133 tribu-
2127 2118 2132 2138 ἱ

256 2172 345 2209 unt,
378 2158 484 2208 cujus
511 2155 590 2206 ipse
628 2151 762 2192 auftor
790 2162 870 2190 non
899 2150 979 2189 est?
1009 2151 1137 2204 Quam
1161 2150 1428 2190 certitudinem
1453 2153 1491 2190 in
1513 2152 1714 2203 Religione
1732 2152 1798 2190 sibi
1820 2154 2067 2204 pollicebitur
2130 2168 2132 2170 ·

255 2222 450 2273 Populus,
483 2214 511 2254 sl
526 2225 612 2254 eam
636 2212 683 2252 ad
707 2210 804 2251 fines
825 2209 1044 2262 Principum
1060 2212 1303 2263 particulares
1327 2211 1549 2262 detorqueri
1574 2211 1704 2250 videat
1719 2243 1730 2259 ,
1760 2211 1809 2251 eo
1835 2211 1940 2262 quod
1958 2222 2069 2264 tegu-
2128 2204 2130 2206 V

256 2289 433 2325 mentum
453 2271 724 2316 tantummodo
743 2270 809 2320 fit,
839 2281 918 2320 quo
947 2273 1027 2310 luas
1045 2272 1271 2323 cooperiant
1295 2269 1467 2320 fraudes,
1498 2270 1537 2310 δε
1557 2272 1758 2311 veritatem
1791 2271 1981 2311 mendacii
2008 2284 2065 2310 ar-

257 2341 403 2397 guant?
433 2334 536 2376 Non
551 2332 606 2374 est
620 2333 750 2373 secura
777 2331 958 2382 Politica,
987 2343 1071 2384 quae
1094 2330 1193 2371 dolis
1209 2330 1286 2371 sese
1301 2329 1435 2381 vestit,
1465 2342 1539 2372 nec
1559 2329 1666 2372 firma
1684 2332 1781 2371 ratio
1809 2329 1946 2381 status,
1977 2343 2066 2384 quae

257 2401 410 2444 technis
428 2396 573 2436 nititur.

363 2565 420 2613 (a)
448 2567 509 2600 Eos
523 2573 609 2598 vero
626 2558 686 2613 qui
699 2560 739 2596 in
750 2557 888 2596 divinis
912 2556 1053 2610 aliquid
1065 2559 1262 2599 innovant,
1287 2556 1359 2594 odio
1373 2554 1477 2599 habe,
1505 2557 1552 2601 όν
1563 2560 1688 2597 coerce,
1716 2571 1781 2594 non
1797 2562 1948 2594 Deorum
1953 2554 2067 2602 so'lum
2129 2556 2132 2569 ²

261 2616 365 2660 causti
382 2621 487 2669 (quos
509 2624 631 2650 tamen
647 2613 707 2664 qui
722 2612 911 2649 contemnit
923 2638 932 2651 ,
957 2624 1016 2647 nec
1031 2610 1225 2658 aliudstm&
1240 2609 1498 2662 magnifecerit
1509 2616 1526 2654 )
1541 2609 1607 2656 std
1616 2611 1701 2662 quia
1724 2624 1820 2647 nova
1835 2609 1987 2663 quadam
2000 2621 2066 2645 nu.

264 2675 362 2712 mina.
374 2668 413 2706 hi
437 2666 526 2704 tales
547 2664 820 2705 introducentes,
847 2662 972 2701 multos
993 2664 1171 2715 impellunt
1196 2662 1248 2700 ad
1264 2663 1496 2700 mutationem
1522 2676 1656 2703 rerum,
1683 2662 1774 2699 unde
1796 2661 2066 2709 conjurationes,

257 2725 459 2772 fiditiones,
480 2715 707 2755 conciliabula
719 2715 876 2767 existunt
891 2744 899 2756 ‚
924 2715 1142 2768 resprcfi’c‘to
1169 2712 1390 2753 conducibiles
1413 2716 1642 2767 Principatui.
1668 2715 1778 2754 Dion.
1829 2716 1888 2761 (b)
1913 2719 2066 2752 Deorum

264 2777 416 2825 injurias
440 2773 520 2809 Diis
548 2783 641 2806 curae.
694 2770 810 2807 Tacit.
832 2769 893 2806 lib.
920 2782 950 2806 1.
976 2769 1106 2806 Annal.
1159 2774 1177 2812 (
1186 2770 1228 2813 c)
1258 2768 1420 2804 sanemus
1448 2781 1490 2804 ac
1515 2769 1736 2805 reverentius
1754 2765 1869 2812 vistim
1896 2765 1938 2802 de
1970 2767 2066 2803 ac‘tis

269 2835 418 2867 Deorum
435 2822 587 2913 credffll‘ffl
612 2821 825 2875 quamfiire.
852 2823 939 2860 Tac.
964 2823 1008 2860 de
1028 2834 1131 2860 more
1147 2821 1271 2859 Germ.
1323 2822 1390 2871 (d)
1414 2822 1522 2873 Qia
1539 2817 1949 2873 externaeffipegstitiones
1963 2817 2065 2857 vale.

258 2878 376 2930 βαφεῖ.
402 2876 519 2916 Tacit.
549 2875 597 2912 ib.
620 2888 676 2919 11.
692 2875 823 2914 Annal-

1845 3177 2068 3244 SYM-
