2132 3730
455 233 1429 280 SYMBULAPOLJTICA.
1795 246 1878 292 189

82 334 236 382 ciproca
263 323 491 376 spei-annon
518 319 676 372 potestt
705 318 839 360 infelix
861 322 963 361 enim
986 320 1065 369 est,
1096 322 1161 372 qui
1173 319 1372 372 postquam
1390 320 1550 374 grandes
1572 318 1666 361 fecit
1692 321 1885 373 sumptus,

78 389 117 430 &
140 382 416 429 difficultatibus
442 392 488 421 ac
506 377 687 433 periculis
707 380 836 420 alienis
858 378 933 421 sese
952 379 1165 433 objectavit
1185 408 1199 428 ‚
1228 392 1358 431 parem
1384 379 1622 433 praestolatur
1647 383 1824 434 gratiam,
1846 383 1885 422 δε

74 444 234 490 nonnisi
257 442 566 496 ingratitudinem
597 449 784 492 reportat.
851 441 931 494 Qui
967 450 1139 481 naturam
1164 468 1177 488 ,
1210 439 1246 478 δι
1283 452 1411 480 mores
1447 441 1648 481 hominurn
1673 440 1885 482 ordii-iarios

73 506 223 549 noverit
248 533 262 552 ,
293 505 327 542 ei
352 501 391 542 id
408 498 565 541 mininie
583 501 722 540 mirum
745 498 940 541 videbitur
962 510 1027 540 aut
1052 498 1216 539 insolens
1237 528 1250 547 ,
1281 511 1449 551 cunique
1467 501 1556 541 ante
1578 502 1669 541 illud
1695 501 1884 553 praevide-

73 567 144 615 rit,
173 562 352 603 adversus
384 562 490 601 hunc
506 559 626 601 ictum
659 561 807 600 muniet
836 563 1003 601 animum
1019 588 1032 608 ‚
1060 571 1111 599 ne
1126 558 1251 598 fraudi
1269 558 1337 599 sibi
1360 572 1405 599 ea
1429 571 1489 599 res
1512 560 1586 601 esse
1602 564 1725 613 poffit.

219 621 255 674 §.
286 620 408 661 Nunc
428 620 522 661 illud
551 621 668 660 etiam
681 620 882 671 diligenter
899 619 1245 668 considerandum,
1275 631 1368 659 num
1402 618 1424 658 e
1450 631 1492 659 re
1516 623 1627 659 amici
1649 622 1693 661 sit
1722 633 1795 662 nec
1809 632 1883 669 ne,

68 684 96 726 ss
112 685 190 734 ejus
216 680 482 722 defensionem
498 679 664 720 velimus
679 679 868 732 suscipere
885 694 895 719 :
925 679 1117 719 interdum
1138 679 1241 717 enim
1264 679 1350 730 plus
1366 679 1556 719 officimus
1580 679 1650 720 haic
1667 681 1792 721 nostra
1803 682 1886 732 opi-

65 742 210 785 tulandi
234 741 541 795 promptitudine
555 769 570 790 ,
600 741 689 792 quia
707 750 772 780 aut
795 742 1015 792 importuna
1028 736 1084 778 est
1101 767 1116 787 ‚
1145 748 1210 777 aut
1233 737 1457 789 imprudens
1474 768 1487 789 ,
1518 739 1608 778 dum
1638 742 1789 791 placere
1808 743 1888 780 aliis

67 804 264 855 cupimus,
296 802 334 842 &
353 800 512 842 officiofi
531 800 674 848 videri,
700 797 775 851 qua
792 812 833 840 re
854 801 939 839 illos
953 796 1062 850 Juxta
1083 809 1128 838 ac
1148 810 1221 837 nos
1238 797 1449 849 perdimus.
1511 797 1603 837 Hoc
1619 801 1794 851 placendi
1813 800 1887 840 stu-

0 882 3 885 ·
67 862 170 903 dium
194 862 261 903 suo
285 864 498 914 plerunque
519 859 667 901 austeri
687 862 846 900 noxium
866 859 1107 912 compescuit
1122 857 1308 898 Thraseas
1337 857 1365 911 ζ
1372 857 1440 897 etsi
1456 859 1495 898 in
1511 859 1618 899 suum
1643 859 1681 898 id
1703 859 1758 898 est
1775 859 1887 900 favo-

0 916 3 921 *
63 934 144 963 rem
160 926 188 976 )
218 923 255 962 in
277 921 437 963 Rustico
466 922 656 962 Aruleno.
744 919 817 977 (a)
843 919 906 961 Ne
921 932 1042 970 vana,
1070 916 1123 964 &⁹
1136 932 1194 959 reo
1210 915 1487 975 nmzprqfutura
1505 948 1522 970 ,
1550 917 1751 974 intercffiri
1769 921 1886 960 exitio-

51 979 278 1036 saiazciperet.

217 1042 252 1094 §.
283 1040 375 1081 Nec
400 1039 526 1082 miniis
548 1038 774 1093 imprudens
792 1068 806 1090 ,
837 1037 876 1079 &
907 1037 1146 1091 periculosus
1169 1036 1224 1078 est
1243 1039 1350 1080 zelus
1374 1037 1470 1077 boni
1490 1037 1634 1090 publici
1655 1067 1667 1088 ,
1698 1037 1737 1079 δι
1757 1050 1886 1082 rerum

62 1099 86 1141 ὲ
110 1101 285 1154 Principe
305 1102 406 1141 bene
423 1100 652 1154 agendarum
670 1130 683 1148 ,
714 1109 797 1140 tum
821 1099 1029 1152 praesertim
1045 1125 1060 1149 ‚
1090 1099 1178 1139 ciim
1203 1110 1278 1139 nec
1308 1108 1358 1137 ex
1376 1097 1490 1137 officii
1510 1096 1745 1151 obligatione
1763 1129 1777 1149 ,
1806 1112 1882 1140 nec

2 1168 4 1170 “
60 1160 165 1202 cert&
198 1162 264 1214 spe
293 1162 479 1210 remedii,
510 1173 592 1201 non
610 1161 734 1213 rogati
773 1159 1029 1200 immiscemus
1054 1172 1127 1199 nos
1153 1160 1235 1211 ejus
1255 1158 1420 1211 negotiis
1443 1169 1488 1197 ac
1515 1160 1731 1199 commodis
1754 1189 1766 1209 ,
1796 1172 1887 1200 cum

0 1226 1 1229 ’
63 1221 236 1261 evidenti
255 1221 386 1261 nostro
407 1222 601 1273 periculo.‘
655 1220 754 1260 Non
780 1231 854 1272 ego
874 1219 967 1259 illud
984 1232 1089 1260 nunc
1113 1221 1210 1259 volo
1225 1249 1238 1268 ‚
1267 1228 1312 1258 ut
1332 1217 1460 1257 damni
1482 1219 1592 1258 alieni
1607 1219 1719 1258 otiosi
1736 1219 1882 1271 speeta-

0 1274 2 1301 ἶ
61 1290 167 1320 tores
184 1281 297 1321 simus
316 1310 329 1329 ,
358 1291 487 1332 neque
509 1289 553 1319 ut
582 1279 770 1320 silentium
800 1278 972 1319 nostrum
995 1309 1005 1327 ‚
1037 1289 1102 1319 aut
1128 1281 1238 1331 quies
1260 1278 1484 1329 tyrannidi,
1516 1278 1554 1318 &
1576 1281 1741 1331 tempori
1768 1281 1888 1332 turpi-

60 1349 119 1379 ter
140 1340 275 1379 serviat
297 1352 309 1386 3
339 1338 402 1378 sed
419 1351 469 1378 ne
489 1339 754 1390 imprudenter
780 1339 1005 1392 nosmetipsi
1021 1340 1241 1391 perdamus,
1261 1339 1298 1379 &
1315 1349 1357 1378 ut
1384 1337 1495 1377 Lucii
1514 1337 1657 1378 Pisonis
1678 1337 1888 1379 insistamus

59 1398 226 1452 vestigiis
250 1429 263 1448 ,
294 1401 358 1450 qui
378 1399 620 1450 temporibus
641 1395 890 1447 difficillimis,
910 1399 948 1437 &
968 1398 1135 1438 maxime
1157 1397 1387 1438 calamitosis
1422 1399 1662 1449 semetipsum
1680 1408 1784 1438 tanta
1799 1411 1891 1450 pru·

60 1459 189 1499 dentia
213 1459 458 1499 conservavit
487 1486 500 1505 ‚
530 1457 608 1512 (b)
625 1467 665 1499 ut
697 1460 824 1499 nullius
833 1454 978 1510 servilis
991 1455 1172 1510 sententice
1183 1455 1303 1511 sponte
1326 1465 1431 1497 autor
1447 1488 1460 1506 ,
1489 1455 1542 1501 ἐξ)
1558 1461 1689 1511 quoties
1716 1460 1887 1513 necessitas

0 1546 2 1573 Ξ
58 1520 234 1571 ingrueret
253 1550 265 1568 ,
286 1515 460 1570 sapienter
474 1530 517 1558 ea
534 1517 785 1559 moderaretur.
846 1517 959 1571 Saepe
978 1520 1015 1558 in
1041 1517 1275 1558 antecessum
1315 1517 1470 1557 consilia
1497 1517 1632 1557 damus
1660 1518 1709 1558 de
1744 1520 1787 1557 iis
1804 1530 1891 1570 quae

0 1577 2 1613 ἓ
61 1578 110 1617 ad
130 1590 203 1617 nos
226 1591 304 1619 non
326 1580 519 1630 pertinent
535 1607 550 1628 ‚
582 1578 745 1630 persuasi
763 1579 802 1618 in
826 1579 896 1619 illis
924 1579 1138 1618 remedium
1169 1580 1356 1618 malorum
1384 1577 1630 1630 publicorum
1654 1578 1887 1623 consistere;

61 1649 190 1689 neque
207 1639 443 1679 advertimus
467 1649 596 1679 tamen
611 1668 624 1687 ,
652 1651 725 1678 nos
746 1637 928 1678 facillime
945 1639 1072 1690 decipi
1093 1649 1226 1676 amore
1241 1639 1402 1689 proprio
1417 1635 1627 1676 nostrarum
1645 1639 1889 1689 opinionum,

60 1699 206 1750 absque
229 1696 364 1738 notitia
393 1700 612 1750 particulari
638 1709 770 1737 earum
796 1699 989 1737 rationum
1007 1726 1020 1745 ‚
1051 1698 1190 1748 quibus
1222 1696 1416 1735 ducuntur
1446 1696 1662 1747 Principes,
1694 1709 1830 1748 quaeve
1849 1699 1889 1736 in

61 1758 145 1808 ipso
160 1756 267 1797 faCto
304 1768 524 1798 occurrunt·
613 1756 725 1797 Nihil
754 1759 873 1809 magis
910 1758 1197 1809 periculosum,
1228 1754 1343 1807 quam
1376 1756 1455 1795 aliis
1475 1752 1578 1794 velle
1604 1757 1759 1796 consilia
1783 1757 1887 1796 dare.

61 1816 188 1857 Etiam
208 1819 273 1869 qui
298 1830 347 1858 ex
369 1819 496 1859 officio
519 1827 704 1867 tenetur,
737 1818 859 1856 vitare
882 1815 976 1857 illud
1003 1816 1148 1864 debet,
1175 1816 1204 1856 fi
1226 1828 1306 1855 non
1328 1825 1486 1867 rogetur
1506 1828 1515 1853 z
1546 1815 1699 1856 consilia
1723 1818 1826 1856 enim
1837 1827 1888 1856 ex

59 1886 209 1916 eventu
239 1876 409 1917 aestimari
437 1878 560 1917 solent
578 1906 591 1925 ,
622 1879 687 1928 qui
709 1876 858 1927 pendet
894 1875 915 1914 ὲ
942 1875 1091 1914 casibus
1112 1874 1250 1914 futuris
1265 1904 1277 1922 ,
1309 1887 1408 1925 quos
1430 1874 1634 1925 prudentia
1650 1886 1887 1927 praevertere

59 1947 139 1975 non
167 1935 297 1987 potest
321 1965 334 1983 ‚
366 1937 404 1976 δι
422 1936 530 1989 quod
550 1936 722 1975 succedit
739 1937 840 1975 male
858 1963 873 1985 ,
905 1934 1131 1974 Consiliario
1160 1935 1339 1974 tribuitur
1359 1948 1370 1974 3
1399 1945 1481 1975 non
1499 1934 1596 1973 illud
1628 1938 1726 1977 vero
1741 1964 1755 1986 ,
1778 1935 1886 1988 quod

58 1993 223 2036 feciliter
247 1996 397 2042 evenit.

351 2163 1166 2236 SYMBOLUM
1249 2164 1583 2236 XLVIII.

213 2316 320 2359 Uam
342 2315 390 2357 ab
409 2317 520 2357 armis
549 2312 717 2355 instruffi
732 2312 816 2354 sunt
835 2312 1031 2368 Principes
1056 2314 1241 2357 adver-siis
1262 2325 1446 2355 externos
1465 2314 1622 2356 hostes!
1650 2314 1764 2370 quam
1783 2317 1882 2359 iner.

237 2390 318 2421 mes
352 2377 535 2418 adversus
555 2374 812 2415 domesticos!
842 2376 941 2416 inter
961 2377 1062 2429 ipsos
1093 2377 1289 2417 satellitum
1313 2376 1420 2416 enses
1447 2387 1516 2415 eos
1532 2380 1786 2427 comitantur,
1805 2389 1880 2419 nec

243 2441 495 2479 advertuntur
509 2447 651 2479 tamen.
710 2434 771 2477 Isti
793 2435 1010 2477 adulatores
1028 2437 1125 2486 sunt,
1138 2437 1176 2476 &
1196 2435 1466 2476 assentatores:
1489 2448 1564 2476 nec
1575 2440 1700 2479 minus
1717 2440 1880 2493 periculi

61 2496 119 2538 est
129 2499 176 2538 ab
186 2510 320 2539 eorum
333 2496 653 2548 blanditiis,quam
666 2495 712 2534 ab
724 2497 834 2536 armis
844 2495 1022 2538 hostium.
1044 2498 1176 2538 Plures
1187 2497 1271 2536 sane
1285 2497 1477 2549 Principes
1488 2497 1784 2550 adulatquuam
1801 2500 1877 2551 ipsa

61 2560 122 2598 vis
132 2560 168 2597 in
179 2560 323 2599 ruinam
340 2558 502 2611 impulit.
546 2557 673 2610 Quam
684 2558 826 2609 regiam
839 2569 1046 2609 purpuram
1058 2569 1138 2597 non
1147 2556 1289 2596 arrodit
1299 2556 1365 2597 ista
1379 2558 1480 2597 tinea
1488 2558 1507 2596 ⁸?
1518 2553 1671 2610 ecduod
1681 2560 1873 2611 sceptrum

65 2619 202 2658 teredo
219 2616 279 2657 illa
298 2629 376 2658 non
396 2617 528 2660 exedit
556 2617 574 2656 ἓ
604 2616 645 2657 ln
666 2617 868 2657 altiffiinam
897 2618 1011 2657 etiam
1037 2616 1194 2657 cedrum
1220 2616 1295 2656 sese
1320 2616 1480 2656 insinuat
1501 2645 1514 2665 ,
1553 2617 1590 2658 &
1617 2617 1773 2658 corrosfi
1797 2617 1879 2657 sen-

64 2678 132 2718 fiin
159 2678 454 2729 ejus'medulla,
472 2689 557 2719 eam
580 2676 744 2729 denique
763 2677 868 2718 humi
887 2675 1030 2717 sternit.
1091 2676 1288 2716 Damnum
1329 2675 1384 2716 est
1411 2703 1423 2725 ,
1456 2676 1562 2727 quod
1592 2689 1672 2717 non
1701 2679 1771 2719 nisi
1797 2678 1876 2729 ipsa

64 2750 171 2779 ruina
194 2737 270 2777 sese
289 2738 431 2790 prodit.
521 2736 628 2778 Prius
654 2736 814 2778 effestus
845 2736 942 2778 illius
973 2739 1131 2777 incurrit
1157 2738 1193 2776 in
1215 2738 1351 2775 oculos
1377 2765 1388 2784 ,
1421 2735 1534 2787 quam
1557 2737 1729 2788 ejusdem
1751 2738 1874 2778 causa.

65 2798 283 2839 Ementitu's
301 2796 477 2848 bombyx
493 2829 506 2848 ,
538 2798 603 2849 qui
625 2796 801 2838 deaurata
826 2797 1057 2838 Palatiorum
1081 2797 1269 2848 laquearia
1287 2797 1431 2838 incolit.
1491 2796 1788 2838 Stellionistellis
1808 2809 1877 2837 va·

67 2862 129 2898 riis
151 2870 221 2911 per
236 2858 389 2900 dorsum
404 2857 601 2907 distine'm,
613 2856 853 2898 &venenato
865 2856 1027 2910 peStore
1044 2868 1127 2897 eam
1143 2855 1345 2896 Emblema
1356 2856 1516 2908 praesens
1530 2869 1741 2910 comparat.
1790 2856 1873 2898 Sub

66 2918 214 2959 stellato
229 2920 303 2961 zeli
328 2920 443 2972 pallio
463 2948 476 2969 ,
505 2930 584 2970 quo
604 2919 836 2970 perniciosos
872 2917 958 2958 suos
979 2916 1076 2958 fines
1103 2919 1274 2969 contegit
1295 2946 1308 2966 ,
1338 2917 1375 2956 se
1394 2916 1554 2958 exhibet
1581 2915 1672 2973 (c)
1693 2917 1874 2969 Principi,

69 2977 166 3019 lllud
183 2979 272 3020 sciat
288 2980 460 3034 Inprimis
477 3008 490 3029 ,
518 2990 599 3019 non
625 2989 780 3019 omnem
803 2978 931 3019 lucem
965 2975 1127 3018 Naturae
1143 2979 1301 3031 optimae
1332 2975 1408 3017 esse
1429 2977 1595 3019 indicem
1617 2989 1630 3017 z
1660 2991 1748 3020 nam
1767 2977 1804 3016 &
1831 2978 1874 3017 in

1000 3037 1033 3078 B
1054 3038 1079 3077 b
1097 3037 1122 3077 b
1770 3036 1872 3076 sacra

177 3219 241 3267 (a)
264 3221 351 3259 Tac.
362 3222 386 3260 1.
415 3226 474 3259 16.
492 3218 624 3258 Annal.
674 3217 736 3265 (b)
762 3219 860 3257 Idem
875 3219 900 3257 l.
915 3224 949 3258 6.
967 3217 1098 3257 Annal.
1147 3221 1207 3266 (c)
1235 3220 1279 3255 ἷζε
1292 3219 1354 3272 qui
1379 3217 1500 3257 dicitis
1512 3217 1648 3257 malam
1668 3213 1809 3262 bonum,
1823 3215 1872 3264 ό*

69 3263 194 3308 bonum
204 3271 335 3313 malum
352 3288 366 3314 .·
382 3283 546 3330 ponentes
562 3268 724 3311 tenebras
744 3268 852 3311 lacem
868 3297 879 3314 .
902 3270 949 3315 ό·
967 3272 1077 3312 lucem
1098 3268 1270 3323 tenebras.
1297 3273 1341 3310 Is.
1352 3285 1396 3323 5.
1413 3283 1476 3310 κο.
