2132 3730
476 201 1464 247 SYMBOLAPOLJTJCA.
1821 215 1873 259 33

228 290 264 342 §.
295 289 361 329 Illa
381 300 501 341 porro
529 289 583 328 ira
601 290 640 328 in
661 287 900 340 Principibus
919 287 1138 336 laudabilis,
1166 287 1206 326 &
1232 287 1415 339 Reipubl.
1436 287 1630 339 perutilis,
1659 297 1774 337 quam
1791 287 1873 340 suaa

56 351 124 394 det
143 351 259 399 ratio,
284 360 447 401 quaeque
462 349 591 402 gloriae
610 347 767 388 stimulis
797 348 972 397 incitata,
988 347 1036 388 ad
1058 346 1174 386 ardua
1201 345 1239 385 δε
1268 347 1486 387 sublimiora
1507 346 1669 398 impellit
1683 346 1873 395 animum,

56 414 170 453 etiam
191 409 271 450 fine
290 410 352 449 illa
374 409 469 449 nihil
484 410 697 462 egregium,
719 406 811 448 nihil
845 417 1026 461 magnum
1044 407 1168 447 moliri
1193 406 1277 457 quis
1299 406 1451 458 potest,
1480 407 1624 446 nedum
1653 405 1702 445 ad
1726 407 1875 447 exitum

56 470 284 525 perducere.
344 468 430 517 Illa;
456 470 518 509 illa
538 467 593 508 est
608 496 621 518 ‚
649 480 734 519 quae
754 469 1061 520 generosioribus
1085 466 1274 519 spiritibus
1292 478 1360 506 cor
1376 466 1515 517 pascit,
1539 466 1577 506 δε
1605 467 1714 518 supra
1743 465 1780 505 se
1803 468 1877 506 eri-

55 533 109 585 git
126 529 174 569 ad
198 528 503 569 contemnendas
529 528 566 568 &
586 528 815 580 spernendas
840 526 1092 568 difficultates.
1155 523 1300 566 Cotem
1328 528 1481 566 virtUtis
1513 538 1600 567 eam
1628 527 1875 580 appellavere

55 588 302 637 Academici,
329 589 367 629 &
400 590 588 629 virtutum
612 589 797 628 comitem
819 586 1042 628 Plutarchus
1070 591 1201 625 vocat.

108 682 111 683 γ
207 649 243 701 §.
276 648 454 689 Maxime
477 647 574 688 verb
604 646 670 687 sub
699 647 935 700 principatus
959 647 1108 686 initium
1137 646 1188 685 ita
1216 640 1415 697 deponere
1443 640 1563 684 debet
1598 646 1806 698 Princeps,
1835 645 1874 686 ὅτ.

55 710 230 751 oblivisci
248 710 466 760 injuriarum
489 706 600 748 antea
617 709 816 758 illatarum,
826 709 881 747 uti
890 706 983 747 fecit
992 704 1271 752 RexSanffius,
1288 704 1628 760 (a>cognomento
1640 704 1777 754 Fortis,
1787 706 1877 747 cum

54 782 126 824 per
148 769 418 809 successionem
436 767 608 808 Castellrc·
625 780 784 821 regnum
801 767 962 819 adeptus
980 763 1085 806 effer.
1147 765 1247 804 Cum
1269 765 1432 817 imperio
1456 761 1647 804 Naturam
1668 767 1777 804 velut
1807 768 1877 806 im-

52 839 176 872 mutat
194 829 398 880 Princeps;
420 827 552 880 quidni
576 840 668 880 ergo
687 830 865 868 immutet
890 826 1052 866 arfastus
1081 826 1196 865 etiam
1216 825 1254 865 &
1276 823 1488 877 pastiones?
1523 825 1762 865 Abuteretur
1791 825 1878 866 sane

54 889 273 938 dominatu,
295 891 359 941 qui
379 887 590 928 vindicstam
606 888 655 928 de
680 900 730 928 eo
755 888 980 928 summeret.
1015 886 1079 937 qui
1095 886 1170 937 jam
1193 886 1385 926 subditum
1406 886 1442 925 se
1457 885 1625 938 agnoscit
1699 884 1795 923 illud
1821 884 1880 926 of-

52 949 161 990 fenso
188 949 233 989 sit
254 949 360 996 satis,
384 948 491 1001 quod
518 951 556 988 in
577 960 666 988 eum
694 946 828 987 nactus
866 947 911 986 iit
934 948 1157 998 imperium,
1185 947 1250 998 qui
1277 946 1381 998 prius
1413 944 1567 985 laeserat.
1627 944 1879 987 Nobiliorem

52 1009 273 1049 vindicandi
304 1010 494 1049 rationem
521 1008 691 1048 Fortuna
717 1008 841 1060 largiri
866 1019 946 1045 non
975 1005 1115 1058 potest.
1191 1005 1246 1045 Ita
1269 1006 1395 1047 secum
1421 1004 1625 1057 reputabat
1648 1004 1879 1045 Ludovicus

53 1069 135 1110 XII.
159 1069 293 1109 Galliae
319 1069 431 1119 Rex,
450 1080 567 1120 quare
587 1067 830 1107 suadentibus
847 1068 1059 1115 nonnullis,
1086 1075 1130 1105 ut
1159 1065 1281 1105 ultum
1306 1069 1377 1107 iret
1408 1067 1580 1117 injurias,
1602 1076 1694 1117 quas
1721 1064 1758 1104 id
1781 1074 1877 1106 tem⁴

53 1131 160 1183 poris
191 1127 417 1182 accepiss‘et,
440 1128 529 1169 cum
551 1127 676 1168 Ducis
699 1127 979 1167 Aurelianensis
999 1125 1118 1166 solum
1142 1127 1255 1165 titulo
1276 1126 1480 1179 gauderet,
1496 1124 1726 1178 respondiffe
1737 1125 1877 1166 ferturt

51 1191 180 1243 Regem
202 1190 363 1230 R'anciae
377 1192 442 1229 sion
465 1187 557 1228 decet
581 1185 686 1239 ulcisci
709 1188 857 1241 injurias
882 1185 1138 1234 Aureliauenfis
1163 1186 1290 1226 Ducis.

215 1248 261 1301 ᾖ.
295 1247 474 1288 Offensas
493 1250 661 1300 privatas
677 1249 715 1287 in
736 1247 934 1299 personam
950 1277 960 1295 ,
980 1258 1059 1287 non
1081 1246 1305 1298 dignitatem
1328 1241 1498 1285 admissas
1517 1253 1689 1284 extrema
1710 1243 1773 1284 sua
1809 1256 1878 1298 p0.

53 1310 172 1350 tentia
187 1320 238 1349 ne
255 1308 432 1348 vindicet
460 1307 643 1359 Princeps
658 1320 670 1354 ;
688 1306 756 1346 etsi
780 1308 880 1346 enirn
903 1319 980 1346 una
1005 1307 1051 1346 ab
1078 1308 1147 1345 alia
1168 1305 1346 1346 videatur
1378 1305 1521 1345 secerni
1549 1317 1629 1344 non
1656 1304 1764 1356 poffe
1779 1333 1790 1355 -,
1814 1318 1880 1345 exa

51 1368 163 1422 pedit
191 1378 322 1409 tamen
345 1380 424 1409 non
447 1379 533 1407 raro
552 1369 632 1407 illas
657 1366 905 1419 distinguere,
921 1378 971 1406 ne
1007 1365 1189 1417 Majestas
1212 1366 1326 1405 exosa
1357 1363 1443 1414 fiat,
1473 1376 1537 1404 aut
1563 1364 1722 1405 nimium
1747 1365 1881 1406 sormi-

51 1430 197 1470 dabilis.
259 1428 322 1470 Εὸ
343 1427 531 1469 tendebat
548 1426 621 1481 (h)
647 1426 792 1468 Tiberii
816 1426 1057 1479 responsum,
1085 1438 1174 1466 cum
1191 1427 1345 1466 diceret.
1408 1424 1447 1464 Si
1470 1425 1554 1465 Piso
1578 1425 1669 1464 nihil
1690 1424 1881 1478 peccass'et

52 1488 176 1538 aliud,
193 1501 307 1542 quam
337 1488 446 1542 quod
459 1488 509 1529 de
534 1498 662 1528 morte
681 1487 929 1537 Germanici,
948 1487 984 1527 &
1004 1487 1072 1526 suo
1098 1485 1204 1526 luera
1223 1486 1370 1525 laetatus
1388 1484 1502 1534 esset,
1532 1486 1700 1537 privatas
1723 1488 1881 1526 inimici-

52 1551 122 1589 tias
148 1551 278 1591 ulcisci
296 1550 336 1591 se
354 1550 455 1590 velle
468 1579 480 1599 ,
499 1561 580 1589 non
599 1548 797 1601 Principis,
855 1546 890 1587 E
922 1548 1116 1587 contrario
1132 1546 1329 1586 vindicare
1357 1558 1437 1586 non
1455 1542 1592 1594 debet,
1617 1554 1661 1584 nt
1679 1546 1853 1598 privatus
1867 1576 1879 1596 ,

51 1609 221 1660 injurias,
246 1623 330 1662 quae
357 1619 422 1650 aut
450 1610 600 1650 muneri
628 1608 730 1662 ejus,
758 1617 824 1648 aut
855 1606 965 1648 statui
988 1609 1148 1660 publico
1176 1609 1411 1659 irrogantur.-
1437 1606 1489 1646 ita
1515 1615 1558 1645 ut
1588 1606 1755 1658 pastione
1774 1608 1882 1647 abre-

55 1679 165 1721 ptus,
189 1669 238 1709 de
253 1670 317 1710 sua
350 1669 631 1710 existimatione
652 1679 717 1709 aut
748 1669 900 1709 honore
919 1667 1046 1708 adstum
1071 1677 1207 1719 putet,
1225 1667 1293 1705 nisi
1323 1665 1525 1705 confestim
1548 1667 1734 1706 ultionem
1752 1675 1880 1719 paret,

51 1729 257 1781 praesertim
289 1730 445 1782 quando
478 1732 518 1769 in
547 1728 648 1767 aliud
681 1727 834 1767 differre
858 1736 1010 1777 tempus
1037 1729 1155 1777 magis
1186 1724 1371 1776 expedit3
1408 1726 1549 1764 etenim
1579 1725 1632 1764 ira
1659 1724 1883 1779 Principum

51 1802 132 1829 non
157 1799 287 1829 motus
312 1790 426 1828 animi
446 1787 522 1828 esse
551 1787 690 1836 debet,
710 1786 775 1826 sed
806 1787 976 1826 utilitatis
997 1786 1174 1837 publicae.
1236 1784 1350 1824 Hanc
1374 1797 1452 1836 prae
1481 1785 1603 1824 oculis
1641 1786 1774 1826 habuit
1813 1785 1880 1843 (c)

51 1850 142 1889 Rex
165 1848 426 1890 Ferdinandus
451 1848 697 1893 Catholicus,
719 1857 807 1884 cum
827 1846 917 1883 Rex
943 1845 1122 1883 Granatae
1147 1841 1334 1882 tributum
1369 1845 1491 1883 nollet
1517 1843 1712 1895 pendere,
1744 1857 1880 1887 contra

53 1921 97 1948 ac
127 1909 206 1959 ejus
244 1908 406 1958 majores
430 1905 584 1945 fuerant
613 1905 737 1951 soliti,
769 1914 885 1955 atque
911 1916 986 1943 una
1010 1902 1232 1942 insolentius
1264 1904 1520 1952 renuntiaret,
1539 1903 1616 1955 jam
1637 1905 1786 1957 pridem
1809 1918 1880 1947 eos

52 1965 264 2016 deceffiffe,
295 1968 334 2006 in
358 1967 429 2005 suis
447 1975 576 2004 autem
601 1964 761 2004 officinis
777 1965 997 2003 monetariis
1015 1975 1095 2002 non
1110 1973 1243 2002 aurum
1268 1972 1333 2002 aut
1363 1973 1561 2016 argentum
1588 1966 1792 2015 elaborari,
1814 1965 1879 2007 sed

59 2027 167 2068 enses
185 2026 361 2067 fabricari
381 2025 418 2066 &
440 2027 620 2077 lanceas-A
663 2023 920 2064 Diffimulavit
942 2034 1070 2063 tamen
1094 2023 1140 2061 ad
1162 2032 1316 2074 tempus
1342 2023 1559 2063 libertatem
1587 2023 1690 2065 istam
1722 2026 1759 2066 &
1775 2039 1878 2067 arro-

59 2089 225 2141 gantiam
244 2085 507 2126 Ferdinandus
523 2085 636 2133 Rex,
653 2083 874 2124 &inducias
891 2096 979 2124 cum
1003 2084 1068 2123 illo
1089 2082 1223 2135 paetus
1247 2082 1320 2131 est,
1346 2082 1561 2124 differendo
1588 2085 1798 2127 vindititam
1819 2099 1881 2128 us-

54 2159 130 2200 que
148 2147 240 2187 dum
266 2148 304 2186 in
321 2146 418 2186 statu
435 2146 614 2199 quietiori
628 2156 688 2184 res
704 2143 843 2193 effent3
875 2155 949 2197 qua
969 2145 1009 2184 in
1026 2156 1068 2184 re
1089 2144 1197 2184 bono
1224 2145 1386 2195 publico
1419 2143 1490 2200 (d)
1509 2146 1626 2199 magis
1652 2145 1766 2198 quam
1785 2147 1878 2189 affe»

57 2207 135 2247 &ui
161 2207 228 2247 suo
260 2207 462 2247 consuluit.

230 2265 266 2318 §.
298 2266 391 2306 Nec
408 2268 564 2308 minoris
593 2264 805 2318 prudentiae
831 2263 886 2305 est
911 2265 1003 2305 iram
1033 2262 1379 2313 tuncdiffimulare,
1400 2273 1488 2305 cum
1504 2264 1717 2316 praesummi
1735 2265 1877 2308 merito

54 2325 208 2379 potest,
230 2326 318 2367 fore
345 2327 551 2379 aliquando
569 2336 742 2379 tempuS,
774 2326 928 2379 quando
950 2326 1110 2365 nocebit
1127 2337 1209 2364 eam
1229 2323 1438 2365 ostendisse.
1503 2324 1559 2364 Ea
1582 2324 1630 2364 de
1647 2326 1770 2368 caussa
1789 2327 1877 2369 Rex

57 2386 282 2427 Catholicus
305 2386 595 2437 Ferdinandus‚
618 2386 765 2427 tametsi
801 2386 1036 2426 Primoribus
1072 2388 1177 2439 regni
1194 2386 1360 2438 graviter
1381 2384 1549 2424 offensus
1579 2384 1692 2435 esset,
1719 2387 1877 2440 quando

59 2455 189 2486 tamen
208 2446 387 2488 abdicato
408 2446 578 2488 Castellae
598 2459 738 2501 regno,
756 2448 793 2487 Ie
814 2449 962 2499 recepit
981 2447 1019 2486 in
1036 2447 1289 2499 Aragoniam,
1310 2445 1520 2498 prudenter
1541 2444 1750 2488 admodum
1770 2447 1879 2489 istam

58 2507 174 2546 animi
194 2506 514 2560 indignationem,
542 2507 770 2560 &acceptas
787 2508 936 2559 mjurias
965 2507 1222 2547 taciturnitate
1255 2507 1414 2554 celavit,
1439 2515 1553 2558 atque
1578 2504 1678 2547 adeo
1711 2507 1877 2550 amicum

57 2566 96 2605 &
125 2566 364 2608 benevolum
387 2569 564 2609 omnibus
582 2567 657 2608 sese
674 2570 713 2608 in
742 2568 807 2608 suo
837 2565 993 2608 disceffu
1011 2566 1213 2617 exhibuit,
1236 2577 1416 2618 tanquam
1430 2567 1506 2618 jam
1522 2576 1615 2607 tunc
1629 2568 1876 2620 praesentiret,

57 2624 189 2666 denuo
208 2626 245 2665 se
264 2639 383 2680 regno
404 2628 461 2668 isti
481 2628 683 2680 aliquando
700 2626 1010 2681 praeficiendum,
1030 2628 1085 2668 uti
1115 2625 1251 2668 revera
1269 2622 1403 2680 postea
1427 2625 1579 2668 accidit.

215 2685 250 2737 §.
279 2686 475 2728 Generosa
492 2700 599 2729 mens
623 2689 778 2744 ‘injurias
808 2689 919 2730 vultu
950 2689 1069 2741 tegit,
1099 2700 1228 2740 neque
1243 2686 1446 2728 iracundiae
1463 2688 1611 2740 impetu
1630 2686 1786 2728 abolere
1811 2699 1876 2729 eas

58 2745 190 2798 satagit
212 2776 224 2794 ,
255 2746 319 2787 sed
340 2749 497 2802 egregiis
517 2748 749 2789 facinoribus
774 2749 905 2802 potius
923 2778 934 2799 ,
958 2750 1109 2801 optimo
1143 2746 1250 2799 sane,
1281 2748 1319 2789 &
1345 2746 1440 2788 vere
1473 2747 1633 2788 heroico
1653 2749 1876 2790 vindicandi

56 2817 210 2857 genere.
272 2806 341 2861 (e)
371 2807 471 2848 Cum
512 2809 600 2848 Rex
635 2808 894 2850 Ferdinandus
913 2838 925 2859 ,
957 2819 1220 2861 cognomento
1257 2806 1416 2849 Samius
1447 2805 1633 2861 Hispalim
1654 2808 1876 2858 obsideret,

57 2864 131 2904 Vir
161 2864 313 2917 quidam
325 2868 445 2907 nobili
466 2870 556 2908 loco
581 2877 691 2910 natus
709 2871 969 2923 exprobrabat
999 2869 1141 2910 Garfiae
1171 2868 1323 2911 Perefio
1351 2868 1400 2909 de
1431 2865 1579 2922 Vargas
1597 2898 1609 2918 ,
1641 2868 1748 2921 quod
1766 2871 1874 2910 scuto

58 2924 245 2966 undulato
272 2958 285 2978 ,
315 2938 450 2969 contra
478 2940 522 2969 ac
538 2927 687 2971 familiae
712 2929 770 2971 isti
791 2932 925 2972 liceret
943 2961 954 2980 ,
985 2939 1170 2971 uteretur.
1248 2929 1505 2970 Dissimulavit
1530 2930 1592 2970 ille
1618 2939 1699 2971 tum
1717 2930 1874 2983 quidem

967 2988 984 3030 Ι
1790 2990 1873 3030 hoc

73 3117 81 3124 -
153 3068 210 3113 (a)
220 3070 307 3106 Mar·
325 3068 524 3119 Hist.Hisp.
536 3068 597 3107 lib.
613 3083 626 3106 1
638 3083 667 3116 5.
686 3084 760 3122 cap.
790 3086 846 3110 10.
873 3074 935 3119 (b)
962 3071 1096 3123 Namsi
1106 3071 1245 3124 legatus
1267 3071 1364 3121 officii
1380 3073 1565 3112 terminos,
1579 3069 1767 3121 obstquium
1785 3082 1874 3122 erga

65 3126 308 3169 tmperatorem
316 3123 420 3159 exuit
434 3148 442 3163 ‚
457 3120 671 3176 ejusdemque
683 3135 792 3162 morte
802 3151 810 3166 ,
820 3123 972 3168 &luein
981 3137 1054 3164 meo
1062 3123 1201 3161 laetatus
1213 3120 1260 3175 est
1269 3151 1277 3165 ,
1291 3122 1388 3161 odero
1399 3122 1639 3177 ;fi²ponamque
1649 3120 1774 3158 ddomo
1782 3135 1872 3163 mea,

59 3167 515 3221 &privatasinimicitias,
533 3189 600 3212 non
605 3175 774 3229 princtpis
789 3202 797 3218 ,
811 3177 967 3225 ulciscur.
978 3180 1064 3215 Tac.
1087 3178 1110 3215 1.
1128 3191 1160 3226 3.
1178 3180 1248 3214 An.
1277 3181 1334 3224 (c)
1367 3177 1458 3214 Mar.
1473 3176 1539 3213 hist
1566 3175 1663 3225 Hisp.
1679 3173 1702 3210 l.
1721 3185 1755 3211 2.
1779 3188 1815 3223 4.
1839 3187 1871 3211 c.

65 3235 78 3258 1
88 3226 122 3258 6·
137 3226 531 3282 Auton-Nibriff'Dec.
548 3229 608 3279 lib.
625 3241 660 3276 7.
678 3242 710 3266 c·
717 3243 754 3276 9.
781 3230 842 3278 (d)
870 3236 1002 3268 Fatuus
998 3229 1133 3283 statim
1140 3229 1278 3267 indicat
1290 3231 1386 3267 iram
1384 3227 1490 3276 sicam
1498 3240 1513 3274 ;
1526 3230 1586 3281 qui
1592 3237 1713 3265 autem
1722 3226 1872 3279 dffmu-

58 3277 116 3316 lat
138 3278 310 3324 zmariam
334 3306 342 3320 ‚
369 3280 503 3318 calidus
514 3280 572 3334 cst.
599 3283 710 3321 Prov.
737 3294 794 3321 12.
810 3288 865 3321 16.
917 3286 976 3329 (e)
1003 3285 1095 3322 Mar.
1113 3282 1236 3324 histor.
1255 3282 1353 3332 Hisp.
1378 3284 1402 3320 1.
1432 3292 1487 3327 13.
1513 3292 1544 3317 c.
1561 3292 1597 3328 7.
