2132 3730
467 218 1446 263 SYMBOLAPOLJTJCA.
1781 231 1864 274 107

67 310 141 350 stes
163 306 296 360 stipare
312 305 434 345 solent
453 302 607 345 Gemini
620 306 759 358 Angeli
775 305 882 356 equis
897 304 1067 344 candidis
1085 302 1189 344 veffl
1207 305 1246 343 in
1266 302 1388 355 prim&
1404 305 1485 344 acie
1497 314 1667 356 pugnare
1688 303 1866 358 visisunt,

65 369 143 423 (a)
161 365 311 420 quando
329 364 590 416 Septimancas
615 365 703 404 Rex
718 365 893 404 Ramirus
912 363 958 404 Π.
984 363 1147 404 Mauros
1170 361 1324 404 devicit.
1386 363 1431 403 In
1458 365 1532 403 alio
1549 364 1642 403 item
1660 364 1794 416 proelio
1818 363 1866 403 ad

68 426 283 478 Clavigirim
300 425 540 475 temporibus
564 425 681 477 Regis
698 424 842 464 Ramiri
860 424 1005 473 Primis
1024 424 1080 462 uti
1103 422 1140 462 δε
1162 423 1201 460 in
1219 423 1292 461 alio
1319 422 1367 461 ad
1396 422 1594 464 Mei-idam
1621 423 1862 475 temporibus

67 488 181 537 Regis
198 483 384 535 Alphonfi
403 483 467 524 IX.
491 483 664 524 divinum
681 483 774 524 illud
795 483 968 534 fulmen,
994 481 1094 522 filius
1122 482 1281 521 tonitrui
1306 480 1454 521 sanctus
1478 481 1646 538 Jacobus
1676 482 1867 522 Patronus

65 544 254 596 Hispaniae
270 572 279 590 ‚
299 544 336 583 in
355 555 456 594 equo
484 545 571 583 albo
594 545 778 584 vexillum
805 543 984 597 praeferre
997 541 1098 582 visus
1118 539 1174 581 est
1190 568 1204 590 ,
1232 539 1340 592 quod
1358 541 1481 580 rubrae
1506 541 1640 581 Crucis
1671 541 1790 596 figur&
1810 542 1868 583 di-

61 602 236 648 ffinetum
257 613 347 642 erat.
409 601 481 656 (b)
513 604 641 644 NuHus
664 603 761 644 vobis
781 601 1067 656 rcfisterepoterit
1092 597 1278 655 (dicebat
1301 599 1415 652 Josue
1439 599 1487 639 ad
1515 600 1709 653 Principes
1736 602 1866 651 Israel,

60 663 134 715 jam
150 662 226 714 jam
251 661 272 701 ὲ
297 664 377 702 vita
395 661 650 716 discessurus)
672 663 701 703 si
730 664 769 702 in
798 663 891 703 Deo
913 661 1018 714 spem
1039 659 1079 699 &
1098 658 1279 699 fiduciam
1306 661 1602 708 collocaveritis,
1659 660 1725 715 (c)
1765 663 1864 702 Unus

62 719 418 775 &vohispetfequesur
436 720 575 775 hostium
591 725 675 763 mille
691 725 809 770 virosg
838 723 938 780 Qtia
953 720 1122 761 Dominus
1140 718 1242 759 Deus
1257 717 1372 773 vester
1393 726 1462 769 pro
1483 718 1582 777 vobis
1604 717 1667 770 ipfie
1680 722 1863 773 pugnabit.

60 781 186 822 Plenae
228 782 312 822 sunt
335 784 445 821 sacrae
469 784 614 834 paginae
643 782 853 822 istiusmodi
883 780 1021 821 divinis
1057 779 1238 819 subsidiis.
1297 776 1444 818 Contra
1475 777 1712 819 Chananaeos
1741 779 1863 820 stellas

59 840 137 895 (A)
171 841 265 893 ipsas
288 841 398 882 Deus
420 844 458 881 in
485 843 566 882 acie
594 842 802 894 disposuit3
833 850 965 881 contra
998 839 1247 879 Amorrhaeos
1279 836 1482 879 Elementa
1508 837 1581 891 (e)
1613 841 1793 888 armavit,
1826 841 1865 879 δε

61 901 206 952 lapides
222 899 246 940 e
269 900 366 940 coelo
386 901 545 954 depluit.
605 901 698 942 Nec
722 914 821 953 opus
837 899 911 940 fuit
934 900 1007 938 alio
1033 908 1289 938 creaturarum
1313 897 1520 939 ministerio
1550 898 1588 937 in
1614 896 1783 938 fidelium
1810 899 1865 938 faa

59 973 196 1001 vorem
218 960 400 1001 adversus
422 961 663 1004 MadianitaS.
723 956 809 1015 (f)
838 958 975 1012 Immzfit
989 957 1159 1000 Dominus
1172 956 1321 1011 gladium
1336 960 1372 999 in
1386 957 1535 999 omnibus
1548 956 1696 1013 castris,
1727 956 1779 1003 ὅθ
1794 971 1868 1000 mua

61 1018 166 1073 tmifi’
179 1021 266 1061 ccede
280 1021 502 1063 truncabant.
561 1021 604 1063 In
620 1019 860 1073 semetipsum
877 1021 1063 1060 ultionem
1081 1027 1297 1072 provocat,
1326 1019 1494 1072 quisquis
1505 1017 1585 1059 Dei
1605 1018 1780 1059 inimicus
1795 1017 1865 1062 effi

458 1192 1132 1263 SYMBOLUM
1211 1188 1467 1261 XXVII„

215 2650 309 2695 Uod
336 2664 462 2708 neque
493 2654 574 2705 vis,
602 2662 728 2709 neque
759 2653 938 2697 diuturna
963 2653 1172 2698 multorum
1200 2666 1386 2697 annorum
1411 2656 1648 2709 oppugnatio
1678 2649 1863 2698 adversiss

243 2714 394 2767 Trojam
410 2717 558 2755 efficere
571 2719 699 2768 potuit
714 2747 726 2767 ‚
759 2717 870 2757 dolus
897 2717 1050 2757 tandem
1069 2717 1237 2758 obtinuit
1261 2716 1328 2756 sub
1359 2716 1486 2768 specie
1504 2716 1737 2770 Religionis,
1765 2717 1862 2758 infe-

243 2775 416 2814 rentibus
438 2777 476 2815 in
492 2777 626 2816 urbem
650 2776 795 2817 Graecis
829 2786 931 2816 arma
953 2777 1015 2815 sua
1044 2777 1142 2816 intra
1170 2778 1299 2816 alvum
1328 2777 1416 2828 equi
1453 2778 1567 2829 lignei
1598 2777 1752 2826 abdita,
1782 2786 1863 2818 tan-

67 2841 181 2885 quam
215 2833 242 2874 si
260 2836 366 2883 voti,
398 2835 503 2885 quod
524 2835 620 2876 Deae
649 2836 788 2876 Palladi
813 2835 1006 2884 fecissent,
1036 2838 1090 2875 rei
1111 2835 1241 2876 effent.
1303 2836 1450 2876 Mirum
1471 2835 1592 2877 dietu!
1621 2848 1750 2888 neque
1768 2839 1863 2877 inte-

66 2895 142 2933 rior
162 2906 349 2933 armorum
375 2895 566 2934 concuffio
592 2895 629 2935 δι
647 2897 820 2951 sonitu33
849 2907 977 2948 neque
1002 2895 1240 2936 advertentia
1256 2896 1546 2947 prudentiorum
1575 2898 1717 2937 civium
1740 2911 1749 2935 ε
1797 2909 1860 2936 ne.

67 2960 142 3004 que
166 2953 272 3006 quod
298 2964 395 3006 opus
416 2953 518 2993 foret
536 2983 547 3003 ‚
580 2954 709 2994 dirutis
726 2957 913 2996 moenibus
931 2968 1019 2995 eum
1038 2957 1076 2995 in
1096 2957 1230 2996 urbem
1254 2956 1436 2996 inducere
1454 2986 1467 3006 ,
1496 2969 1590 2997 mox
1613 2956 1862 3009 posteaquam

868 3016 908 3054 D
927 3016 950 3055 d
983 3029 1006 3054 2
1757 3015 1864 3053 Grae-

170 3125 227 3170 (a)
253 3126 343 3160 Mar.
360 3123 449 3160 Hist.
471 3123 568 3173 Hisp.
589 3124 612 3159 l.
633 3130 665 3164 8.
687 3137 716 3160 c.
737 3136 769 3169 ς.
821 3128 881 3171 (b)
909 3127 977 3175 Jos.
1001 3137 1108 3172 c.23.
1132 3138 1188 3163 10.
1241 3130 1298 3173 (c)
1322 3127 1388 3175 Jos
1406 3126 1493 3163 ibid.
1545 3126 1617 3173 (d)
1641 3129 1694 3159 De
1717 3121 1791 3158 caelo
1808 3121 1861 3172 dia

70 3174 237 3212 micantum
253 3175 298 3227 est
312 3186 434 3212 contra
447 3189 499 3211 eos
506 3191 517 3212 .·
530 3174 631 3226 stede
649 3188 827 3214 manentes
847 3180 886 3214 in
901 3177 1020 3215 ordine
1023 3176 1103 3224 fico,
1126 3175 1295 3224 adversscs
1310 3177 1464 3224 Sifizmm
1478 3184 1744 3229 pugnaverunt.
1776 3175 1862 3224 Jud4

70 3240 147 3276 cap.
175 3239 205 3272 5¹
225 3241 284 3265 20.
339 3230 396 3275 (e)
424 3230 593 3265 Dominus
615 3227 815 3280 misz'tfi'tper
837 3243 888 3265 eos
905 3229 1036 3281 lapides
1064 3243 1220 3281 magnos.
1273 3232 1342 3278 Jos.
1369 3243 1400 3267 e.
1429 3243 1487 3269 ιο.
1519 3241 1576 3265 11.
1633 3226 1698 3275 (f)
1722 3227 1803 3279 Juda
1824 3240 1859 3266 ei

69 3291 107 3327 7.
130 3293 190 3316 22.
