2132 3730
471 230 1443 276 SYMBOLAPOLITICA
1808 241 1894 289 385·

92 288 604 302 ffl—
865 296 1759 308 mm

91 311 163 352 test
187 311 265 352 fine
288 312 646 353 communicationis
667 313 705 354 &
729 314 882 354 subsidii
912 318 1036 356 mutui
1062 317 1232 356 vinculo.
1290 318 1469 358 Amicitia
1498 315 1676 365 minime,·
1705 316 1892 368 siquidem

90 373 159 411 tria
176 372 279 419 sunt,
308 383 393 422 quae
415 381 593 425 tanquam
611 384 760 425 parte8‚
790 374 928 426 quibus
947 374 1116 426 constat,
1146 387 1230 415 eam
1251 378 1406 417 uniunt.-
1435 376 1586 417 Natura
1611 377 1752 417 scilicet
1769 376 1893 418 simili-

89 430 230 470 tudinis
254 430 467 480 beneficio,
497 433 677 473 voluntas
698 433 890 474 beneficio
905 436 1167 484 humanitatis,
1198 434 1236 475 &
1253 438 1349 476 ratio
1375 435 1570 477 beneficio
1585 435 1814 477 honestatis:
1829 436 1892 477 Eo

85 491 280 541 pertinent
294 490 356 530 illa
372 491 491 531 verba
513 491 629 544 Regis
648 493 835 546 Alphonsi
857 493 1045 547 Sapientis
1061 498 1099 535 in
1116 496 1215 535 libro
1238 493 1387 548 Legum
1402 527 1415 546 ,
1445 508 1561 548 quem
1576 496 1753 538 Par-udas
1768 498 1893 537 inscri-

87 549 169 598 bit,
200 549 293 589 dum
317 551 486 602 loquitur
502 550 552 591 de
571 552 817 603 crudelitate,
849 567 964 607 quam
986 564 1142 597 exercet
1162 556 1211 604 is,
1244 557 1310 607 qui
1334 557 1532 609 captivum
1558 556 1663 597 ducit
1693 569 1812 598 unum
1840 567 1892 597 ex

84 609 130 648 iis
149 638 162 658 ,
193 611 258 660 qui
276 620 340 649 aut
357 610 553 662 languine,
585 622 650 652 aut
671 614 833 653 amicitia
849 613 971 666 junffl
986 624 1112 656 amant
1131 617 1230 654 inter
1247 614 1299 660 se.
1361 616 1455 656 Otr-o
1468 615 1505 668 fi
1526 616 1574 655 los
1594 619 1741 669 amigos,
1770 630 1836 672 que
1855 629 1892 656 es

84 681 163 722 muy
179 666 300 720 sicerte
317 666 388 720 cosa
403 669 442 709 de
448 674 577 722 partir
591 672 615 710 iz
632 686 715 713 unos
727 671 769 713 de
786 681 898 714 otros:
929 675 980 714 Ca
994 675 1069 715 bien
1083 687 1168 714 como
1187 675 1218 714 el
1230 683 1471 727 ayuntamento
1480 675 1533 715 del
1545 689 1639 715 amor
1654 674 1761 727 pastz,
1777 691 1795 716 e
1810 689 1893 717 ven-

81 741 117 767 σε
145 728 183 767 al
212 728 314 782 linaje
325 760 338 779 ,
367 730 384 767 ἑ
406 732 429 769 ὰ
452 729 552 771 tedas
572 732 625 771 las
643 741 742 773 otras
764 730 873 784 costcs,
901 735 954 786 ast
967 749 1003 775 es
1028 735 1136 788 nmjor
1164 734 1199 773 Ia
1223 736 1347 774 cuitu&
1372 734 1494 787 εζοψν
1509 765 1521 785 ,
1551 736 1686 789 quando
1701 738 1739 787 se
1747 744 1890 788 parten-

83 787 220 828 Amicos
248 795 425 840 praeterea
438 819 451 838 ‚
479 804 623 844 quorum
660 793 752 832 alter
779 793 824 832 ab
860 794 968 834 altero
998 791 1133 850 fiy'ungi
1156 791 1241 845 fert
1279 796 1464 846 (egerrime.
1553 795 1618 835 Uti
1644 798 1730 835 enim
1766 798 1893 836 amoris

81 847 252 887 vinculum
293 846 394 900 ipsam
418 847 601 903 fimguinis
629 854 853 904 cognationem
873 885 886 903 ,
916 867 1038 908 resque
1065 867 1174 895 omnes
1210 852 1299 893 alias
1317 851 1463 906 fitperat
1480 885 1492 903 ,
1521 856 1574 894 ita
1610 855 1768 908 majorem
1802 855 1894 906 long&

83 907 203 955 amici,
219 905 258 958 fi
273 904 504 960 separentur,
532 910 673 951 dolorem
700 920 807 966 atque
844 914 950 953 animi
986 916 1176 954 cruciatum
1204 910 1372 964 sentiunt.
1458 914 1618 968 Quanto
1648 926 1740 967 ergo
1769 916 1888 967 magis

80 967 264 1018 probata;
293 968 523 1022 majorisque
551 970 773 1012 sinceritatis
804 973 967 1012 amicitia
1003 972 1140 1023 fuerit,
1170 972 1280 1012 tanto
1316 972 1442 1014 minus
1471 975 1638 1023 valebit,
1666 975 1735 1014 ubi
1766 972 1893 1019 Tsemel

82 1025 219 1066 violari
257 1029 429 1079 coeperit.
518 1029 725 1080 Crystallus
755 1031 875 1072 fraffm
903 1034 1056 1085 prorsus
1083 1033 1225 1073 inutilis
1263 1032 1435 1074 efficitur.
1527 1034 1657 1075 Omne
1686 1034 1895 1074 adamantis

17 1113 19 1116 -
79 1087 181 1139 perit
208 1089 399 1137 pretium,
431 1087 459 1128 si
503 1091 542 1130 in
577 1088 694 1130 frusta
734 1091 957 1142 dividatur..
1028 1092 1190 1133 Gladius
1228 1091 1344 1133 semel
1388 1092 1608 1134 confracstus
1642 1094 1790 1134 solidari
1826 1095 1896 1133 ite-

80 1157 165 1185 rum
197 1158 278 1189 non
309 1147 449 1199 potest.
507 1150 588 1203 Qui
622 1151 796 1191 amicitiae
837 1154 1093 1193 reconciliatae
1120 1151 1285 1193 confisus
1311 1152 1447 1202 fuerit,
1478 1153 1687 1206 deceptum
1717 1156 1753 1194 se
1785 1155 1894 1194 inve-

77 1207 178 1249 niet;
210 1206 258 1246 ad
273 1209 438 1259 primum
458 1210 560 1248 enim
582 1210 818 1251 adversitatis
851 1212 1000 1262 casum,
1031 1222 1097 1253 aut
1129 1212 1235 1264 spem
1262 1214 1460 1254 commodi
1484 1216 1622 1266 privati
1638 1226 1731 1254 mox
1757 1215 1896 1254 iterum

81 1264 248 1306 deficiet.
310 1266 403 1307 Nec
423 1267 589 1309 Davidis
611 1271 815 1311 clementia
837 1273 874 1311 in
899 1272 1098 1324 parcendo
1117 1272 1238 1312 Saulis
1262 1274 1374 1322 vitae,
1405 1285 1478 1313 nec
1503 1273 1784 1314 beneficiorum
1814 1285 1894 1314 me-

80 1327 220 1373 moria,
251 1325 289 1365 &
312 1328 575 1378 promiffiones
595 1339 672 1370 tam
699 1330 903 1371 benevoiae
927 1331 1173 1384 jurejurando
1198 1330 1220 1371 a
1245 1331 1359 1372 Saule
1383 1333 1561 1383 firmatae,
1591 1334 1674 1374 satis
1696 1330 1827 1383 fuere,
1852 1342 1895 1382 ut

79 1384 213 1425 David
241 1384 291 1424 de
317 1388 631 1427 reconciliatione
656 1390 716 1427 illa
741 1390 894 1429 securus
931 1390 1004 1444 (a)
1034 1391 1149 1440 effer,
1178 1400 1244 1431 aut
1278 1402 1321 1431 ut
1344 1392 1434 1432 Saul
1465 1393 1645 1434 adversus
1677 1395 1782 1433 illum
1817 1405 1897 1432 ma·

77 1445 222 1485 chinari
245 1443 446 1484 desineret.
507 1448 704 1499 Amplexu
721 1458 860 1488 mutuo
887 1448 924 1488 &
942 1451 1182 1489 manantibus
1200 1449 1296 1489 fletu
1317 1453 1438 1490 oculis
1456 1451 1554 1495 Esau
1581 1465 1669 1492 cum
1691 1451 1807 1491 fratre
1826 1451 1895 1491 suo

77 1503 226 1557 jacobo
245 1505 284 1544 in
308 1507 466 1556 gratiam
480 1506 605 1546 redire
633 1509 781 1556 voluit,
811 1508 850 1548 δε
876 1508 1027 1548 tametsi
1051 1510 1232 1560 utrinque
1260 1521 1397 1562 magna
1429 1512 1603 1551 amicitiae
1633 1511 1898 1564 redintegratae

4 1571 11 1601 Ἀ
78 1566 240 1618 pignora
266 1562 386 1604 essent
407 1574 523 1616 atque
550 1565 714 1615 indicia,
741 1578 939 1619 nunquam
975 1577 1104 1607 tamen
1130 1568 1265 1620 Jacobi
1297 1569 1545 1626 diffidentiam
1573 1572 1710 1610 tollere
1735 1573 1897 1611 omnino

10 1631 12 1642 '
78 1620 265 1678 potuere,
296 1625 387 1675 quin
406 1624 499 1664 illud
515 1624 641 1666 modis
661 1627 841 1667 omnibus
864 1635 1027 1667 conatus
1048 1626 1124 1677 est,
1155 1636 1199 1668 ut
1214 1627 1290 1667 sese
1310 1629 1357 1668 ab
1380 1628 1447 1669 illo
1464 1629 1696 1683 sejungeret,
1727 1630 1765 1669 &
1790 1631 1895 1670 secu-

76 1685 178 1727 ritati
201 1683 274 1723 suae
300 1682 526 1728 consuleret.
587 1686 766 1726 Amicitia
778 1686 1034 1740 redintegrata
1048 1698 1118 1728 vas
1143 1689 1377 1728 metallinum
1400 1687 1478 1735 est,
1513 1690 1620 1741 quod
1638 1689 1754 1730 hodie
1773 1691 1895 1742 splen-

81 1744 168 1794 det,
198 1743 236 1784 &
253 1756 335 1785 cras
351 1746 515 1796 aerugine
542 1744 614 1800 (h)
643 1746 864 1786 obducitur.
922 1745 1015 1787 Nec
1048 1747 1132 1787 satis
1159 1748 1244 1788 sunt
1262 1746 1335 1787 ulia
1355 1747 1543 1788 beneficia
1572 1749 1619 1790 ad
1641 1761 1724 1789 eam
1747 1750 1898 1791 firman-

78 1804 167 1845 dam
185 1834 198 1854 ,
229 1805 316 1856 quia
346 1804 488 1856 injuriae
517 1807 704 1845 memoria
738 1817 934 1858 nunquam
961 1818 1011 1847 ex
1041 1809 1170 1848 animo
1202 1806 1353 1847 deletur
1381 1809 1547 1861 penitus,
1626 1808 1804 1862 Ervigius
1826 1809 1893 1865 (c)

10 1882 13 1886 ·
77 1865 105 1919 s
112 1862 199 1918 post
216 1864 430 1917 usurpatam
450 1866 565 1918 Regis
582 1864 763 1906 Wambae
780 1866 997 1921 coronam)
1031 1866 1188 1920 Egicam
1218 1867 1323 1907 arcta
1351 1870 1584 1922 cognatione
1617 1866 1796 1910 Wambae
1817 1872 1895 1911 san-

9 1930 13 1953 *
77 1926 181 1980 guini
198 1936 388 1964 annexum
407 1937 590 1978 generum
619 1926 822 1978 adoptavit
837 1925 1018 1967 Cixilone
1038 1926 1113 1967 filia
1133 1929 1171 1968 in
1202 1926 1420 1981 Conjugem
1449 1927 1558 1979 data,
1588 1928 1625 1968 &
1643 1931 1747 1982 regni
1762 1930 1895 1982 postea

6 1995 13 2019 ι’
76 1983 328 2027 successorem
349 1985 580 2039 designavit:
610 1997 749 2027 verum
776 1988 854 2026 hoc
882 1985 1004 2038 ipsum
1025 1987 1215 2039 impedire
1231 1999 1311 2028 non
1346 1990 1497 2040 potuit,
1528 1988 1607 2041 quo
1633 1989 1756 2029 minus
1777 1989 1896 2043 Egica

7 2049 13 2071 ³'
76 2045 203 2099 Regni
224 2044 426 2096 suscipiens
458 2047 739 2097 gubernacula,
771 2047 953 2098 concepti
978 2047 1018 2087 in
1048 2047 1223 2088 socerum
1256 2047 1335 2087 odii
1359 2059 1581 2101 argumenta
1600 2061 1677 2100 prae
1703 2048 1741 2089 se
1763 2049 1892 2091 ferret.

11 2118 14 2154 ς
76 2105 121 2147 In
142 2116 215 2154 eo,
242 2105 307 2157 qui
324 2105 428 2145 iaesus
454 2105 529 2155 est,
562 2108 765 2146 vulnerum
790 2115 990 2147 remanent
1015 2108 1231 2155 cicatrices,
1262 2119 1356 2158 quas
1380 2107 1525 2147 offensa
1546 2110 1673 2148 animo
1700 2110 1894 2161 impressit,

11 2187 15 2224 3
77 2165 117 2206 δι
132 2165 181 2204 ad
202 2165 364 2216 primam
386 2177 579 2217 quamque
597 2166 840 2206 occasionem
862 2166 1006 2205 rursum
1028 2165 1164 2206 stillant
1185 2167 1377 2220 sanguine.
1440 2167 1589 2218 Injuriae
1615 2168 1710 2208 locis
1731 2170 1894 2222 paludo-

76 2225 125 2267 sis
150 2225 235 2265 sunt
257 2224 392 2265 slmiles
416 2237 501 2277 quae
517 2227 607 2266 licet
630 2225 886 2274 exficcentur,
915 2225 1028 2265 facile
1057 2235 1185 2266 tamen
1205 2237 1320 2277 aquas
1340 2227 1478 2268 iterum
1504 2227 1692 2267 hauriunt.
1756 2228 1893 2270 Offen-

14 2293 15 2307 ³
77 2285 235 2326 dentem
250 2286 349 2324 inter
367 2285 405 2325 &
430 2286 557 2325 laesuni
584 2286 729 2325 umbrae
755 2285 928 2338 quaedam
955 2286 1253 2337 interjiciuntur3
1283 2297 1368 2338 quae
1393 2289 1495 2326 nulla
1521 2287 1796 2338 excusationis,
1826 2300 1892 2329 aut

77 2343 340 2387 satisfactionis
362 2347 449 2385 luce
474 2345 618 2398 dispelli
640 2344 807 2398 poffunt.
871 2344 977 2399 Quin
1003 2357 1076 2386 nec
1100 2358 1150 2386 ex
1177 2354 1286 2399 parte
1313 2346 1547 2386 offendentis
1574 2346 1658 2387 satis
1676 2348 1804 2388 secura
1837 2349 1894 2390 est

13 2396 16 2431 ἶ
78 2407 262 2454 amicitia,
294 2405 381 2457 quia
397 2417 592 2457 nunquam
613 2405 681 2446 sibi
699 2403 921 2458 persuadet,
950 2405 1138 2446 offensum
1157 2417 1250 2446 vere
1269 2417 1317 2445 ex
1335 2408 1462 2447 animo
1491 2406 1661 2457 injuriam
1684 2408 1896 2450 condonas-

13 2505 16 2515 :
79 2464 137 2513 se,
168 2464 393 2516 semperque
420 2477 510 2505 eum
532 2467 723 2514 intuetur,
753 2474 796 2504 ut
821 2464 985 2506 hostem.
1048 2463 1305 2519 Praeterquam
1328 2466 1436 2519 quod
1461 2465 1539 2521 (d)
1560 2469 1742 2520 proprium
1755 2469 1896 2511 humani

15 2524 16 2527 '
80 2524 204 2578 ingem‘i
219 2522 289 2574 eli,
319 2522 431 2578 wlff,
460 2537 558 2578 quem
575 2521 712 2575 Iaesbris.

246 2583 281 2635 §.
312 2584 445 2635 Atque
467 2586 518 2624 ita
537 2584 692 2636 quidem
716 2581 759 2623 fit
783 2584 821 2624 in
838 2585 1078 2637 privatorum
1105 2585 1298 2634 amicitiis,
1329 2596 1408 2624 non
1431 2585 1650 2637 Principum
1674 2584 1702 2639 ζ
1711 2585 1739 2626 fi
1761 2596 1892 2630 tamen

11 2666 18 2677 κ
83 2653 178 2682 vera
196 2645 296 2684 inter
315 2644 387 2684 hos
405 2646 570 2685 amicitia
592 2643 835 2699 reperiatur)
863 2656 951 2684 nam
971 2644 1111 2684 utilitas
1139 2646 1295 2697 propria
1322 2645 1467 2685 amicos
1495 2656 1564 2684 eos
1589 2643 1703 2694 facit,
1732 2657 1797 2688 aut
1822 2649 1895 2689 ho-

15 2710 19 2751 ζ
80 2701 176 2753 stes,
203 2703 433 2754 &quamvis
457 2705 591 2745 millies
612 2704 836 2745 diffolvatur
858 2705 1041 2753 amicitia,
1071 2716 1165 2746 mox
1190 2713 1319 2744 tamen
1338 2704 1403 2756 spe
1424 2704 1624 2745 commodi
1657 2705 1890 2762 redintegra-

79 2771 169 2811 tur,
199 2762 238 2803 δε
259 2763 390 2815 quoad
416 2764 564 2817 sperare
587 2764 679 2805 illud
701 2766 820 2814 licet,
848 2763 956 2804 firma
987 2764 1170 2816 perdurat
1197 2776 1242 2804 ac
1269 2763 1420 2804 stabilis.
1481 2765 1614 2818 Quare
1639 2766 1678 2805 in
1702 2766 1893 2819 ejusmodi

12 2868 16 2884 ‹
82 2823 256 2864 amicitiis
273 2834 516 2876 nequaquam
537 2824 715 2865 habenda
732 2822 788 2865 est
808 2826 906 2865 ratio
932 2823 1213 2876 conjunfflonis
1244 2823 1451 2877 sanguinis,
1484 2834 1549 2864 aut
1570 2825 1815 2879 obligationis
1840 2841 1891 2869 ex

81 2884 250 2936 acceptis
270 2882 490 2934 beneficiis,
519 2896 565 2924 ea
590 2886 690 2925 enim
709 2897 789 2925 non
812 2884 980 2938 agnoscit
1002 2883 1183 2938 regnandi
1200 2885 1370 2927 ambitio.
1430 2885 1495 2926 Ab
1521 2885 1683 2925 utilitate
1708 2886 1893 2928 diuturni-

13 2976 21 2991 „
81 2951 139 2984 tas
158 2955 289 2985 earum
303 2942 518 2984 aestimanda
535 2943 610 2994 est,
640 2956 774 2985 omnes
802 2947 947 2998 quippe
965 2945 1138 2984 amicitiae
1167 2946 1261 2985 tales
1285 2956 1390 2985 nunc
1422 2945 1525 2994 sunt,
1556 2947 1685 2998 quales
1707 2946 1778 2988 illae
1803 2948 1894 2989 Phi.

889 3004 1088 3045 Eeeee
1824 3009 1894 3060 lip-

14 3136 21 3147 ,Α
181 3092 242 3148 (a)
268 3102 373 3142 Abiit
387 3118 467 3158 ergo
482 3103 570 3141 Saul
578 3104 618 3140 in
636 3102 773 3142 domum
786 3102 913 3150 stcam:
937 3103 984 3147 ἀ·
1003 3103 1150 3145 David,
1176 3101 1222 3145 ῤ’
1249 3104 1330 3141 viri
1345 3104 1418 3152 ejus
1439 3102 1665 3152 asc'ena'erunt
1686 3100 1738 3140 ad
1756 3106 1897 3144 tutiora

14 3148 21 3166 ¹·
84 3155 170 3194 loca.
200 3168 233 3195 1.
251 3158 341 3195 Rec.
363 3171 423 3204 24.
448 3170 507 3203 ²3·
535 3156 628 3193 Gen.
660 3169 718 3203 33.
748 3169 804 3194 12.
856 3159 917 3205 (b)
943 3162 1020 3195 Non
1044 3156 1165 3194 credas
1187 3157 1326 3192 inimico
1349 3167 1408 3192 tuo
1429 3159 1469 3194 in
1490 3166 1670 3193 aeternum:
1684 3153 1781 3204 ficut
1801 3159 1895 3197 enim

15 3225 18 3234 =
84 3218 324 3250 aramentum,
345 3211 514 3263 eruginat
535 3209 698 3260 nequitia
720 3209 829 3246 [Μαικ-
857 3207 903 3252 ὠ·
914 3208 955 3259 si
964 3208 1175 3246 humiliatus
1190 3208 1313 3246 vadat
1336 3222 1485 3250 curvus,
1511 3208 1624 3257 adjice
1651 3208 1811 3246 animum
1839 3221 1896 3248 tu-

86 3273 163 3300 um,
190 3258 236 3302 (ῤ’
256 3259 382 3319 ςκβοᾱί
394 3273 432 3301 te
449 3260 496 3300 ab
516 3261 582 3298 illo.
608 3261 704 3298 Eccl.
728 3273 784 3299 12.
818 3274 875 3299 10.
926 3263 984 3307 (c)
1011 3263 1101 3301 Mar.
1124 3260 1215 3298 Hist.
1235 3262 1334 3312 Hisp.
1352 3261 1376 3299 l.
1397 3262 1434 3300 6.
1454 3274 1483 3299 c.
1516 3269 1573 3305 18.
1623 3261 1687 3308 (d)
1717 3262 1834 3301 Tacit.
1857 3264 1896 3304 in

19 3340 24 3349 ,
88 3312 167 3353 vita
182 3314 308 3363 Agric.
