2132 3730
236 220 374 283 282'
668 229 1018 273 DJDAC]
1073 231 1614 289 SAAVEDRAE.

233 321 493 364 executionis3
524 316 651 354 ambas
678 323 806 353 autem
822 313 931 354 simul
946 313 1096 365 junctas
1114 316 1283 365 quintam
1309 316 1521 366 essentiam,
1550 326 1594 357 ut
1618 320 1847 370 loquuntur,
1873 318 2038 371 pruden-

232 381 280 420 tis
311 379 463 429 alicujus
494 373 689 424 Principis.
758 373 838 412 Res
863 385 1015 426 magnas
1050 372 1213 413 feliciter
1244 376 1347 427 geist
1383 377 1473 416 Rex
1500 375 1761 418 Ferdinandus
1787 378 2040 428 Catholicus,

232 441 321 492 quia
344 439 380 479 &
400 441 548 476 maturo
567 444 655 472 cum
674 433 859 481 consilio,
893 445 977 484 quae
996 434 1123 473 animo
1143 435 1417 487 proposuerat,
1448 437 1718 488 expendebat,
1747 437 1785 478 δι
1800 452 1935 492 magna
1948 449 2038 478 cum

231 501 426 540 celeritate
446 492 745 545 aggrediebatur.
806 490 876 533 Si*
863 505 884 532 a
902 497 1046 534 virtute
1061 494 1134 533 hac
1160 503 1322 545 utraque
1339 494 1540 536 instructus
1564 496 1681 538 fuerit
1708 497 1913 551 Princeps,
1943 511 2040 539 nun-

229 571 342 610 quam
367 571 386 596 a
404 553 631 593 lateieillius
649 552 807 593 recedet
829 551 1020 603 Fortuna,
1050 566 1135 605 quae
1167 565 1229 593 ex
1245 553 1449 593 occasione
1473 556 1654 610 nascitur;
1682 557 1766 597 haec
1793 558 1891 598 vero
1919 560 2040 599 celer-

227 616 321 658 rime
334 614 525 667 praeterit,
551 612 590 652 &
606 621 802 663 nunquam
828 612 1046 651 revertitur.
1108 609 1151 648 In
1178 617 1382 649 momento
1406 611 1453 647 ad
1459 615 1581 658 venit,
1610 616 1718 663 quod
1738 629 1891 671 magnas
1922 619 2038 658 nobis

226 678 373 730 praebet
388 675 592 721 utilitates,
621 682 687 712 aut
705 672 784 712 abit
809 670 917 723 quod
932 679 1171 711 nocumento
1188 669 1301 709 nobis
1321 667 1387 708 est.
1443 669 1541 709 Eam
1563 671 1617 709 ob
1640 674 1785 718 causam
1811 678 2037 719 Atheniensi

226 737 299 777 bus
315 737 411 776 vitio
437 733 551 774 dabat
569 731 880 783 Demosthenes,
911 730 1045 783 quod
1035 744 1073 771 m
1097 742 1222 770 rerum
1244 738 1430 799 apparatu
1455 738 1610 782 tempus
1642 725 1932 788 consumerent
1962 749 2037 778 nec

225 796 471 839 adverterent
493 805 623 837 tamen
644 793 867 836 occasiones
890 792 1155 835 cunctationes
1174 789 1260 833 istas
1281 787 1440 832 minime
1458 789 1677 845 praestolari.
1735 790 1777 832 Si
1797 799 1990 840 confilium
2014 794 2038 837 ὲ

222 2251 266 2282 re
288 2240 383 2282 boni
406 2238 550 2292 publici
573 2234 711 2288 fuerit,
741 2246 926 2291 quantum
945 2238 985 2279 in
1010 2237 1091 2291 eJ'us
1112 2239 1347 2280 executione
1380 2237 1611 2288 tardabitur,
1639 2246 1788 2280 tantum
1813 2238 1848 2279 ei
1870 2235 1920 2279 de
1941 2237 2041 2279 utili-

222 2311 302 2342 tate
330 2299 506 2341 decedet.
567 2297 639 2352 (a)
674 2299 805 2339 Nullus
828 2299 1035 2342 cztnfflationi
1052 2299 1140 2339 locus
1159 2299 1235 2354 est
1221 2314 1308 2340 meo
1324 2299 1469 2352 consilio,
1499 2299 1591 2354 quod
1606 2313 1671 2340 non
1678 2299 1789 2353 potest
1804 2297 1963 2347 laudari,
1978 2295 2042 2351 nist
2094 2313 2099 2326 ¹

214 2362 410 2413 peractum.
467 2358 596 2398 Foetus
611 2357 784 2398 informis
802 2358 856 2399 est
881 2359 1102 2407 confilium,
1133 2360 1172 2399 &
1190 2360 1320 2411 quoad
1342 2361 1552 2408 executio,
1580 2370 1665 2410 quae
1688 2360 1821 2398 animae
1838 2356 1949 2397 instar
1967 2355 2037 2406 est,

223 2423 345 2461 vitam
371 2432 415 2459 ac
433 2427 582 2457 motum
594 2420 628 2456 ei
645 2420 811 2467 tribuat,
844 2429 1040 2459 mortuum
1057 2429 1241 2458 remanet.
1300 2420 1364 2458 Ab
1378 2419 1626 2472 intelligentia
1639 2417 1916 2470 proficiscitur,
1931 2415 2040 2456 actus

223 2483 401 2521 nimirum
426 2478 637 2531 prudentiae
647 2478 850 2529 practicae,
880 2479 919 2518 δι
934 2478 961 2517 fi
978 2480 1017 2518 in
1044 2478 1122 2518 sola
1147 2480 1477 2531 contemplatione
1492 2478 1611 2528 sistat,
1640 2490 1720 2517 non
1739 2477 1808 2517 nisi
1830 2487 1929 2517 vana
1962 2474 2038 2516 fuit

225 2541 465 2593 imaginatio,
495 2537 534 2577 &
556 2539 695 2577 mentis
709 2538 845 2579 illusio.
905 2538 996 2578 Cito
1023 2538 1295 2590 exequendum
1317 2538 1392 2578 effe
1416 2539 1540 2590 ajebat
1558 2536 1806 2586 Aristoteles,
1837 2534 1945 2587 quod
1960 2534 2038 2587 ,sta-

225 2609 351 2641 tutum
370 2599 484 2639 semel
508 2596 603 2644 fuit,
633 2596 697 2635 sed
719 2596 1006 2636 deliberandum
1026 2598 1145 2635 tarde.
1206 2598 1373 2647 Jacobus
1397 2599 1543 2648 Angliae
1558 2598 1645 2636 Rex
1672 2596 1792 2635 filium
1818 2595 1925 2635 suum
1952 2608 2037 2635 mo-

224 2662 334 2709 nuit,
363 2660 463 2698 utin
504 2656 755 2696 consultando
785 2656 953 2708 prudens
977 2653 1069 2695 effet
1095 2655 1133 2695 δι
1166 2654 1487 2707 circumspectus,-
1516 2657 1555 2695 in
1591 2654 1810 2695 decidendo
1842 2654 1973 2695 firmus
1997 2656 2036 2695 ὃς

227 2718 420 2760 constans:
451 2717 708 2770 promptus&
726 2715 930 2769 expeditus
950 2717 988 2756 in
1011 2714 1265 2767 exequendo:
1298 2714 1346 2754 ad
1370 2714 1478 2766 >quod
1506 2713 1739 2768 postremum
1770 2713 1923 2755 Natura
1957 2714 2036 2766 ipsa
2096 2720 2097 2724 ’

225 2791 359 2820 manus
380 2779 580 2829 pedesque
601 2788 688 2815 cum
721 2776 926 2829 digitorum
948 2776 1090 2815 fabrica
1104 2805 1116 2824 ,
1147 2775 1185 2814 &
1210 2787 1355 2816 nervos
1374 2785 1450 2815 tam
1467 2774 1613 2817 flexiles
1632 2775 1763 2828 largita
1779 2772 1847 2814 est.
1906 2774 2036 2825 Popu-

225 2840 266 2880 lo
292 2838 368 2892 (h)
404 2837 572 2876 cmfflatio
594 2833 735 2887 servilis
747 2849 760 2884 ,-
779 2834 905 2888 statim
928 2837 1072 2890 exequi,
1104 2837 1231 2887 regium
1255 2834 1413 2876 videtur.
1469 2833 1639 2875 Fuerunt
1672 2836 1764 2874 olim
1795 2833 1961 2873 Romani
1995 2834 2036 2875 in

227 2897 441 2939 actionibus
468 2895 538 2934 suis
557 2895 805 2945 considerati,
836 2896 874 2936 δε
896 2893 1105 2936 constantia
1131 2907 1174 2934 ac
1192 2892 1373 2947 patientia
1401 2896 1529 2935 omnia
1546 2895 1781 2947 superarunt.
1840 2891 2033 2932 Grandio-

226 2971 289 2999 res
309 2956 548 2997 Monarchiae
576 2957 802 3008 plerumque
833 2956 1007 2995 tardioris
1040 2956 1279 2995 executionis
1304 2955 1480 2995 laborant
1507 2955 1626 3004 vitio,
1657 2954 1706 2995 eo
1732 2951 1839 3005 quod
1872 2952 2036 2993 nimium

229 3020 302 3059 suae
329 3015 524 3057 confidant
542 3017 744 3066 potentiae,
774 3017 829 3055 uti
862 3018 899 3055 in
932 3015 1094 3055 Othone
1126 3015 1359 3066 Imperatore
1389 3014 1525 3055 videre
1554 3013 1656 3064 fuit,
1685 3014 1746 3054 cui
1776 3009 1845 3065 (c)
1874 3025 1938 3064 quo
1950 3011 2034 3064 plus

226 3080 358 3119 virium
377 3089 417 3115 ac
436 3075 587 3123 roboris,
617 3076 634 3112 ἑ
647 3074 779 3128 fiducia
800 3075 955 3115 tarditas
980 3077 1107 3115 inerat.
1167 3074 1352 3124 Accedit,
1382 3074 1490 3126 quod
1508 3083 1669 3126 propter
1686 3075 1763 3113 hoc
1786 3071 1906 3121 ipsum
1923 3082 2030 3111 rota-

228 3150 313 3177 rum
328 3135 505 3189 ponduS‚
535 3134 673 3186 quibus
688 3133 897 3186 Majestatis
919 3133 1131 3188 amplitudo
1155 3134 1347 3185 innititur,
1372 3134 1411 3174 &
1427 3146 1476 3175 ne
1499 3145 1565 3184 ea,
1593 3145 1676 3184 quae
1701 3130 1882 3184 poffidet,
1912 3133 1952 3171 in
1977 3130 2034 3170 di·

1944 3190 2031 3230 seri-
2082 3222 2085 3228 .

324 3310 382 3353 (a)
408 3310 496 3345 Tac.
521 3309 544 3345 l.
576 3321 608 3345 ι.
625 3307 714 3344 Hist.
771 3305 846 3358 (b)
873 3308 926 3344 Id.
948 3308 973 3344 l.
989 3312 1022 3344 6.
1040 3307 1170 3344 Annal'⁸
1225 3307 1289 3356 (c)
1319 3308 1358 3344 Id
1378 3307 1401 3346 l.
1421 3319 1457 3344 2.
1473 3304 1562 3349 Hist,
