2132 3730
507 225 1484 268 SYMBOLAPOLITJCA.
1795 241 1872 282 103

1620 289 1875 302 h-

79 313 219 366 potest,
277 310 478 351 Fortitudo
499 309 537 349 &
560 308 755 348 excelsitas
774 310 885 347 animi
903 321 995 348 mox
1021 322 1106 349 eum
1135 310 1214 360 ipso
1249 311 1409 361 pectore
1436 312 1615 360 nascitur,
1645 324 1723 351 non
1755 315 1876 353 oculis

79 375 264 416 hauritur.
339 368 430 409 Nec
455 369 717 422 generosiores
749 368 832 407 sunt
853 398 866 416 ‚
897 370 960 420 qui
979 371 1096 422 magis
1120 369 1294 420 sanguine
1324 371 1360 409 ἀ
1381 371 1486 410 caede
1513 373 1755 411 animantium
1776 374 1877 423 capi-

80 443 211 479 untur,
240 431 294 468 uti
311 431 463 478 necilli,
488 430 550 481 qui
561 431 726 468 humana
743 440 855 468 carne
876 428 1062 469 victitant.
1124 428 1481 480 Magnanimitatem
1495 444 1573 471 non
1592 432 1731 483 spernit
1750 432 1877 471 nostra

75 492 223 541 Religio
238 500 252 540 3
283 491 374 541 quin
397 489 443 527 ad
471 489 571 528 illam
597 490 853 539 acuitpotius.
915 489 1012 528 Non
1033 490 1189 540 proemia
1216 491 1404 539 proponit
1434 491 1545 529 nobis
1575 494 1802 543 temporaria
1839 491 1878 531 δε

79 551 218 591 caduca
246 580 256 597 ,
286 550 340 588 uti
376 548 468 588 facit
491 548 702 600 superstitio
719 548 882 588 Ethnica
903 562 915 595 ,·
940 549 1001 592 sed
1026 559 1191 596 aeterna,
1223 549 1332 586 nullis
1356 561 1520 600 unquam
1536 552 1666 590 seculis
1695 551 1872 592 finienda.

76 608 193 662 Quod
212 608 238 647 fi
261 618 353 647 tunc
375 608 530 648 Corona
564 608 640 661 (a)
654 609 775 659 aliqua
801 610 822 646 e
841 610 968 656 lauro,
1001 620 1083 665 quae
1111 607 1218 646 fimul
1236 618 1350 658 atque
1378 608 1399 646 a
1418 620 1554 648 trunco
1575 613 1760 659 avellitur,
1779 624 1874 651 niar-

73 668 220 709 cescere
243 669 377 720 incipit
393 698 405 717 ,
436 679 639 720 tantopere
655 668 824 707 incendit
841 669 1004 707 animos:
1034 667 1124 718 quid
1139 679 1215 706 non
1236 666 1352 706 faciet
1370 680 1470 707 nunc
1487 669 1780 719 sempiternailla
1792 671 1876 711 stel-

71 730 189 768 larum
213 759 223 776 ‚
255 728 529 768 &immortalis
553 728 572 767 ἓ
602 730 662 768 Ac
691 726 844 768 fortaffe
869 725 1072 777 majoribus
1104 726 1177 764 sese
1198 727 1428 777 objecerunt
1463 730 1640 779 perieulis
1671 729 1872 781 Gentiles,

71 792 183 840 quam
213 787 408 828 Christiani
425 789 444 827 ⁸?
477 788 514 826 Si
530 788 684 839 quando
701 790 751 827 illi
769 789 901 826 urbem
925 788 1085 837 aliquam
1103 797 1168 825 aut
1185 785 1344 831 castrum
1365 789 1476 827 armis
1500 789 1757 839 impeterent,
1796 793 1875 840 cly-

68 850 151 899 peis
178 847 214 887 &
243 847 492 887 testudinibus
509 850 642 887 muniti
663 848 701 887 id
721 847 956 887 saffritabant.
1015 844 1137 885 Nunc
1160 847 1256 886 vero
1285 846 1500 887 Christianis
1523 860 1590 898 per
1621 847 1756 888 densos
1772 852 1874 901 glan-

69 907 173 947 dium
194 909 354 955 imbres,
385 920 456 959 per
475 908 633 947 fulmina
661 909 830 959 pulveris
855 907 955 956 pyrii
976 906 1179 945 tentandus
1204 905 1258 945 est
1284 907 1420 947 aditus.
1501 907 1599 947 Non
1630 908 1875 948 adversantur

67 967 283 1007 fortitudini
314 967 480 1007 demissio
508 969 621 1006 animi
646 967 684 1006 ὃς
712 965 993 1012 mansuetud03
1025 967 1115 1016 quin
1140 968 1191 1005 ita
1210 965 1349 1016 juneae
1371 966 1453 1006 sunt
1472 969 1569 1007 inter
1582 968 1638 1016 se,
1668 978 1710 1006 ut
1730 969 1876 1020 absque

67 1028 125 1066 his
147 1029 317 1067 exerceri
346 1029 406 1066 illa
423 1037 589 1078 nequeat
609 1042 618 1065 ε
649 1038 775 1077 neque
804 1024 1019 1064 fortitudini
1041 1027 1151 1065 locus
1171 1026 1225 1065 est
1250 1056 1262 1074 ,
1293 1028 1359 1065 ubi
1381 1040 1461 1067 non
1485 1027 1567 1067 sunt
1600 1027 1873 1079 mansuetudo,

69 1089 267 1127 tolerantia
283 1117 296 1136 ‚
329 1087 366 1126 δε
389 1089 541 1137 reliquae
568 1088 742 1129 virtutes.
803 1084 987 1136 Namque
1008 1086 1037 1123 is
1060 1084 1180 1125 solum
1202 1087 1260 1125 vir
1278 1085 1388 1125 fortis
1405 1086 1459 1127 est
1479 1118 1491 1136 ‚
1521 1089 1585 1139 qui
1604 1088 1649 1126 ab
1670 1087 1872 1128 affectibus

66 1150 170 1187 vinci
193 1148 229 1187 se
251 1160 329 1187 non
350 1149 489 1197 patitur
504 1177 516 1195 ‚
547 1146 583 1186 &
601 1146 620 1185 a
638 1145 990 1197 perturbationibus
1006 1146 1117 1185 animi
1137 1143 1232 1184 liber
1255 1145 1327 1193 est‚·
1342 1148 1379 1185 in
1403 1159 1481 1198 quo
1505 1159 1645 1199 genere
1663 1149 1873 1199 plurimum

66 1208 308 1246 elaborarunt
327 1206 468 1255 Stoici,
502 1206 540 1245 δε
558 1207 689 1257 majori
711 1204 842 1257 postea
864 1217 951 1244 cum
971 1203 1212 1256 perfectione
1234 1205 1444 1246 Christiani.
1505 1207 1710 1259 Perparum
1737 1219 1786 1247 ex
1811 1208 1874 1248 sua

60 1277 171 1319 parte
191 1267 280 1305 facit
296 1296 308 1313 ,
341 1267 404 1315 qui
422 1266 614 1304 iracundia
631 1275 696 1304 aut
724 1265 898 1317 superbia
922 1265 958 1303 se
976 1265 1060 1304 finit
1085 1265 1223 1317 abripi:
1254 1265 1344 1304 illud
1367 1267 1580 1314 heroicum,
1595 1269 1768 1320 proprias
1793 1268 1876 1306 suas

61 1327 246 1379 palliones
265 1325 301 1364 δε
320 1323 547 1375 cupiditates
562 1323 749 1375 frangere.
812 1323 914 1362 Inter
934 1323 1161 1364 difficiliores
1186 1337 1316 1365 arenas
1349 1328 1494 1365 animus
1521 1325 1575 1366 est
1592 1358 1605 1375 ,
1637 1329 1701 1366 ubi
1727 1326 1792 1366 ista
1816 1328 1877 1367 vi-

61 1397 152 1439 gent
171 1385 390 1427 certamina,
452 1383 532 1434 Qui
551 1395 600 1421 eo
634 1394 756 1434 usque
772 1382 846 1422 sese
866 1382 1068 1422 demittere
1089 1384 1221 1423 didicit
1248 1397 1290 1423 ut
1307 1387 1413 1424 alteri
1437 1385 1608 1426 inflectat
1636 1398 1787 1438 genua,
1818 1385 1873 1425 fa-

61 1447 134 1486 cile
152 1448 189 1485 in
210 1443 412 1484 occasione
433 1452 658 1482 contemnet
676 1443 888 1494 periculum
908 1472 920 1491 ,
945 1443 983 1482 δε
1006 1445 1161 1483 cervice
1175 1444 1361 1483 constanti
1378 1445 1534 1484 securim
1553 1447 1735 1497 excipiet.
1795 1444 1875 1485 Tu-

59 1508 144 1546 lerit
172 1505 256 1544 sane
277 1505 427 1555 Religio
450 1502 613 1542 Etlmica
634 1501 802 1555 Magnos
817 1501 951 1542 Duces
973 1534 985 1551 ,
1016 1504 1146 1553 quales
1167 1501 1276 1543 fuere
1304 1504 1467 1544 Caesares
1485 1535 1497 1554 ,
1528 1505 1743 1557 Scipiones,
1762 1505 1799 1545 ἃ
1815 1505 1877 1545 alii

59 1568 279 1617 complures
301 1577 313 1612 ς
346 1573 382 1602 at
398 1573 503 1602 certe
523 1562 625 1602 haud
641 1564 807 1603 minores
833 1563 945 1602 nobis
962 1563 1069 1603 dedit
1095 1563 1296 1603 Catholica
1319 1565 1358 1604 in
1382 1565 1591 1616 Alphonsis
1611 1565 1648 1605 ἂι
1666 1565 1874 1605 Ferdinan-

61 1625 116 1664 dis
134 1625 304 1664 Castellae
327 1655 337 1671 ‚
370 1624 423 1662 uti
439 1622 477 1661 δι
505 1624 543 1661 in
561 1624 638 1662 aliis
667 1622 1087 1675 Aragoniae,Navarrae
1103 1651 1116 1670 ,
1148 1623 1185 1663 δε
1210 1623 1413 1663 Lusitaniae
1436 1625 1620 1677 Regibus.
1682 1625 1875 1677 Quaetan-

58 1694 97 1724 ta
116 1686 228 1726 animi
245 1681 435 1723 fortitudo
467 1681 541 1721 effe
553 1684 683 1733 potuit
706 1712 718 1730 ‚
750 1692 865 1732 atque
882 1683 965 1730 illa,
990 1694 1074 1733 quae
1100 1684 1138 1721 in
1161 1682 1303 1722 Carolo
1325 1682 1378 1722 V.
1407 1683 1502 1734 Imp.
1523 1685 1682 1723 eminuit
1700 1685 1720 1722 *ἓ
1741 1684 1874 1736 Quem

58 1756 227 1794 unquam
252 1743 439 1793 Magnum
461 1741 617 1780 Ducem
648 1740 860 1779 celebravit
887 1742 1088 1791 antiquitas
1106 1770 1118 1790 ,
1149 1744 1211 1780 cui
1235 1753 1345 1793 pares
1366 1773 1380 1791 ,
1411 1753 1476 1781 aut
1515 1746 1628 1782 etiam
1659 1745 1875 1794 superiores

58 1816 139 1844 non
161 1802 302 1843 fuerint
324 1797 541 1840 Gonsalvus
565 1799 596 1839 F
598 1799 826 1839 erdinandus
845 1799 893 1839 de
915 1799 1098 1839 Corduba
1113 1831 1124 1849 ‚
1155 1800 1186 1840 F
1188 1801 1415 1840 erdinandus
1427 1801 1645 1849 Cortelius‚
1677 1806 1873 1844 Antonius

58 1865 107 1902 de
128 1863 249 1902 Lieva
267 1893 278 1911 ‚
311 1859 341 1900 F
344 1860 571 1900 erdinandus
597 1858 768 1897 Dav-alus
788 1859 953 1897 Piscariae
969 1859 1149 1898 Marchio
1163 1889 1175 1907 ,
1206 1861 1425 1910 Alphonsus
1443 1861 1616 1900 Davalus
1637 1861 1743 1902 Vasti
1764 1863 1872 1902 Mar-

58 1925 147 1961 cln'o
165 1953 176 1969 ‚
207 1921 424 1961 Alexander
445 1919 473 1957 F
476 1917 640 1956 arnesrus
676 1917 772 1954 Dux
794 1916 1001 1955 Parmenfis
1024 1945 1036 1965 ,
1070 1917 1243 1957 Andreas
1270 1918 1318 1957 de
1340 1919 1432 1958 Oria
1449 1949 1461 1967 ‚
1502 1920 1722 1971 Alphonsus
1751 1923 1872 1962 Albu-

58 1984 233 2033 quercius
245 2010 256 2029 ‚
287 1980 317 2018 F
319 1976 547 2018 erdinandus
561 1978 726 2016 Alvarus
744 1975 793 2014 de
813 1975 958 2015 Toleto
979 1975 1076 2014 Dux
1091 1977 1286 2025 Albanus,
1299 1977 1555 2019 Marchiones
1573 1979 1622 2019 de
1638 1979 1762 2020 saneta
1774 1981 1869 2021 Cru-

55 2055 101 2082 ce
121 2072 133 2089 ‚
164 2042 306 2080 Comes
331 2037 525 2077 Fontanus
542 2066 555 2084 ,
585 2035 768 2076 Marchio
785 2035 966 2087 Spinola,
999 2035 1227 2076 Ludovicus
1247 2036 1405 2088 Fajardo
1428 2069 1440 2087 ‚
1473 2039 1510 2078 &
1528 2041 1587 2078 alii
1612 2039 1739 2092 prope
1758 2043 1868 2082 innu-

54 2103 243 2142 meritam
267 2099 479 2150 Hispaniae,
511 2095 624 2147 quam
651 2097 803 2136 aliarum
827 2095 1040 2135 Nationum
1055 2126 1067 2145 ‚
1098 2107 1292 2148 nunquam
1312 2097 1453 2137 laudati
1473 2099 1557 2137 satis
1577 2098 1597 2138 ἓι
1614 2099 1740 2140 Fama.
1798 2101 1868 2142 De

55 2163 193 2212 quibus
215 2159 352 2199 merito
374 2157 446 2196 dici
460 2157 605 2213 poterit
624 2156 686 2204 id,
717 2154 822 2206 quod
844 2155 1054 2206 Apostolus
1079 2155 1216 2196 Paulus
1243 2157 1292 2197 de
1313 2160 1456 2210 magnis
1474 2159 1544 2196 illis
1562 2158 1759 2208 Ducibus,
1785 2161 1866 2202 Ge-

56 2222 182 2260 deone
198 2250 210 2269 ,
241 2219 358 2258 Barac
374 2248 386 2267 ,
409 2217 590 2256 Samsone
610 2244 623 2264 ,
654 2214 841 2266 Jephthe‚
879 2215 1035 2256 Davide
1057 2247 1067 2264 ,
1100 2216 1137 2256 &
1155 2215 1331 2256 Samuele
1360 2229 1663 2257 commemorat}
1693 2218 1767 2272 (la)
1785 2220 1865 2261 Per

46 2279 152 2332 fidem
171 2280 371 2320 devicerunt
400 2279 534 2329 Regna.
620 2275 743 2315 Fortes
763 2272 864 2326 fach·
885 2272 969 2326 Jimt
993 2279 1027 2315 in
1049 2276 1125 2316 bello
1144 2307 1157 2326 ,
1198 2275 1316 2331 ccssra
1351 2285 1538 2317 verterunt
1562 2286 1765 2318 exterorum.
1823 2281 1864 2321 Si

60 2340 271 2379 Gentilium
289 2337 468 2378 vifftorias
487 2335 662 2375 conferre
691 2337 876 2387 placuerit
894 2348 981 2375 cum
1002 2337 1044 2374 iis
1064 2366 1076 2384 ,
1108 2349 1199 2388 quas
1218 2347 1464 2388 reportarunt
1485 2336 1684 2377 Christiani
1702 2367 1714 2383 .,
1744 2338 1863 2393 longe

57 2400 125 2439 has
153 2399 260 2438 fuiffe
283 2399 444 2449 majores
462 2396 687 2436 videbimus.
751 2395 794 2435 In
815 2397 949 2447 proelio
977 2395 1023 2435 ad
1038 2395 1174 2436 Navas
1196 2396 1361 2437 ducenta
1382 2397 1613 2436 Maurorum
1626 2396 1738 2438 millia
1763 2401 1864 2439 ceci.

59 2459 150 2498 dere
167 2488 180 2507 ,
212 2457 233 2496 e
254 2458 388 2497 nostris
410 2470 490 2497 non
507 2455 575 2495 nisi
594 2455 768 2494 homines
795 2457 928 2508 viginti
958 2457 1138 2507 quinque.
1201 2456 1286 2511 (c)
1310 2456 1436 2496 Hastae
1469 2457 1506 2496 &
1528 2458 1667 2509 sagittae
1695 2457 1862 2500 hostium

58 2528 163 2558 tanta
186 2518 426 2557 multitudine
445 2525 605 2568 repert-7:
618 2544 630 2563 ,
659 2525 701 2554 ut
720 2515 872 2554 duobus
894 2515 1027 2555 diebus
1040 2546 1051 2564 ,
1082 2517 1221 2567 quibus
1238 2516 1365 2556 victor
1383 2519 1574 2556 exereitus
1588 2517 1724 2556 iisdem
1747 2519 1783 2558 in
1803 2522 1861 2559 lo-

58 2581 112 2618 cis
137 2577 241 2617 haesit
257 2608 270 2626 ‚
300 2579 486 2629 lignorum
513 2575 618 2615 usum
652 2576 894 2615 exhibuerint
915 2576 1124 2615 excitandis
1151 2578 1299 2630 ignibus
1321 2590 1333 2624 3
1365 2589 1409 2615 ae
1430 2589 1480 2616 ne
1503 2576 1677 2615 comburi
1702 2579 1859 2628 quidem

58 2639 256 2690 potuerint
274 2666 286 2683 ‚
316 2637 384 2675 etsi
406 2636 569 2676 studium
592 2633 853 2680 adhibebatur.
915 2637 1050 2675 Altero
1072 2646 1179 2676 tanto
1202 2639 1330 2688 plures
1351 2638 1387 2676 in
1399 2647 1525 2688 pugna
1546 2635 1725 2675 Saladana
1743 2650 1860 2678 occu-

59 2696 199 2744 buere,
230 2695 446 2736 desideratis
469 2693 682 2735 Christianis
704 2694 824 2734 solum
846 2696 1005 2748 viginti:
1036 2695 1071 2734 &
1090 2698 1128 2735 in
1154 2694 1282 2735 illustri
1297 2698 1358 2736 illa
1375 2696 1537 2735 vistoria
1554 2698 1679 2735 navali
1692 2696 1860 2738 adNau-

55 2757 210 2811 pactum
229 2755 255 2808 ζ
271 2755 486 2807 Lepantum
511 2754 627 2794 hodie
641 2756 666 2807 J
704 2768 817 2807 quam
833 2755 998 2807 joannes
1018 2755 1235 2796 Austriacus
1252 2767 1386 2796 contra
1399 2756 1543 2795 Turcas
1562 2757 1748 2805 obtinuit,
1767 2770 1857 2797 een-

57 2830 137 2858 tum
167 2817 203 2855 &
222 2815 417 2868 octoginta
437 2818 606 2854 triremes
626 2817 758 2865 partim
777 2814 953 2855 demersae
976 2814 1131 2854 fuerunt
1154 2846 1166 2864 ,
1197 2818 1333 2868 partim
1350 2826 1483 2868 captae.
1543 2816 1650 2868 Quas
1676 2816 1858 2858 victorias

58 2890 137 2918 non
153 2877 221 2916 fibi
238 2876 368 2915 tribuit
390 2874 638 2916 Christianum
653 2874 810 2926 pectus,
833 2876 897 2916 sed
923 2888 1020 2916 vero
1037 2876 1214 2916 Domino
1244 2878 1483 2916 exercituum
1500 2907 1513 2927 ,
1544 2889 1660 2927 quem
1696 2890 1856 2918 venera-

60 2947 119 2977 tur
139 2936 178 2977 &
209 2937 313 2976 colit.

936 3056 984 3107 D
1024 3054 1056 3105 d
1763 3054 1854 3118 (a)

16 3251 18 3289 ι
164 3234 220 3278 (a)
245 3231 295 3267 Illi
310 3231 446 3284 quidem
457 3260 464 3273 ,
491 3241 532 3267 ut
547 3230 800 3284 corruptibilem
817 3239 979 3270 Coronam
998 3235 1174 3286 accipiant
1187 3261 1195 3275 ,
1220 3248 1279 3270 nos
1292 3245 1414 3272 autem
1429 3236 1675 3285 incorruptam.
1714 3245 1745 3270 1.
1761 3233 1848 3275 Cor.

16 3291 20 3352 l
59 3298 96 3332 9.
115 3296 174 3328 25.
230 3284 289 3329 (b)
318 3286 410 3321 ch.
435 3298 490 3322 11.
513 3290 617 3334 33.&
639 3299 695 3332 34.
754 3286 810 3330 (c)
836 3288 925 3324 Mar.
943 3287 1020 3326 hist.
1040 3286 1140 3337 Hisp.
1167 3288 1191 3322 l.
1216 3300 1270 3328 11.
1289 3300 1320 3325 e.
1337 3302 1398 3336 24.
