2132 3730
214 241 296 292 388
647 230 997 274 DIDACI
1050 231 1590 276 SAAVEDRAE.

210 321 399 369 Romani,
428 318 519 357 dum
549 316 703 355 aliarum
721 314 939 354 Nationum
956 315 1125 367 populos
1141 316 1179 355 in
1198 317 1325 366 cives,
1359 316 1483 356 socios
1505 317 1543 358 ὅτ.
1562 319 1705 358 amicos
1727 317 1813 358 suos
1835 317 2011 359 asciscere

212 380 354 434 dignati
380 378 476 420 sunt.
534 375 706 414 Albanos
728 376 768 415 in
783 375 884 416 suam
910 374 1206 415 introduxerunt
1230 375 1438 430 Rempubl.
1466 377 1505 418 &
1533 390 1632 430 quos
1664 376 1774 418 antea
1794 375 1923 418 hostes
1947 378 2014 417 ha-

211 442 393 487 buerant,
422 446 492 475 eos
514 434 704 475 societatis
728 437 943 476 communis
957 436 1165 475 voluerunt
1181 435 1256 475 effe
1276 439 1494 490 participes.
1553 437 1715 478 Sabinos
1730 438 1769 478 in
1787 436 1850 489 jus
1868 438 2015 479 civium

211 499 451 541 admiserunt.
509 493 710 547 Tanquam
745 493 988 549 protectores
1016 494 1385 548 conservatoresque
1413 497 1595 538 libertatis
1625 510 1670 538 ac
1697 497 2014 550 privilegiorum,

211 568 389 611 tanquam
405 553 555 607 justitiae
577 554 743 596 universi
763 556 866 596 orbis
883 556 1030 605 arbitri,
1060 553 1082 594 a
1104 554 1262 595 diversis
1285 557 1477 608 implorati
1493 557 1603 599 fuere
1622 557 1856 607 Provinciis,
1885 567 1928 597 ut
1946 569 2014 597 eo-

210 631 292 660 rum
315 616 461 656 viribus
479 625 615 656 contra
639 614 726 655 suos
751 614 881 657 hostes
908 624 1128 664 uterentur,
1158 614 1198 656 δι
1223 627 1308 667 quae
1339 615 1466 668 seipsis
1489 627 1540 656 eo
1567 629 1689 670 usque
1719 625 1920 671 penetrare
1947 629 2015 658 ne-

210 675 413 730 quivissent
427 706 438 725 ,
461 676 672 729 ignorantia
698 674 818 717 aliena
842 677 958 728 longe
978 673 1131 727 lateque
1155 677 1193 716 se
1212 672 1428 720 dilatarunt,
1487 676 1600 716 Initio
1621 678 1776 729 quidem
1799 675 2016 717 aNationi·

208 739 280 778 bus
300 737 441 778 exteris
454 748 590 789 magna
609 737 855 777 cumcautela
875 738 1016 776 tributa
1028 735 1190 787 nonjnifi
1209 735 1364 776 modica
1385 746 1617 791 exegerunt,
1648 736 1686 776 &
1699 737 1825 790 specie
1849 737 2014 790 quadam

207 799 396 838 virtutum
422 796 625 837 moralium
649 796 730 837 suas
758 806 940 837 texerunt
971 796 1145 839 fraudes:
1176 795 1215 836 &
1245 794 1450 849 postquam
1478 797 1539 837 illa
1565 798 1768 850 imperialis
1794 798 1916 848 aquila
1941 796 2017 837 alas

207 857 290 898 suas
317 857 425 910 supra
453 866 529 896 tres
543 857 650 898 orbis
667 867 815 910 partes,
844 856 1065 910 Europam,
1097 857 1226 897 Asiam
1257 856 1294 897 &
1313 855 1485 897 Africam
1511 858 1622 897 latius
1653 855 1911 909 expandisset,
1938 869 2016 898 am-

209 919 357 959 bitione
381 917 541 958 rostrum
570 918 676 958 suum
703 918 856 958 exacuit
880 917 918 958 δι
957 918 1108 958 saevitiae
1130 917 1203 957 suae
1224 917 1396 970 prodidit
1427 930 1599 970 ungues,
1630 916 1876 971 protectione
1898 918 1937 958 in
1957 926 2020 967 ty·

208 978 404 1020 rannidem
429 977 547 1020 veria.
606 977 789 1034 Expertae
817 988 911 1021 tunc
937 979 1022 1021 sunt
1045 978 1240 1020 Nationes
1267 987 1432 1029 exterae,
1460 977 1594 1019 misere
1614 979 1716 1020 suam
1741 977 1884 1020 illusam
1907 974 2019 1019 fuiffe

209 2427 485 2470 confidentiam
502 2458 515 2478 ‚
545 2428 584 2469 &
604 2425 813 2469 destructas
828 2428 1014 2481 potentiae
1031 2426 1105 2467 suae
1129 2427 1279 2479 plumas
1298 2425 1368 2467 sub
1388 2428 1455 2467 alis
1482 2428 1579 2468 illius
1596 2426 1838 2480 oppressione
1859 2427 2023 2469 tributo·

209 2501 294 2531 rum
325 2501 368 2529 ac
391 2489 596 2538 libertatis,
627 2500 717 2529 cum
742 2488 1033 2541 privilegiorum
1059 2487 1214 2527 suorum
1238 2485 1408 2539 jactura3
1438 2499 1605 2540 cumque
1623 2488 1699 2539 jam
1727 2490 1897 2539 tyrannis
1915 2490 2023 2529 inva-

208 2548 352 2596 luisset,
381 2560 455 2590 nec
471 2547 740 2589 convalescere
761 2544 927 2601 potuere
942 2577 954 2597 ,
984 2558 1059 2588 nec
1082 2548 1185 2587 vires
1216 2546 1298 2586 suas
1323 2546 1538 2588 instaurare.
1600 2548 1730 2600 Atque
1759 2559 1803 2588 ut
1825 2558 2021 2591 venenum

208 2611 249 2651 in
269 2619 440 2650 naturam
460 2617 699 2657 verteretur,
731 2608 1012 2648 adinvenerunt
1036 2607 1202 2647 Romani
1230 2608 1426 2656 colonias,
1454 2606 1830 2660 introduxeruntque
1853 2610 2021 2661 linguam

208 2668 411 2718 Latinam,
440 2668 488 2708 ad
509 2668 716 2709 tollendam
740 2667 873 2708 sensim
896 2666 1114 2709 Nationum
1142 2665 1448 2716 distinfflonem,
1479 2668 1517 2708 &
1546 2677 1590 2708 ut
1616 2668 1692 2708 sola
1717 2668 1922 2721 superesset
1939 2669 2022 2709 Ro-

210 2741 322 2770 mana
338 2741 427 2770 cum
446 2729 647 2769 universali
661 2729 699 2769 in
728 2740 863 2769 omnes
884 2728 1060 2780 imperio,
1119 2726 1217 2768 Haec
1231 2726 1305 2767 fuit
1337 2739 1472 2780 magna
1496 2728 1558 2768 illa
1584 2728 1746 2780 Aquila,
1775 2740 1891 2780 quam
1919 2728 2020 2769 vidit

210 2788 395 2832 Ezechiel
413 2790 545 2841 magnis
573 2786 650 2843 (a)
677 2786 743 2829 alis
756 2820 769 2839 ,
797 2786 978 2843 multisque
1002 2790 1149 2841 pemzis;
1179 2788 1247 2827 ubi
1272 2786 1522 2841 Septuaginta
1545 2789 1701 2841 legunt,
1728 2789 1852 2841 plenis
1885 2790 2021 2842 ungui-

211 2849 311 2891 bust
338 2860 426 2889 nam
447 2848 588 2900 plumae
603 2848 682 2900 ejus
703 2860 849 2901 ungues
870 2858 991 2893 erant.
1053 2849 1220 2902 Quoties
1245 2846 1458 2888 existimant
1473 2849 1649 2888 homines
1670 2848 1736 2888 sub
1755 2849 1820 2888 alis
1837 2846 1875 2890 se
1900 2847 2019 2899 stare,

211 2909 252 2950 δι
273 2908 340 2950 sub
349 2908 538 2961 unguibus
553 2906 780 2949 consistunt!
795 2910 948 2961 quoties
965 2918 1102 2961 putant
1123 2909 1200 2949 lilio
1219 2904 1256 2947 se
1266 2910 1363 2960 tegi,
1376 2908 1414 2948 &
1432 2909 1499 2948 sub
1511 2908 1624 2961 spinis
1634 2908 1830 2948 haerentac
1838 2908 2020 2958 sentibus,

215 2978 259 3009 ut
270 2980 352 3010 non
365 2967 433 3009 nisi
447 2966 563 3021 pallio
584 2967 719 3010 relicto
735 2969 825 3009 inde
845 2969 983 3022 poffint
1012 2969 1230 3021 emergere!
1261 2968 1407 3008 Civitas
1438 2968 1567 3009 Pisana
1591 2967 1673 3020 jura
1698 2967 1761 3008 sua
1793 2968 1832 3009 δι
1856 2977 2020 3021 praeten-

213 3029 365 3077 nones,
394 3039 488 3081 quas
516 3028 682 3069 habebat
715 3028 899 3070 adversus
932 3028 1229 3082 Rempublicam
1250 3025 1510 3069 Florentinam
1537 3028 1777 3069 commiserat
1800 3027 2023 3069 Patrocinio

211 3087 331 3143 Regis
344 3085 574 3129 Ferdinandi
593 3087 806 3138 Catholici,
835 3089 874 3130 &
892 3088 1010 3142 Regis
1028 3085 1220 3137 Franciae‚
1253 3087 1292 3129 &
1312 3089 1411 3129 inter
1442 3098 1649 3141 utrumque
1676 3089 1881 3137 convenit,
1912 3096 1955 3127 ut
1974 3099 2021 3128 ea

212 3146 441 3190 Florentinis
460 3147 672 3189 traderetur
687 3178 700 3198 ‚
730 3150 856 3201 specie
872 3149 1056 3190 libertatis
1068 3148 1183 3189 Italiae
1202 3148 1465 3201 procurandae.
1524 3148 1751 3189 Ludovicus
1765 3146 1908 3188 Sfortia
1926 3159 2021 3188 con-

1963 3217 2021 3247 tra

308 3308 373 3356 (a)
398 3314 443 3347 Et
452 3307 567 3359 sarva
582 3307 629 3364 est
643 3308 768 3364 aquila
784 3309 902 3348 altera
913 3309 1067 3363 grandis
1081 3311 1221 3362 magnis
1238 3310 1307 3348 alis
1317 3336 1327 3351 .
1353 3304 1539 3361 multisque
1555 3307 1698 3360 plumis.
1724 3308 1853 3346 Ezech.
1874 3318 1932 3356 ¹7·
1953 3316 1998 3356 7,
