2132 3730
494 200 1485 246 rSYIlIBOLAPOLITICA.
1817 215 1899 261 135

278 289 312 339 §.
344 285 514 338 Quando
531 287 585 334 is,
617 288 679 337 qui
697 287 895 337 potentior
913 284 992 334 est,
1024 288 1129 326 alteri
1155 287 1323 326 honores
1341 288 1495 328 debitos
1520 287 1683 342 denegat
1715 289 1740 342 <
1750 291 1787 328 in
1812 290 1902 330 afti-

101 352 173 390 bus
189 347 386 401 praesertim
415 345 578 397 publicis
595 344 615 400 )
635 345 839 384 consultius
857 344 910 384 est
924 376 935 395 ,
967 347 1081 386 etiam
1110 347 1150 384 vi
1175 345 1213 384 &
1234 345 1312 384 astu
1336 347 1503 398 quodam
1520 360 1588 388 eos
1609 350 1812 401 praeripere
1840 351 1902 389 ali-

99 414 150 458 is,
181 400 289 460 quam
314 417 359 444 ea
378 404 425 444 de
446 417 487 444 re
508 405 635 445 verbis
666 405 915 449 contendere.
976 406 1057 458 Qui
1085 405 1254 450 dubitat,
1287 409 1425 446 merito
1442 407 1508 447 suo
1534 407 1677 448 diffidit.
1739 409 1817 462 Qui
1829 409 1902 449 dii-

99 469 268 514 fimulat,
300 464 415 504 tacite
432 465 533 504 suam
550 463 693 504 fatetur
714 465 995 515 indignitatem,
1025 465 1062 504 &
1089 463 1285 504 Modestia
1300 465 1431 516 postea
1448 480 1520 518 pro
1541 468 1704 509 ridiculo
1725 469 1899 510 habetur.

100 529 177 580 Qui
194 526 242 564 de
261 523 366 564 fauo
383 527 509 565 animo
534 523 650 573 forti,
682 524 718 565 δε
749 526 852 565 bona
875 539 963 566 cum
989 525 1104 577 gratia
1131 526 1270 576 primas
1295 538 1372 576 prae
1397 527 1474 564 aliis
1506 539 1691 579 occupat,
1723 541 1805 580 quae
1833 529 1902 570 fibi

97 588 308 631 debentur,
340 597 414 624 nec
436 584 650 624 offeruntur
676 596 825 635 tamen,
857 586 956 625 facili
986 583 1125 623 deinde
1148 585 1307 634 negotio
1334 597 1397 624 eas
1420 586 1545 625 servat
1574 587 1610 626 δε
1635 590 1786 628 retinet.
1844 589 1902 629 Ita

98 644 290 698 quondam
317 640 532 685 Germaniae
552 644 704 697 Legatis
723 648 883 699 contigit
899 676 911 694 ,
942 645 1006 697 qui
1024 656 1113 683 cum
1136 645 1173 682 in
1194 643 1369 695 Pompeji
1390 645 1560 684 Theatro
1576 647 1672 685 inter
1696 647 1902 689 Senatores

94 705 246 746 affidere
271 715 470 745 cernerent
490 704 657 757 Legatos
674 704 914 755 Nationum,
943 715 1027 756 quae
1043 702 1271 743 fortitudine
1289 706 1424 753 animi,
1457 705 1495 744 ἃ
1513 705 1698 745 constanti
1715 721 1802 748 cum
1822 709 1904 748 Ro-

92 767 214 807 manis
235 766 395 805 amicitia
417 765 506 804 alias
531 768 824 815 antecellerent,
847 766 1044 811 dixerunt,
1075 760 1149 817 (a)
1179 766 1284 804 nullos
1298 765 1489 805 mortalium
1515 767 1624 805 armis
1645 774 1708 805 aut
1731 766 1805 819 fide
1822 777 1904 808 aute

94 826 286 866 Germanos
306 823 383 879 effi,
416 824 454 865 &
483 826 581 864 inter
605 826 764 866 eosdem
782 826 984 866 Senatores
1003 821 1136 863 sessum
1160 834 1361 876 ceperunt.
1419 822 1495 878 (b)
1521 824 1631 883 de
1652 828 1787 866 comiter
1807 842 1830 867 a
1847 830 1904 869 vi-

80 883 235 937 sentibus
252 893 421 937 exccsstutn
433 917 445 934 ,
474 885 572 938 quasi
591 888 730 938 impetus
743 888 900 940 antiqui,
933 883 986 928 ἐξ)
999 883 1085 923 bona
1102 883 1319 924 aemulatione.

243 949 278 998 §.
310 945 377 985 De
396 944 594 985 favoribus
612 946 648 985 ἃ
676 948 821 999 gratiis,
853 958 937 996 quae
961 942 982 983 a
1002 943 1188 995 Principis
1224 944 1448 997 dependent
1467 944 1646 994 arbitrio,
1679 945 1825 986 tametsi
1836 957 1902 987 aut

89 1007 259 1055 meritis,
290 1016 354 1045 aut
372 1007 505 1045 virtuti
527 1006 728 1046 videantur
764 1005 926 1054 debitae,
956 1003 1141 1044 Subditus
1167 1008 1353 1056 conqueri
1379 1017 1458 1044 non
1490 1004 1631 1053 debet,
1663 1006 1770 1056 quod
1806 1008 1841 1045 in
1866 1007 1904 1047 se

91 1067 162 1106 illae
181 1078 261 1106 non
288 1065 556 1114 conferantur,
585 1065 703 1107 immo
726 1067 852 1118 gratiae
870 1063 1002 1118 potius
1024 1063 1181 1116 agendae
1198 1063 1264 1104 sub
1289 1063 1453 1104 honesto
1486 1066 1612 1115 aliquo
1640 1067 1774 1115 titulo,
1806 1079 1904 1117 quo-

90 1127 213 1167 modo
242 1125 374 1165 Vitelli
406 1135 583 1178 tempore
606 1125 782 1166 fecerunt
807 1123 981 1166 nonnulli
1008 1125 1055 1164 ab
1077 1124 1209 1164 officiis
1236 1125 1309 1164 suis
1341 1124 1412 1177 (c)
1441 1127 1599 1164 remoti:
1630 1137 1717 1164 nam
1758 1126 1906 1167 aulicus

91 1186 260 1237 prudens
292 1198 425 1227 omnes
451 1187 536 1225 suos
561 1199 648 1226 cum
677 1186 854 1239 Principe
883 1186 1079 1226 sermones
1110 1185 1314 1238 gratiarum
1347 1183 1498 1223 ac'tione
1528 1185 1627 1224 solet
1656 1186 1905 1231 concludere.

88 1245 235 1285 Seneca
261 1245 325 1285 ista
355 1245 556 1297 prudentia
578 1247 663 1286 usus
693 1245 768 1294 est,
797 1245 999 1298 postquam
1018 1257 1106 1285 cum
1125 1243 1290 1284 Nerone
1317 1243 1534 1284 collocutus
1563 1244 1654 1285 effer
1691 1245 1739 1284 de
1759 1247 1802 1285 iis
1819 1276 1831 1294 ,
1863 1249 1905 1287 in

88 1307 227 1356 quibus
246 1317 333 1345 eum
351 1306 523 1345 nonnulli
545 1304 616 1358 (d)
643 1305 879 1344 accusabant.
940 1304 1020 1356 Qui
1049 1306 1212 1356 querelis
1246 1307 1382 1353 utitur,
1413 1304 1555 1343 fatetur
1580 1305 1719 1355 injuriis
1749 1307 1784 1344 se
1811 1305 1903 1346 affe-

89 1364 212 1411 ὁὶυῑῃ,
245 1367 281 1403 in
301 1376 348 1403 eo
369 1375 516 1411 autem,
531 1375 647 1414 quem
658 1364 845 1404 offensum
867 1363 1050 1413 credunt,
1067 1376 1147 1403 non
1167 1364 1279 1404 valde
1302 1363 1503 1404 confidunt
1519 1366 1723 1416 Principes.
1755 1365 1906 1406 Omnes

86 1437 132 1465 ea
151 1427 188 1464 in
218 1437 258 1463 re
281 1424 374 1463 Deo
397 1425 557 1474 cupiunt
582 1422 657 1464 effe
681 1422 819 1464 similes
846 1424 894 1464 de
916 1436 995 1476 quo
1016 1425 1055 1464 in
1079 1423 1233 1464 miseriis
1264 1422 1401 1464 nostris
1429 1436 1509 1463 non
1539 1426 1753 1476 querimur,
1781 1426 1905 1466 immo

88 1487 222 1538 gratias
243 1486 374 1536 potius
399 1496 472 1536 pro
494 1483 566 1522 illis
590 1485 747 1536 agimus

260 1544 294 1595 ἕ.
332 1545 371 1583 ln
399 1543 740 1584 deliberationibus
759 1544 798 1584 &
821 1544 1126 1585 accusationibus
1153 1543 1363 1586 constantia
1394 1546 1600 1596 plurimum
1618 1543 1797 1597 prodest3
1814 1558 1904 1587 nam

87 1604 152 1654 qui
195 1603 395 1643 confestim
417 1605 460 1642 iis
499 1603 625 1653 cedit,
654 1616 763 1644 reum
791 1605 827 1644 se
859 1604 1066 1644 constituit.
1131 1604 1210 1656 Qui
1244 1606 1431 1645 innocens
1470 1606 1549 1645 suas
1567 1615 1680 1658 negat
1707 1603 1906 1656 affiones,

87 1663 236 1704 sontem
268 1666 304 1702 se
337 1662 556 1705 confitetur.
618 1663 737 1702 Mens
772 1663 867 1702 resti
889 1664 1066 1712 conscia,
1097 1663 1134 1703 δε
1160 1663 1336 1714 praefidio
1373 1666 1524 1703 virtutis
1549 1675 1691 1704 armata
1717 1664 1766 1704 de
1791 1678 1906 1706 aemu-

87 1725 130 1762 lis
158 1724 376 1775 triumphat.
438 1723 477 1762 Si
501 1734 658 1774 torpere
683 1724 860 1775 incipiat,
890 1735 964 1762 nec
986 1732 1120 1763 contra
1144 1722 1248 1761 casus
1266 1722 1446 1762 adversos
1469 1725 1610 1763 nitatur
1637 1723 1812 1775 fortiter,
1838 1739 1906 1766 eo-

86 1796 170 1823 rum
190 1784 374 1823 obruetur
398 1782 600 1832 fluetibus,
632 1795 711 1822 non
728 1782 833 1822 secus
858 1794 902 1821 ac
922 1782 1064 1822 fluvius
1087 1781 1218 1833 aliquis
1238 1794 1420 1834 aquarum
1435 1784 1583 1835 impetu
1598 1783 1728 1823 sternit
1749 1787 1907 1827 arbores

85 1845 210 1883 minus
231 1843 447 1898 radicata53
479 1854 543 1882 eas
559 1842 675 1889 vero,
707 1854 791 1892 quae
817 1843 970 1880 altiores
1001 1842 1145 1880 habent
1166 1841 1333 1890 radices,
1362 1853 1525 1882 movere
1550 1845 1640 1883 loco
1662 1857 1742 1884 non
1759 1846 1901 1898 potest.

90 1897 241 1942 Omnes
273 1902 397 1952 Sejani
421 1903 553 1948 amici,
583 1901 737 1938 labente
765 1900 881 1949 ipsius
919 1899 1096 1947 fortuna,
1132 1900 1203 1950 ipfi
1232 1902 1346 1939 etiam
1374 1899 1536 1951 periere.
1599 1902 1710 1942 Unus
1744 1903 1905 1946 Marcus

85 1961 312 2009 Terentius,
343 1962 407 2011 qui
428 1959 508 2009 ejus
538 1959 740 1997 amicitiam
754 1958 791 1997 se
808 1956 1004 1997 ambiviffe
1022 1958 1059 1997 &
1087 1957 1278 1998 aestimasse
1303 1959 1518 2000 constanter
1544 1961 1735 2002 consessus
1755 1965 1830 2013 est,
1852 1966 1905 2006 eo

87 2020 194 2072 quod
213 2018 309 2059 illius
326 2018 519 2059 beneficio
540 2019 696 2070 gratiam
716 2016 961 2068 Imperatoris
986 2017 1131 2057 Tiberii
1151 2019 1439 2070 promeruisset,
1470 2021 1508 2060 in
1532 2021 1677 2072 judicio
1709 2024 1905 2065 absolutus

83 2080 176 2129 fuit,
207 2081 373 2119 multatis
392 2080 507 2118 exilio
519 2086 718 2116 autmorte
729 2078 829 2125 aliis,
848 2079 1010 2129 quicum
1027 2077 1094 2131 (e)
1113 2079 1394 2119 accusaverant.
1428 2080 1581 2120 Dantur
1600 2083 1752 2133 quidam
1778 2085 1904 2134 casus,

87 2139 242 2192 quando
264 2139 362 2179 adeo
382 2137 569 2179 constanti
585 2138 785 2176 securitate
803 2149 902 2188 opus
923 2136 998 2185 est,
1028 2147 1071 2176 ut
1092 2150 1166 2177 nec
1192 2139 1423 2178 conscientia
1448 2140 1483 2179 se
1507 2142 1684 2189 excuset,
1715 2155 1765 2182 ne
1803 2147 1901 2185 timi-

87 2201 172 2240 dior
194 2199 396 2248 videatur,
426 2211 499 2239 nec
537 2207 890 2237 commemorentur
922 2196 1124 2248 obsequia,
1148 2209 1198 2237 ne
1227 2200 1432 2251 exprobari
1457 2209 1665 2251 putentur;
1695 2205 1751 2242 uti
1778 2217 1901 2255 quon-

90 2261 177 2301 dam
197 2261 387 2313 Agrippa,
417 2259 505 2298 ciim
533 2257 789 2306 accusaretur,
821 2257 928 2309 quod
954 2257 1090 2296 Plauto
1114 2259 1316 2309 imperium
1336 2259 1589 2311 procuraffet,
1618 2262 1702 2302 nihil
1715 2272 1786 2315 pro
1807 2267 1902 2306 inno-

87 2323 222 2370 centia,
252 2319 348 2373 quast
364 2318 552 2373 dffderet,
582 2329 639 2356 uec
661 2314 844 2370 beneficiis,
857 2316 953 2370 quast
976 2316 1223 2370 exprobraret,
1236 2317 1273 2358 di
1297 2322 1400 2359 eruit.

254 2380 290 2431 §.
322 2378 415 2420 Nec
437 2378 556 2419 solum
569 2389 638 2428 per
652 2377 823 2429 seipsum
851 2376 1008 2416 subditis
1029 2377 1100 2417 suis
1121 2377 1315 2430 speculum
1345 2379 1381 2419 se
1398 2379 1580 2432 Princeps
1611 2381 1812 2430 exhibeat,
1835 2382 1902 2422 sed

89 2438 127 2478 &
140 2430 210 2490 per
229 2439 364 2480 statum
386 2441 493 2480 suum
508 2469 520 2488 ,
550 2439 615 2489 qui
634 2436 806 2488 quaedam
823 2438 919 2477 illius
937 2436 992 2477 est
1008 2437 1092 2478 idea
1108 2468 1120 2487 ,
1150 2448 1266 2491 atque
1285 2439 1386 2480 adeo
1403 2442 1439 2480 in
1465 2453 1513 2480 eo
1531 2453 1610 2480 non
1627 2441 1901 2494 minus,quam

88 2500 126 2538 in
159 2501 313 2551 propria
327 2500 406 2551 ejus
441 2498 602 2552 persona
626 2499 800 2538 eluceant
825 2506 984 2549 oportet
1009 2498 1178 2551 Religio,
1212 2498 1376 2552 justitia,
1399 2500 1638 2554 Benignitas,
1669 2501 1708 2540 &
1732 2504 1899 2542 virtutes

90 2559 169 2597 aliae
191 2557 311 2612 dignae
328 2562 507 2613 Imperio.
571 2557 672 2610 Quia
701 2558 799 2599 vero
825 2567 952 2610 partes
973 2556 1115 2610 speculi
1145 2560 1241 2599 illius
1260 2559 1344 2599 sunt
1371 2559 1560 2607 Consilia,
1590 2560 1830 2610 Tribunalia,
1860 2563 1900 2602 δε

89 2618 353 2669 Cancellariae,
383 2622 495 2660 etiam
513 2619 550 2657 in
571 2618 628 2656 his
649 2618 793 2659 eaedem
813 2620 972 2657 virtutes
991 2620 1147 2670 reperiri
1166 2619 1332 2668 debent,
1361 2621 1480 2659 immo
1507 2621 1545 2659 in
1562 2618 1745 2660 Ministris
1776 2622 1899 2674 fingu-

90 2679 157 2727 liS,
188 2681 252 2731 qui
276 2680 470 2731 speculum
495 2676 587 2717 illud
603 2679 885 2729 repraesentant:
917 2678 1080 2718 multum
1104 2679 1204 2718 enim
1235 2679 1284 2718 de
1310 2679 1493 2731 Principis
1527 2678 1683 2719 decedit
1707 2681 1898 2721 existima-

87 2738 217 2785 tione,
247 2737 276 2776 s1
293 2737 371 2788 ipse
397 2737 551 2789 quidem
571 2737 776 2791 benignum
799 2740 836 2778 se
851 2738 1031 2778 exhibeat
1047 2739 1203 2791 gratiam
1224 2737 1452 2790 postulanti,
1483 2739 1522 2779 &
1540 2740 1642 2779 bona
1652 2741 1716 2792 spe
1738 2742 1899 2793 promis-

88 2796 215 2850 fisque
243 2798 402 2850 plenum
428 2798 494 2838 abs
512 2796 550 2836 se
569 2796 754 2847 dimittat;
782 2811 832 2839 ex
857 2800 926 2838 alia
946 2810 1044 2838 vero
1070 2807 1180 2850 parte
1205 2798 1375 2838 colludat
1395 2811 1484 2839 cum
1505 2801 1549 2839 iis
1564 2831 1578 2849 ‚
1609 2801 1673 2852 qui
1699 2801 1767 2842 fibi
1794 2802 1814 2841 a
1842 2802 1895 2842 se-

889 2858 953 2898 Ll
988 2870 1010 2897 2
1810 2874 1891 2902 cre-

185 2961 206 3001 (
208 2958 245 3002 a)
269 2957 385 2993 Tacit.
408 2955 469 2993 lib.
498 2969 555 3003 13.
569 2957 698 2993 Annal.
749 2958 810 3004 (b)
836 2957 988 2994 Ibidem.
1043 2957 1100 3004 (c)
1125 2957 1287 3008 Ac'laeque
1304 2959 1440 3011 insuper
1461 2959 1593 2996 Vitedio
1605 2962 1752 3012 gratia,
1767 2957 1896 3003 conffle-

91 3007 212 3045 tudine
230 3011 395 3046 Servitil'.
448 3010 548 3045 Idem
573 3009 594 3045 l.
619 3022 653 3045 2.
677 3008 811 3059 Histor.
863 3012 923 3056 (d)
950 3014 1074 3046 Seneca
1099 3011 1184 3061 <qui
1194 3010 1285 3058 finis
1301 3014 1454 3048 omnium
1472 3025 1549 3049 cum
1562 3011 1765 3050 dominante
1768 3010 1896 3056 sermo-

93 3063 205 3105 num)
222 3071 349 3113 grates
367 3064 461 3114 agit.
489 3063 589 3097 Idem
605 3060 666 3097 lib.
689 3074 744 3110 14.
762 3063 890 3099 Annal.
942 3068 959 3108 (
961 3064 999 3108 e)
1029 3059 1230 3113 Constantia
1245 3065 1433 3105 orationis,
1459 3063 1607 3116 &quia
1621 3074 1775 3115 repertus
1798 3073 1898 3107 erat,

93 3113 153 3164 qui
160 3110 314 3164 efferret,
340 3127 408 3166 qux
423 3127 534 3151 omnes
551 3115 669 3149 animo
689 3111 899 3166 agitabant,
924 3128 1065 3167 eoasque
1073 3124 1234 3168 potuere,
1255 3124 1297 3151 ut
1322 3116 1534 3163 accufiztores
1559 3117 1649 3163 ejas.
1672 3114 1810 3152 additis
1829 3129 1898 3168 quae

95 3173 182 3200 ante
205 3165 443 3218 deliquerant,
459 3165 567 3204 exilio
595 3174 662 3202 aut
693 3176 802 3203 morte
832 3166 1084 3204 multarentur.
1136 3166 1251 3204 Tacit.
1286 3167 1347 3206 lib.
1366 3175 1404 3207 6.
1427 3169 1557 3205 Annal.
1611 3168 1678 3213 (f)
1703 3169 1803 3204 Idem
1831 3169 1895 3205 lib.

90 3229 157 3306 E.
173 3219 299 3255 Annal.
351 3221 412 3268 (g)
437 3216 639 3266 Praefeffus,
653 3215 889 3270 nfifhrmam
899 3229 1005 3258 tuam
1026 3217 1165 3271 referat
1182 3247 1190 3261 ‚
1216 3220 1306 3270 malg
1322 3219 1410 3271 fati
1429 3219 1545 3274 instar
1560 3216 1718 3267 subditis
1735 3219 1893 3270 {fficium

152 3281 220 3306 em.
243 3281 332 3308 orat.
358 3283 415 3313 17.
