2132 3730
482 251 1478 300 SYMBOLAPOLITJCA.
1807 269 1893 309 217

78 346 185 386 cilius
205 344 250 382 ab
276 351 321 378 ea
345 337 564 378 desciscere.
624 338 723 378 Haec
750 337 859 377 causa
881 336 974 386 fuit,
1006 351 1074 377 cur
1107 338 1288 377 Getulius
1313 339 1360 379 ad
1400 338 1598 378 Tiberium
1623 341 1892 391 perscriberet,

62 401 243 458 fibifidem
256 400 446 451 integram,
475 398 539 451 etfi
548 400 649 438 nullis
679 396 808 450 infidiis
827 406 1033 450 peteretur,
1061 411 1140 438 man
1151 410 1264 437 uram.
1327 399 1486 452 Longus
1514 399 1600 439 usus
1632 400 1669 440 &
1694 403 1895 452 experien-

73 467 124 504 tia
142 461 333 502 variorum
363 468 578 498 eventuum
598 468 676 498 tam
712 459 813 498 circa
839 458 903 508 se,
933 457 1047 510 quam
1071 460 1170 497 circa
1200 458 1294 497 alios
1317 459 1469 499 erudire
1498 459 1644 499 debent
1672 460 1891 511 Principes,

72 519 273 575 quomodo
297 517 497 559 fidendum
519 518 566 558 fit
592 517 764 558 subditis·
824 518 927 558 Inter
957 520 1026 558 alia
1050 519 1216 566 monita,
1242 529 1327 570 quae
1358 519 1447 558 Rex
1470 519 1664 560 Henricus
1694 520 1894 561 Secundus

69 581 149 622 filio
178 578 246 619 suo
263 578 429 631 Principi
456 577 591 630 Joanni
617 578 776 619 dederat
792 608 805 628 ‚
835 579 930 619 illud
951 590 1068 618 unum
1094 577 1189 627 fuit,
1216 588 1260 618 ut
1281 579 1417 631 gratias
1443 580 1482 618 in
1515 591 1584 619 eos
1619 579 1799 631 collatas,
1831 583 1897 633 qui

66 648 194 694 partes
218 639 300 690 ejus
320 649 456 680 contra
473 640 624 693 Regem
655 639 811 679 Petrum
842 639 1060 679 Dominum
1086 638 1193 680 suum
1216 641 1427 679 naturalem
1459 640 1577 679 secuti
1605 639 1757 681 fuerant
1774 671 1786 691 ‚
1816 652 1899 681 tue-

66 710 171 741 retur
202 699 386 751 quidem;
415 701 468 739 ita
497 709 627 741 tamen
657 700 728 740 illis
762 699 920 748 fideret,
950 709 994 739 ut
1022 697 1248 740 fidelitatem
1277 697 1492 740 eorundem
1515 700 1663 751 semper
1690 701 1898 754 inspectam

67 761 256 807 haberet3
287 761 383 800 utin
399 760 645 808 muneribus,
677 760 716 800 &
737 761 870 800 officiis
893 760 1043 799 illorum
1064 769 1238 799 uteretur
1271 770 1410 812 opera,
1441 762 1506 811 qui
1534 772 1624 799 cum
1654 761 1761 814 Rege
1779 763 1896 802 Petro

66 819 264 862 fecerant:
295 822 442 873 quippe
460 821 526 873 qui
545 821 722 861 homines
741 818 959 860 constantes
981 817 1101 859 essent
1121 831 1165 859 ac
1179 819 1268 869 fidi,
1298 831 1416 873 atque
1433 820 1532 861 adeo
1556 820 1748 872 obsequiis
1775 823 1899 862 offen·

66 880 193 922 siones
210 883 422 932 praeteritas
440 880 744 932 compensaturi:
776 892 826 921 ne
847 892 944 920 vero
959 880 1136 920 erederet
1159 882 1228 930 iis,
1257 883 1322 932 qui
1341 882 1555 930 neutrales,
1587 890 1630 920 ut
1649 891 1816 931 vocant,
1836 885 1900 921 ha-

67 941 150 981 beri
169 942 399 990 voluerant,
429 941 479 982 eo
497 940 605 992 quod
623 941 765 993 privati
800 940 853 979 sui
875 940 1075 980 commodi
1103 943 1248 994 magis,
1278 941 1393 993 quam
1424 942 1519 981 boni
1548 942 1694 993 publici
1729 953 1901 982 amantes

65 1002 103 1042 se
129 1000 399 1042 exhibuissent.
463 1000 670 1042 Proditores
687 1002 790 1041 etiam
803 1002 848 1040 iis
860 1030 874 1049 ,
903 1014 989 1054 quos
1007 1007 1217 1052 anteponunt
1233 1033 1246 1051 ,
1275 997 1483 1056 invzfifimt.
1546 1000 1694 1041 Contra
1711 1001 1834 1042 homo
1857 1001 1901 1041 fi-

66 1061 138 1101 dus
162 1062 213 1100 illi
235 1073 419 1113 quoque,
451 1061 631 1100 adversus
649 1072 764 1112 quem
787 1061 882 1112 agit,
913 1072 1042 1112 gratus
1059 1060 1125 1101 est.
1185 1061 1279 1101 Nec
1303 1064 1373 1102 alia
1399 1058 1508 1102 causa
1527 1060 1679 1102 Othoni
1709 1061 1808 1112 fuit,
1834 1073 1902 1102 cur

0 1146 3 1181 3
64 1121 180 1162 Celso
206 1120 367 1169 fideret,
398 1134 512 1173 quam
530 1119 637 1172 quod
663 1118 883 1160 constanter
901 1120 1038 1160 Galbae
1069 1120 1147 1176 (a)
1177 1123 1208 1161 is
1227 1121 1463 1162 inserviiffet.

0 1227 2 1230 y
236 1180 272 1233 §.
304 1181 426 1221 Porro
447 1192 690 1233 nequaquam
709 1181 897 1233 expedit,
929 1180 1153 1222 Ministrum
1175 1183 1342 1234 aliquem
1367 1182 1496 1223 subito
1518 1182 1556 1222 &
1575 1192 1656 1222 uno
1686 1180 1790 1234 quasi
1810 1180 1904 1220 saltu

2 1255 4 1258 ⁴
66 1241 115 1281 ad
136 1241 299 1281 summas
317 1241 518 1294 dignitates
542 1242 678 1280 evehi:
706 1238 804 1280 istud
821 1242 922 1280 enim
942 1242 993 1280 illi
1011 1241 1216 1291 invidiam,
1248 1243 1415 1295 Principi
1446 1244 1577 1284 odium
1595 1242 1694 1295 parit
1716 1242 1818 1293 apud
1840 1240 1903 1281 ali-

1 1322 4 1345 ;
65 1313 132 1351 os,
161 1311 303 1352 utpote
322 1303 386 1352 qui
410 1312 459 1340 ex
484 1302 645 1341 levitate
666 1313 778 1352 agere
799 1300 991 1345 videatur.
1052 1301 1196 1342 Nullus
1221 1301 1488 1344 Ministrorum
1510 1301 1613 1343 tanta
1631 1302 1684 1342 est
1701 1298 1902 1350 modestia,

66 1363 132 1413 qui
148 1372 226 1400 non
253 1359 400 1400 offendi
422 1359 461 1399 se
489 1368 630 1411 putet3
661 1361 786 1398 nullus
818 1369 895 1399 tam
919 1360 1013 1399 teeti
1031 1373 1185 1410 amans,
1217 1365 1281 1413 qui
1300 1364 1368 1402 suo
1392 1362 1464 1403 rite
1481 1363 1588 1416 fungi
1611 1365 1707 1402 velit
1726 1373 1902 1410 munere,

3 1433 6 1470 ζ
65 1421 96 1462 fi
111 1421 225 1460 alium
240 1417 372 1472 inique
394 1418 464 1459 sibi
487 1417 658 1471 praeferri
681 1418 834 1467 videat3
867 1422 931 1459 uni
951 1419 1057 1459 forte
1079 1420 1121 1460 fit
1142 1421 1250 1470 satis,
1284 1422 1320 1461 &
1347 1433 1561 1473 queruntur
1584 1422 1698 1474 quam
1729 1423 1906 1473 plurimi,

3 1515 5 1518 .
67 1479 90 1521 ὲ
107 1479 293 1520 Ministris
314 1488 443 1520 autem
461 1491 541 1518 non
567 1479 668 1518 bene
689 1482 885 1519 contentis
916 1480 1009 1520 nihil
1032 1482 1069 1520 in
1089 1483 1370 1534 gubernatione
1386 1482 1492 1522 reete
1512 1484 1667 1535 geritur.
1728 1481 1908 1533 Ejusmo.

67 1540 108 1581 di
126 1539 337 1580 elet‘tiones
361 1540 454 1580 nihil
486 1538 587 1579 aliud
614 1538 721 1589 sunt,
752 1538 866 1591 quam
886 1539 1072 1580 informes
1101 1541 1258 1592 quidam
1284 1543 1442 1582 abortus
1469 1542 1507 1582 δε
1533 1544 1686 1582 altiores
1711 1543 1786 1594 agit
1813 1541 1910 1581 radi-

66 1613 134 1641 ces
153 1600 341 1650 fidelitas,
371 1600 400 1640 fi
423 1611 492 1652 per
517 1599 699 1650 obsequia
716 1599 879 1651 praestlta
899 1601 946 1639 ad
968 1601 1139 1640 honores
1160 1601 1198 1640 &
1221 1604 1379 1652 prtemia
1396 1605 1602 1655 pervenire
1623 1611 1816 1654 oporteat.
1848 1601 1908 1640 In-

67 1660 174 1703 terea
195 1670 350 1712 tempus
371 1661 539 1712 suppetit
565 1658 730 1711 Principi
756 1659 804 1699 ad
824 1660 1058 1711 capiendum
1094 1661 1143 1699 de
1168 1660 1347 1701 Ministro
1371 1664 1679 1714 experimentum
1698 1691 1709 1709 ‚
1740 1660 1844 1712 prius
1863 1663 1902 1701 in

67 1722 202 1763 officiis
232 1721 468 1768 minoribus,
497 1731 548 1760 ne
584 1719 696 1758 nimis
724 1731 815 1758 caro
841 1719 1015 1768 constet,
1046 1719 1085 1759 δε
1122 1729 1204 1759 tum
1226 1720 1368 1760 deinde
1396 1724 1433 1761 in
1458 1723 1536 1761 aliis
1568 1719 1652 1776 (b)
1683 1720 1905 1771 majoribus,

67 1784 288 1833 Antequam
315 1782 354 1820 in
377 1781 482 1832 pacis
503 1779 674 1829 bellique
693 1781 859 1832 negotiis
883 1791 971 1819 eum
999 1790 1170 1832 occupet
1189 1809 1201 1829 ,
1230 1780 1362 1820 videat
1380 1783 1546 1833 primum
1571 1781 1637 1820 ubi
1659 1783 1778 1832 magis
1806 1783 1907 1832 peri-

69 1844 192 1883 clitari
215 1841 327 1893 possit
348 1841 430 1893 ejus
458 1839 644 1886 fi‹ielitas;
673 1851 760 1891 quae
790 1841 884 1878 item
921 1839 1083 1879 subsidia
1101 1842 1122 1879 a
1146 1840 1346 1892 sanguine,
1368 1840 1388 1880 a
1415 1840 1662 1890 Nobilitate,
1694 1842 1741 1879 ab
1764 1842 1906 1892 opibns

68 1902 224 1944 habeat.
284 1902 417 1953 Atque
441 1900 524 1939 haec
544 1894 766 1938 observatio
788 1901 826 1937 in
845 1901 888 1938 iis
913 1900 1146 1950 potisfimum
1171 1902 1393 1940 muneribus
1410 1900 1584 1952 apprime
1609 1899 1812 1940 necessaria
1833 1899 1904 1949 est,

70 1974 157 2014 quae
183 1961 288 2012 quast
304 1963 433 1999 claves
450 1959 560 2007 sunt,
591 1958 630 1998 &
658 1957 838 1997 securitas
863 1958 1052 1997 Statuum.
1114 1958 1208 1998 Hoc
1230 1962 1389 1999 nomine
1419 1960 1694 1999 Germanicum
1726 1960 1906 2000 Tiberius

71 2019 139 2077 (c)
167 2021 333 2060 acerrimo
350 2018 538 2072 increpuit,
568 2016 662 2069 quod
674 2025 796 2057 contra
825 2016 987 2072 irstituta
1005 2019 1116 2070 Augu
1149 2021 1161 2058 ι’
1172 2050 1184 2069 ,
1215 2031 1281 2059 non
1300 2017 1420 2072 sponte
1446 2019 1626 2072 Principis
1648 2019 1906 2061 Alexmzdriam

68 2077 257 2134 introiiffi’t.
322 2078 422 2120 Nam
447 2077 633 2132 Augustus
658 2078 751 2117 inter
773 2077 845 2116 alia
870 2077 1105 2118 dominationis
1131 2092 1285 2128 arcana,
1317 2083 1458 2129 vetitis,
1488 2079 1552 2131 rssist
1565 2080 1757 2135 permiffis,
1788 2082 1904 2134 imgre-

69 2140 107 2182 di
130 2139 357 2181 Senatorilms
372 2170 384 2189 ,
415 2148 479 2178 auc
498 2136 669 2191 equitibus
690 2137 858 2177 Romanis
873 2135 1207 2192 z'llzssrihusſsjoolitit
1226 2140 1450 2193 AEgffiotmn,
1481 2140 1531 2179 eo
1553 2139 1661 2192 quod
1676 2140 1831 2191 Imperii
1850 2140 1903 2180 es·

71 2203 129 2242 set
151 2200 388 2251 granarium,
421 2208 464 2238 ut
478 2196 644 2251 proinde
673 2200 738 2248 qui
765 2199 825 2237 illa
843 2200 1035 2249 potiretur
1050 2197 1282 2250 provincia,
1313 2199 1411 2239 istud
1433 2211 1548 2240 manu
1571 2197 1633 2239 sua
1654 2200 1692 2240 δε
1709 2199 1904 2252 potestate

69 2261 214 2302 habere
237 2258 451 2300 videretur.
513 2257 589 2297 Pro
615 2257 749 2308 majori
775 2258 873 2298 vero
906 2259 1131 2307 securitate,
1163 2268 1279 2310 atque
1305 2270 1348 2299 ut
1370 2259 1549 2300 Minister
1571 2262 1689 2312 magis
1714 2262 1751 2299 in
1770 2261 1901 2301 officio

70 2323 340 2370 contineatur,
371 2317 533 2370 expedit
553 2317 764 2370 plusculum
788 2317 1025 2358 auctoritatis
1050 2320 1270 2359 concedere
1288 2318 1527 2370 Magistratui
1549 2320 1586 2360 &
1609 2320 1785 2360 Consiliis
1810 2334 1902 2372 pr00

72 2383 239 2422 vinciae:
267 2381 371 2419 nulla
401 2380 504 2419 enim
535 2378 652 2419 fraena
678 2379 860 2428 meliora,
890 2391 934 2418 ac
950 2377 1043 2428 ista,
1076 2379 1112 2418 δε
1132 2392 1216 2431 quae
1245 2377 1384 2421 fortius
1410 2380 1594 2422 obsistant
1616 2382 1747 2421 erratis
1773 2381 1870 2421 illius
1887 2409 1901 2430 ‚

72 2443 140 2493 qui
168 2442 248 2481 aliis
273 2442 450 2492 imperat.
918 2472 926 2479 i

249 2497 285 2551 §.
317 2499 381 2540 Ad
397 2500 543 2539 nullum
567 2506 695 2537 autem
718 2510 857 2538 munus
877 2467 1006 2537 idssrei
1026 2499 1109 2538 sunt
1134 2501 1247 2539 animi
1278 2499 1415 2552 abjeffi
1446 2500 1483 2540 ἃς
1507 2500 1671 2540 humiles
1686 2530 1697 2548 ,
1729 2499 1793 2551 qui
1819 2511 1900 2540 non

77 2560 330 2599 connituntur
363 2559 409 2599 ad
441 2560 597 2612 gloriam
618 2589 628 2607 ‚
661 2557 698 2598 ὅτ,
742 2561 836 2598 alios
868 2560 1099 2598 antecellere
1130 2562 1314 2613 cogitant.
1374 2560 1569 2612 Praecipua
1598 2560 1691 2608 dos,
1722 2572 1835 2611 quam
1862 2562 1901 2600 in

0 2642 7 2651 -
72 2619 186 2672 josue
201 2619 313 2659 Deus
329 2622 509 2672 reperiit,
538 2629 581 2658 ut
598 2630 685 2658 eum
703 2618 968 2670 grandioribus
987 2619 1188 2660 adhiberet
1209 2621 1394 2673 negotiis,
1425 2621 1485 2659 illa
1503 2620 1597 2669 fuit,
1617 2619 1725 2671 quod
1742 2632 1901 2672 magnus

73 2681 111 2720 in
135 2692 183 2719 eo
207 2678 299 2720 effet
325 2679 401 2734 (d)
435 2681 609 2732 Spiritus.
670 2678 950 2720 Verumtamen
967 2681 1112 2719 animus
1133 2690 1209 2719 tam
1235 2683 1356 2719 elatus
1379 2676 1454 2720 effe
1480 2692 1560 2719 non
1583 2679 1701 2726 debet
1720 2709 1732 2729 ,
1765 2689 1808 2718 ut
1835 2692 1899 2720 na-

74 2750 160 2780 tum
182 2740 219 2779 se
240 2740 429 2780 subditum
458 2740 610 2787 doleat,
641 2739 792 2780 &intra
825 2739 1035 2780 Fortunam
1053 2739 1155 2779 suam
1180 2739 1219 2780 se
1237 2741 1422 2780 cohibere
1452 2740 1616 2780 nesciat:
1645 2742 1684 2780 in
1717 2740 1775 2780 his
1797 2742 1901 2781 enim

75 2802 237 2847 talibus,
273 2801 361 2853 quia
378 2800 426 2840 ad
449 2801 624 2840 altiorem
644 2800 791 2854 semper
813 2801 975 2853 aspirant
993 2800 1150 2852 gradum
1164 2830 1175 2849 ,
1207 2798 1271 2840 vel
1295 2799 1462 2841 maxime
1479 2800 1644 2841 fidelitas
1666 2802 1703 2841 in
1724 2801 1900 2852 periculo

0 2881 29 2890 ·-
74 2860 155 2910 est,
186 2861 223 2901 &
260 2860 289 2901 si
315 2862 399 2912 quis
431 2861 537 2900 illum
570 2862 809 2912 praetendere
832 2861 1132 2914 praetermisseiit,
1165 2871 1312 2901 certum
1343 2859 1397 2900 est
1421 2874 1485 2900 aut
1501 2863 1604 2902 vires
1624 2871 1689 2901 aut
1705 2860 1899 2901 scientiam

251 3041 286 3094 δ.
319 3041 465 3095 Magna
489 3041 662 3093 ingenia,
690 3041 758 3083 nisi
791 3039 963 3084 modesta
985 3040 1078 3093 sint,
1111 3041 1148 3082 &
1174 3038 1463 3082 instructionem
1484 3040 1685 3082 admittant
1707 3037 1815 3090 aeque
1831 3050 1900 3091 pe·

6 3123 14 3131 -
78 3101 238 3142 riculosa
255 3103 362 3147 sunt:
396 3103 478 3143 haec
497 3102 662 3151 etenim,
693 3115 780 3144 cum
811 3104 972 3157 superba
988 3105 1215 3155 plerumque
1240 3102 1336 3153 sint,
1366 3102 1514 3154 fibique
1535 3101 1623 3155 ipsis
1651 3099 1745 3140 mire
1766 3100 1897 3151 place-

931 3163 1005 3203 Iii
1807 3164 1895 3209 ant,

177 3246 193 3297 ζ
197 3244 232 3285 a)
260 3243 464 3297 Mansttque
481 3241 566 3289 Celso
583 3242 686 3281 velut
692 3240 873 3293 fataliter
893 3246 1007 3282 etiam
1018 3254 1083 3296 pro
1103 3241 1236 3282 Othone
1243 3225 1335 3293 fides
1354 3244 1499 3294 integra
1531 3239 1577 3283 θ’»
1593 3237 1738 3290 infelix.
1765 3240 1852 3278 Tac.
1871 3240 1895 3278 l.

0 3308 34 3348 ¹·-
88 3303 123 3349 ¹?
143 3291 232 3328 Hlst·
284 3297 343 3341 (b)
369 3299 452 3348 Qi
467 3296 587 3348 fidelis
603 3295 649 3347 cst
667 3298 706 3332 in
721 3297 873 3337 minimo,
899 3295 945 3339 ό*
966 3299 1005 3334 in
1019 3298 1149 3346 majori
1152 3292 1341 3349 fidelisaest.
1394 3297 1481 3332 Luc.
1514 3298 1571 3330 16.
1612 3305 1668 3332 10.
1721 3294 1780 3340 (c)
1807 3294 1894 3332 Tac.

26 3349 34 3389 l
87 3343 149 3382 hb.
167 3356 203 3382 2.
221 3345 351 3385 Axmal.
401 3355 418 3396 (
421 3351 462 3394 d)
495 3349 573 3388 Tolle
585 3347 692 3402 Δῗοβιε
707 3350 848 3388 virum.
872 3351 912 3387 in
926 3363 989 3403 quo
1010 3349 1056 3402 est
1072 3351 1234 3402 Spiritus.
1262 3351 1375 3388 Num.
1394 3359 1455 3394 27.
1478 3353 1537 3390 18-
1768 3366 1775 3372 ·
