2132 3730
529 184 1512 235 SYMBOLAPOLJTJCA‚
1885 204 1913 244 9

109 278 197 319 acm
211 283 325 319 autem
342 305 355 324 ‚
384 287 426 314 ne
446 276 525 329 quis
541 274 627 316 tatia
646 274 809 328 loquatur
828 304 841 323 ,
864 272 1094 324 prohibetur,·
1113 271 1206 324 statis
1239 274 1440 325 intelligitur
1471 277 1622 323 vetari,
1651 285 1693 313 ne
1719 281 1839 325 turpes
1857 277 1918 316 vel

97 338 281 391 pisturas,
301 334 360 375 vel
371 330 522 385 fabulas
527 331 667 386 spetiet.
738 331 910 372 Heroic'a
930 333 1115 384 majorum
1132 332 1304 371 facinora
1318 331 1487 374 referant
1503 333 1641 374 tabulae
1660 364 1672 381 ‚
1704 344 1797 382 aera,
1819 345 1916 374 mar-

105 408 215 438 mora
235 405 249 445 ;
279 395 340 434 illa
359 393 531 446 inspiciat
551 394 656 434 horis
675 393 854 433 omnibus
874 387 1056 445 Princeps
1077 422 1087 442 ‚
1126 393 1188 432 illa
1212 393 1312 444 legat
1332 405 1347 432 .·,
1384 393 1573 444 ejusmodi
1599 395 1701 434 enim
1727 391 1857 433 statuae
1877 393 1916 434 &

103 454 261 511 pieturae
280 454 363 493 sunt
380 452 591 506 fragmenta
608 453 711 504 quali
731 447 968 493 historiarum
988 452 1137 504 semper
1157 461 1245 491 ante
1271 452 1406 492 oculos
1428 454 1682 499 obversantia.

221 513 256 565 ἕ.
290 511 495 565 Postquam
513 514 626 566 igitur
646 514 739 552 aulae
771 513 865 552 vitia
881 512 1099 566 (quantum
1116 510 1198 551 fieri
1222 513 1352 563 potuit
1370 510 1396 566 >
1427 512 1599 552 corretsta
1617 514 1668 553 sic
1685 511 1851 561 fuerint,
1876 512 1916 554 δί

100 572 253 616 indoles
272 583 389 625 atque
408 574 674 613 inclinationes
700 572 884 625 Principis
895 571 1020 624 probe
1053 573 1243 621 cognitae,
1293 571 1484 611 enitantur
1515 572 1676 625 magistri
1704 572 1745 612 ἀ
1765 585 1907 625 praece-

103 642 238 686 ptores
258 644 321 673 eas
334 633 386 673 fic
404 634 673 682 moderari‚ut
696 634 744 673 ad
758 644 803 672 ea
816 662 829 682 ,
861 643 945 684 quae
955 633 1071 682 magis
1089 632 1245 671 heroica
1257 630 1294 670 ὅτ,
1310 631 1554 684 generosiora
1571 633 1654 672 sunt
1672 662 1685 682 ‚
1714 631 1805 673 ferri
1824 635 1916 673 inci*⁵

100 695 209 746 piant
228 723 240 742 ‚
272 692 484 746 spargendo
504 695 543 733 in
567 693 648 745 ejus
665 695 794 733 animo
819 702 896 732 tam
916 693 1069 731 occulta
1089 691 1243 731 virtutis
1260 691 1299 730 δί.
1317 692 1445 743 gloriae
1466 690 1626 740 semina,
1664 701 1707 731 ut
1737 703 1826 733 cum
1847 705 1913 734 exe·

101 754 297 794 creverint
313 781 326 802 ‚
357 752 554 804 dijudicari
576 753 661 793 satis
676 763 755 793 non
773 753 884 805 posfit
911 750 932 790 a
948 749 1132 791 naturane
1144 779 1156 800 ‚
1179 761 1226 791 an
1254 750 1301 790 ab
1319 759 1401 791 arte
1417 750 1596 804 pr‘ofedta
1610 750 1767 796 fuerint.
1828 753 1917 792 Vir-

102 820 229 853 tutem
245 813 461 853 honoribus
488 822 627 854 acuant
645 842 658 862 ,
689 814 783 853 vitia
803 808 956 852 infamia
983 819 1122 851 notent
1140 810 1177 851 &
1203 809 1412 865 ignominia
1432 837 1445 861 ‚
1476 813 1758 852 aemulationem
1788 823 1917 853 exem‘²

100 874 171 926 plo
192 873 420 918 accendant.
480 872 611 914 Multa
634 871 700 913 ista
715 872 854 926 poffint
873 873 912 911 in
939 873 1046 911 omni
1071 870 1303 920 indole-‚etsi
1321 873 1407 924 plus
1442 873 1481 912 in
1504 879 1579 912 una
1597 897 1610 921 ‚
1641 882 1754 923 quam
1770 872 1810 911 in
1836 874 1915 911 alian

100 932 145 974 ln
166 934 210 973 iis
228 963 241 982 ,
272 935 338 985 qui
356 930 609 987 generosioris
627 933 711 973 sunt
744 932 886 981 animi,
916 932 1118 983 potentior
1133 932 1256 984 gloria
1282 925 1339 971 est
1357 957 1369 981 ‚
1400 933 1438 971 in
1456 932 1742 972 melancholicis
1760 933 1919 985 ignomi·

99 993 187 1041 nia;
218 994 255 1032 in
271 993 441 1043 biliosis,
473 994 692 1041 aemulatio3
723 993 762 1032 in
778 989 1103 1040 inconstantibus,
1134 1000 1289 1038 metus-3
1320 992 1360 1031 in
1376 988 1652 1044 prudentibus,
1672 993 1910 1044 exemplum,

100 1051 210 1105 quod
227 1053 333 1105 apud
353 1064 489 1095 omnes
511 1055 660 1106 semper
681 1052 968 1092 efficaciffimum
988 1050 1066 1101 est,
1097 1052 1303 1104 ‘praesertim
1321 1051 1349 1091 fi
1365 1050 1385 1091 a
1402 1052 1608 1099 maioribus
1628 1047 1673 1092 stt
1696 1062 1709 1096 x
1742 1063 1830 1092 nam
1857 1052 1918 1092 sae‘

100 1124 152 1167 pe
173 1113 279 1164 quod
296 1110 442 1167 sanguis
461 1126 540 1154 non
560 1114 712 1166 potuit,
743 1113 934 1152 aemulatio
950 1112 1115 1152 obtinet.
1208 1111 1370 1164 Nempe
1390 1111 1519 1152 liberis
1532 1108 1694 1160 accidit,
1727 1112 1834 1163 quod
1848 1124 1919 1152 no-

101 1172 213 1213 vellis
232 1174 436 1213 arbusculis
449 1184 582 1213 recens
604 1174 703 1213 natis
719 1198 731 1222 ,
764 1172 902 1224 quibus
919 1184 1066 1212 ramum
1082 1173 1129 1212 ab
1148 1168 1230 1224 ipso
1251 1181 1361 1224 patre
1381 1172 1541 1212 recisum
1562 1181 1721 1226 oportet
1740 1172 1917 1222 inserere5

100 1243 144 1272 ut
163 1233 210 1272 ad
230 1232 513 1284 perfectionem
536 1234 777 1284 perveniant.
835 1229 983 1272 Surculi
1007 1233 1046 1272 hi
1073 1232 1216 1272 infititii
1249 1228 1429 1284 exempla
1457 1233 1541 1272 lunt
1569 1232 1771 1286 insigniora
1788 1263 1798 1280 ‚
1831 1244 1918 1284 quae

100 1293 288 1344 majorum
314 1294 478 1333 virtutes
501 1291 772 1332 transfundunt
789 1293 828 1331 in
857 1291 1034 1345 posteros
1057 1321 1067 1342 ,
1099 1291 1138 1332 δι
1154 1292 1397 1333 admirandos
1414 1292 1535 1333 edunt
1554 1290 1714 1332 fruetus.
1776 1289 1820 1332 In
1837 1293 1916 1332 hoc

101 1365 194 1404 ergo
225 1351 494 1392 instructorum
515 1352 675 1392 desudet
688 1350 884 1399 industria,
903 1361 946 1392 ut
976 1351 1038 1391 illa
1058 1364 1129 1405 per
1152 1362 1287 1393 ornnes
1315 1353 1419 1404 quali
1447 1352 1570 1393 sensus
1598 1347 1754 1392 immissa
1779 1353 1817 1392 in
1841 1353 1919 1391 ania

97 1423 207 1454 mum
228 1442 241 1461 ‚
272 1412 364 1452 altas
381 1413 434 1452 ibi
451 1422 561 1466 agant
577 1412 724 1452 radices
743 1423 755 1460 ς
786 1411 966 1465 adeoque
984 1425 1065 1453 non
1084 1414 1121 1452 in
1150 1414 1486 1453 cohortationibus
1504 1411 1627 1452 solum
1649 1412 1917 1464 &repraehena

96 1473 270 1515 sionibus
300 1472 517 1521 ordinariis,
548 1472 613 1513 sed
632 1474 671 1513 in
688 1473 869 1513 omnibus
891 1474 1006 1513 etiam
1023 1501 1034 1522 ,
1068 1485 1153 1525 quae
1173 1469 1373 1514 incurrunt
1390 1475 1428 1514 in
1449 1473 1576 1514 sensus
1594 1503 1607 1522 ‚
1639 1471 1803 1524 Principi
1829 1484 1919 1525 pro⁶

99 1532 284 1587 ponenda
309 1532 404 1573 sunt.
493 1531 616 1573 Nunc
633 1529 787 1573 historia
808 1533 846 1573 in
870 1534 1098 1574 memoriam
1116 1532 1168 1573 illi
1186 1543 1350 1574 revocet
1375 1545 1435 1574 res
1456 1531 1478 1572 a
1501 1534 1815 1586 progenitoribus
1840 1533 1916 1572 laue

99 1590 276 1633 dabiliter
299 1592 421 1647 gestas
436 1623 449 1643 ‚
481 1593 519 1634 δε
535 1593 582 1633 ad
604 1594 859 1633 imitationem
878 1593 1001 1634 calcar
1020 1593 1135 1634 addat
1150 1602 1255 1634 tanta
1270 1592 1390 1647 gloria
1410 1593 1431 1633 a
1454 1593 1713 1646 scriptoribus
1733 1594 1919 1633 aeternita-

98 1655 129 1692 ti
150 1655 380 1693 consecrata.
439 1653 562 1694 Nunc
581 1654 779 1693 harmonia
795 1653 938 1694 musica
959 1652 985 1708 (
1002 1655 1125 1694 suavis
1143 1654 1181 1693 &
1201 1651 1295 1695 mira
1311 1652 1521 1694 affectuum
1538 1648 1810 1707 moderatrix>
1841 1662 1920 1692 tro-

98 1713 210 1768 phaea
226 1713 264 1753 &
284 1714 500 1766 triumphos
523 1713 739 1753 eorundem
752 1713 999 1751 concinendo
1017 1713 1188 1763 spiritum
1209 1713 1368 1752 excitet.
1435 1711 1558 1751 Nunc
1579 1711 1627 1751 de
1651 1712 1838 1763 majorum
1860 1713 1919 1753 vio

97 1781 139 1813 ta
157 1772 195 1813 &
220 1774 393 1813 moribus
416 1780 635 1824 panegyros
653 1770 782 1810 audiat
801 1793 816 1816 s
845 1781 932 1820 quae
955 1768 1078 1822 ipsum
1108 1771 1156 1810 ad
1177 1772 1365 1811 virtutum
1393 1773 1677 1811 :emulationem
1706 1772 1919 1812 cohortem

99 1842 162 1873 tur
179 1832 217 1872 &
243 1833 429 1879 incitent,
461 1832 552 1881 quin
568 1828 723 1866 easdem
740 1827 899 1866 subinde
919 1830 1034 1867 etiarn
1056 1829 1134 1879 ipse
1154 1831 1292 1868 recitet
1308 1857 1321 1877 ,
1352 1838 1417 1868 aut
1439 1841 1528 1869 cum
1550 1829 1724 1882 Ephebis
1742 1831 1813 1870 suis
1838 1833 1917 1871 exi-

97 1894 176 1935 mia
198 1899 333 1931 eorum
355 1886 527 1928 facinora
551 1886 656 1938 quasi
673 1887 712 1926 in
733 1885 845 1926 scena
859 1886 1043 1926 exhibeat
1057 1915 1070 1936 ‚
1101 1886 1149 1926 ad
1179 1887 1492 1928 inflammandum
1509 1890 1676 1930 animum
1695 1898 1705 1927 f*
1735 1891 1794 1930 vis
1813 1892 1918 1932 enim

99 1950 260 1992 astionis
277 1947 380 1988 istius
399 1957 515 2000 atque
535 1946 703 1987 efficacia
717 1945 852 1986 sensim
882 1946 935 1987 fic
954 1942 1007 1986 illi
1036 1948 1264 2000 imprimitur
1283 1975 1296 1998 ,
1327 1957 1371 1987 ut
1388 1943 1582 2000 ipsiffimus
1607 1947 1682 1989 effe
1701 1949 1881 1990 videatur
1903 1980 1918 2001 2,

99 2011 209 2063 cujus
230 2009 430 2062 personam
448 2007 704 2060 repraesentat-
768 2008 850 2048 Proe
875 2006 915 2046 se
939 2004 1038 2047 ferat
1057 2006 1226 2060 denique
1251 2018 1340 2049 cum
1363 2008 1498 2049 iisdem
1525 2010 1676 2063 Regem
1707 2010 1745 2050 se
1770 2020 1881 2063 agere
1904 2039 1917 2060 a

98 2071 322 2124 petentibus
349 2080 458 2108 aures
486 2066 705 2107 concedere
723 2095 735 2115 ,
765 2065 943 2107 mandata
965 2066 1056 2107 dare
1072 2094 1085 2117 ‚
1114 2069 1252 2120 punioe
1270 2099 1282 2118 ,
1312 2070 1527 2121 praemiari,
1557 2071 1745 2123 imperare
1764 2072 1913 2110 exerci-

96 2133 157 2172 tui
175 2161 188 2181 ,
219 2140 444 2183 oppugnare
466 2129 609 2178 urbes,
639 2126 782 2167 struere
804 2128 925 2166 aciem
944 2155 958 2177 ,
988 2124 1091 2180 signa
1117 2140 1206 2168 cum
1237 2127 1348 2169 hoste
1375 2124 1588 2170 conserere.
1660 2130 1702 2170 In
1727 2130 1917 2182 ejusmodi

101 2191 376 2244 experimentis
402 2188 529 2240 Cyrus
555 2187 577 2227 a
606 2185 779 2240 pauxillo
814 2199 940 2240 puero
972 2187 1159 2229 educatus
1182 2213 1195 2238 ,
1241 2187 1391 2242 infignis
1428 2183 1563 2242 postea
1591 2182 1681 2230 belli
1706 2191 1916 2243 imperator

101 2253 241 2293 extitit,
793 2268 801 2274 ’

217 2311 253 2363 §.
287 2305 410 2362 Quod
427 2308 456 2348 si
478 2309 516 2349 in
537 2315 649 2347 aetate
676 2308 798 2360 prima
839 2303 974 2360 aliquae
1007 2308 1234 2348 emicuerint
1255 2305 1521 2350 inclinationes
1544 2336 1556 2358 ,
1587 2318 1672 2362 quae
1698 2306 1916 2362 Principem

101 2373 226 2413 minus
246 2369 410 2418 decent,
440 2370 484 2409 iis
505 2367 739 2409 associandus
756 2367 848 2417 erit,
880 2369 946 2420 qui
962 2369 1170 2408 virtutibus
1191 2366 1342 2422 pollent
1375 2368 1564 2421 oppositis
1583 2398 1596 2419 ‚
1626 2379 1669 2409 ut
1690 2368 1781 2409 istos
1804 2381 1914 2410 natu*

101 2441 153 2472 1·ae
168 2431 368 2470 deterioris
385 2427 563 2470 defectus
578 2429 800 2481 corrigant,
841 2428 1044 2480 quomodo
1074 2426 1342 2480 obliquitatem
1372 2430 1574 2469 tenerioris
1610 2428 1815 2469 arbusculae
1842 2431 1914 2470 oba

102 2488 218 2544 longa
235 2491 379 2542 pertica
398 2521 409 2538 ,
441 2490 504 2529 cui
522 2501 566 2528 ea
588 2485 778 2541 alligatur,
808 2488 1003 2528 emendari
1023 2491 1225 2530 cernimus.
1294 2488 1427 2543 Quare
1451 2488 1479 2529 fi
1499 2488 1679 2542 Princeps
1702 2499 1837 2529 avarus
1857 2490 1914 2538 sit,

104 2551 241 2602 aliquis
257 2559 390 2589 natura
406 2546 597 2590 liberalior
617 2558 748 2589 comes
767 2548 874 2588 lateri
893 2549 1056 2597 haereat;
1086 2547 1317 2590 meticuloso
1331 2550 1510 2603 jungatur
1522 2550 1748 2597 animosior;
1781 2543 1916 2590 imbel-

103 2608 130 2650 li
152 2609 344 2650 ardentior
363 2620 378 2661 3
409 2609 559 2650 socordi
579 2608 616 2648 &
642 2609 783 2662 ignavo
800 2636 813 2656 ‚
837 2620 984 2662 gnavus
995 2621 1039 2648 ac
1059 2608 1236 2661 diligensi
1267 2610 1385 2649 habet
1405 2610 1508 2649 enim
1530 2609 1607 2649 hoc
1627 2618 1714 2649 aetas
1747 2607 1809 2649 illa
1826 2639 1839 2659 ‚
1870 2617 1914 2649 ut

103 2682 185 2712 non
212 2681 257 2709 ea
274 2666 394 2708 solum
415 2699 428 2719 ,
459 2671 524 2722 qui
539 2668 647 2709 videt
668 2669 705 2709 &
727 2669 856 2718 audit,
889 2669 953 2709 sed
972 2668 1009 2709 δι
1024 2668 1214 2709 sociorum
1236 2680 1366 2709 mores
1388 2666 1502 2708 facile
1520 2669 1701 2709 imitetur.

164 2729 201 2781 §.
234 2728 513 2770 Abstinendum
534 2729 699 2781 denique
720 2731 759 2770 in
772 2729 992 2782 Principum
1006 2728 1238 2769 educatione
1255 2726 1275 2768 a
1295 2729 1573 2770 monitionibus
1595 2727 1633 2769 δε
1660 2730 1915 2782 εοηᾟρῖῐοηίυ

103 2790 178 2829 bus
195 2790 305 2830 nimis
323 2788 484 2840 asperis,
515 2791 604 2841 quia
618 2787 866 2842 contemptus
882 2801 1001 2843 genus
1022 2788 1219 2841 quoddam
1242 2788 1340 2829 istud
1357 2787 1423 2829 est„
1484 2788 1604 2840 Rigor
1624 2790 1761 2829 nimius
1785 2788 1915 2840 dejicit

107 2851 255 2889 animos
270 2879 282 2898 ,
311 2860 384 2888 nec
399 2848 513 2888 decet
528 2879 539 2897 ,
569 2858 613 2888 ut
629 2849 810 2890 serviliter
835 2849 910 2890 sese
925 2849 1094 2901 subjiciat
1116 2846 1247 2898 alteri,
1279 2847 1344 2901 qui
1367 2846 1526 2901 praeesse
1541 2846 1619 2889 aliis
1644 2848 1774 2889 debet.
1836 2850 1914 2889 Re·

106 2907 170 2949 ἃὲ
184 2908 406 2961 Alphonsus
422 2908 509 2948 Rex
527 2919 539 2951 1
570 2907 645 2963 (a)
670 2910 746 2951 Los
771 2923 837 2966 que
854 2909 895 2949 de
907 2910 992 2950 brien
1011 2909 1113 2962 lugar
1132 2911 1253 2950 vienen
1272 2935 1285 2959 5
1313 2905 1460 2964 mejorje
1472 2907 1624 2963 castigmz
1635 2918 1704 2962 por
1717 2908 1911 2961 palahras,

105 2981 172 3023 que
182 2978 252 3022 por
274 2967 445 3022 feridas:
474 2983 492 3009 e
505 2981 580 3009 mas
599 2982 701 3010 aman
712 2969 862 3022 porende
882 2970 1028 3024 aquellos
1042 3000 1055 3019 ,
1085 2983 1150 3024 que
1167 2969 1219 3023 ost
1233 2966 1389 3021 lofazan
1408 2993 1421 3019 «,
1450 2982 1468 3009 e
1486 2982 1560 3009 mas
1578 2969 1649 3022 gelo
1683 2965 1878 3022 agradeffi’n
1895 2992 1910 3016 ‚

104 3029 243 3084 quando
267 3042 316 3070 an
335 3028 597 3070 entendimiento.
684 3031 761 3090 Qi
771 3028 928 3083 genercfiz
936 3029 1051 3086 stiipe
1063 3027 1232 3081 editifimt
1243 3054 1256 3080 5
1287 3031 1405 3071 verbis
1425 3029 1553 3069 restim
1578 3061 1590 3079 ,
1620 3043 1723 3084 quam
1756 3026 1912 3068 verberi-

106 3087 171 3130 bus
190 3091 413 3145 corriguntur
432 3119 445 3139 ,
474 3103 592 3145 eosque
617 3121 629 3142 ,
659 3104 743 3146 quos
770 3094 822 3132 ita
832 3093 947 3149 secum
959 3088 1051 3146 egzffi
1069 3092 1310 3141 meninermzt,
1339 3090 1398 3132 uhi
1410 3088 1523 3141 adepti
1537 3089 1676 3143 plenum
1699 3088 1845 3129 rationis
1871 3099 1912 3126 u-

1044 3149 1079 3191 C
1834 3144 1912 3198 fimi

204 3263 368 3315 (υἱέι),
390 3273 423 3311 8.
451 3265 508 3304 tit.
529 3277 566 3314 7,
