2132 3730
445 236 1414 284 SYMBOLAPOLJTICA„
1778 249 1864 307 ως

72 326 217 383 integra
232 327 306 367 fide
319 323 576 372 restituendo,
605 324 733 363 voluit
749 332 876 363 tamen
894 324 1025 372 Deus,
1055 335 1098 363 ut
1115 322 1241 362 delicti
1261 327 1424 376 gravitas
1441 325 1557 377 magis
1574 325 1699 365 adhuc
1717 336 1766 365 ex
1794 326 1863 367 ista

67 399 183 443 poena
197 384 449 428 innotesceret
470 382 517 422 ad
540 384 760 434 exemplum
786 384 957 428 aliorum.
1018 384 1105 423 Rex
1133 382 1298 435 Joannes
1313 384 1340 424 Ι,
1362 386 1400 424 in
1420 386 1555 436 proelio
1578 384 1626 425 ad
1641 385 1863 427 Alinbarro-

70 459 171 498 tam,
199 444 311 486 caesus
341 443 571 496 fugatusque
596 442 670 482 fuit
697 454 786 481 cum
817 443 884 483 suo
909 445 1113 491 exercitu,
1143 450 1304 494 propter
1331 444 1480 483 invasos
1496 473 1508 492 ,
1539 452 1582 485 ut
1609 444 1858 495 credebatur,

70 506 200 553 templi
221 503 470 555 Guadulupei
501 502 707 543 thesauros.
767 502 969 555 Postquam
986 502 1197 543 Fridericus
1216 501 1304 541 Rex
1325 502 1606 555 Neapolitanus
1625 504 1793 556 Cajetam
1812 500 1862 546 ad

69 565 301 608 deditionem
321 563 580 615 compulerat,
610 562 752 615 ingreffi
769 562 856 603 inde
875 562 973 603 Galli
1000 562 1075 617 (a)
1105 562 1210 601 binas
1235 569 1354 601 naves
1376 559 1607 615 templorum
1622 565 1747 616 spoliis
1765 577 1859 606 one-

0 652 2 659 ι
67 632 266 671 τεινεῐαηες
294 622 360 664 sed
379 623 499 663 ambae
521 621 660 676 (quod
684 634 757 673 pro
783 625 965 663 miraculo
983 622 1188 675 habitum)
1212 618 1370 672 periere.

208 717 221 723 ,
237 682 272 735 §.
305 684 436 735 Atque
455 683 494 722 in
521 683 579 722 his
599 682 777 722 omnibus
801 680 945 723 casibus
964 682 1155 721 necessitas
1171 691 1342 720 extrema
1364 682 1494 720 locum
1525 690 1605 720 tion
1634 684 1791 724 habuit.-
1819 685 1860 725 in

66 743 127 785 illa
146 742 330 794 siquidem
351 741 455 783 redta
478 743 575 782 ratio
600 743 745 782 licitum
766 741 857 782 facit
884 741 1139 793 Principibus,
1169 751 1212 779 ut
1230 752 1303 791 pro
1327 741 1380 779 sui
1398 741 1690 781 conservatione
1705 745 1759 782 uti
1773 745 1860 795 pof-

67 803 141 845 fint
154 803 200 854 jis
219 804 378 855 opibus,
408 813 500 854 quas
519 803 581 854 pia
615 803 892 857 liberalitatem
909 802 1002 841 locis
1023 801 1131 841 sacris
1158 800 1439 852 deposuerunt5
1469 812 1513 839 ea
1537 809 1663 841 tamen
1682 803 1790 854 lege,
1815 812 1860 843 ut

1 881 5 894 -·
66 863 291 903 tantundem
325 863 392 903 suo
421 872 619 914 ternpore,
648 863 808 902 meliore
839 858 1008 901 Fortuna
1034 860 1264 912 adspirante,
1293 859 1489 900 restituere
1519 862 1638 911 parati
1659 860 1754 908 sint-3
1784 861 1861 915 (b)

0 916 5 942 ³
66 924 121 962 uti
144 920 273 962 fecere
301 923 428 975 Reges
454 920 643 961 Catholici
666 921 923 962 Ferdinandus
952 920 990 960 &
1013 920 1184 968 isabella,
1221 921 1380 960 obtenta
1400 921 1438 960 in
1459 920 1721 970 Parlamento,
1752 916 1860 972 quod

3 1023 5 1026 ,
65 981 236 1023 Medinae
252 982 388 1034 Campi
409 981 586 1021 coactum
607 980 703 1030 fuit,
729 979 930 1030 facultate,
949 989 991 1019 ut
1008 991 1140 1020 aurum
1166 990 1438 1032 argentumque
1463 979 1718 1021 Ecclesiarum
1739 982 1778 1020 in
1795 993 1861 1020 nee

66 1040 239 1082 ceffarios
261 1044 350 1082 belli
379 1042 465 1082 usus
489 1041 667 1093 tantisper
692 1039 971 1092 impenderent.
1031 1039 1121 1093 Qua
1148 1041 1186 1079 in
1211 1051 1252 1080 re
1277 1041 1367 1079 sacri
1391 1039 1597 1089 Canones,
1622 1040 1660 1081 &
1684 1040 1860 1081 Concilia

63 1111 190 1142 certos
214 1098 470 1141 definiverunt
492 1101 594 1141 casus
608 1129 620 1149 ‚
648 1099 903 1140 neceffitatem
917 1102 1007 1140 item
1027 1100 1063 1139 &
1082 1101 1249 1152 pericula
1263 1130 1275 1149 ‚
1300 1101 1338 1139 in
1364 1100 1501 1150 quibus
1535 1099 1785 1141 Ecclesiastici
1803 1109 1861 1141 te—

63 1171 224 1202 neantur
237 1162 407 1202 subsidiis
426 1161 496 1201 suis
515 1156 807 1212 Rempublicam
826 1161 1038 1205 sublevare,
1098 1159 1149 1199 Et
1173 1158 1259 1199 sane
1276 1157 1423 1211 grandis
1447 1158 1539 1199 esset
1563 1161 1748 1210 avaritia,
1774 1169 1860 1211 quae

5 1244 8 1249 ‹
65 1222 231 1260 excusari
257 1233 336 1260 non
356 1219 501 1273 poffet;
531 1220 558 1259 si
579 1220 811 1260 necessitates
833 1231 1056 1260 communes
1076 1220 1225 1260 nollent
1246 1219 1460 1272 agnoscere.
1520 1219 1628 1273 Quid
1643 1221 1770 1260 enirn?
1789 1218 1863 1272 ipst

5 1288 9 1306 ³
63 1281 283 1320 nobilislima
302 1280 339 1319 ’δε
356 1281 546 1331 praecipua
560 1292 646 1330 pars
661 1279 745 1318 sunt
767 1280 1023 1331 Reipublicae,
1055 1280 1093 1320 δε
1120 1280 1148 1320 si
1170 1290 1243 1332 pro
1262 1280 1334 1320 hac
1358 1279 1396 1319 &
1416 1279 1619 1333 Religione
1639 1281 1759 1320 vitam
1791 1289 1859 1319 ex-

61 1350 208 1392 ponere
226 1338 393 1378 obstricti
416 1337 518 1387 sunt,
548 1350 615 1377 cur
639 1348 718 1377 non
736 1338 772 1377 δε
799 1334 881 1378 suas
898 1336 1102 1380 fortunas?
1132 1340 1171 1379 Si
1188 1351 1255 1378 eos
1273 1338 1450 1379 sustentat
1469 1339 1508 1378 δε
1529 1338 1593 1379 alit
1609 1340 1860 1392 Respublica,

8 1412 9 1415 ¹
61 1411 214 1451 aequum
243 1399 400 1437 omnino
429 1395 506 1444 est,
548 1405 592 1435 ut
616 1406 794 1436 mutuum
823 1399 978 1438 vicissim
1005 1400 1051 1438 ab
1076 1400 1144 1438 illis
1170 1399 1318 1450 sperare
1338 1399 1449 1450 poffit
1479 1397 1680 1438 subsidium
1697 1412 1770 1450 pro
1794 1399 1859 1438 sua

7 1475 11 1477 ⁴
63 1459 351 1499 consarvatione
378 1455 416 1496 &
436 1455 672 1496 defensione.
735 1455 888 1496 Durum
909 1459 980 1496 erit
996 1457 1147 1509 Populo
1161 1485 1173 1507 ,
1204 1457 1369 1497 decimas
1392 1458 1538 1509 semper
1554 1459 1796 1511 persolvere,
1821 1457 1861 1496 δε

61 1520 125 1571 pia
150 1514 278 1558 facere
304 1528 443 1569 opera,
473 1515 502 1555 fi
524 1516 561 1555 in
581 1518 776 1556 communi
792 1517 1008 1557 necessitate
1029 1530 1110 1557 non
1141 1517 1213 1566 sit,
1244 1518 1309 1568 qui
1332 1518 1369 1557 in
1393 1518 1574 1557 oneribus
1604 1517 1863 1558 extraordina-

61 1579 125 1619 riis
143 1578 308 1617 eundem
326 1577 512 1616 sublevet,
574 1575 769 1628 Propriam
787 1576 888 1616 suam
906 1578 1090 1628 pietatem
1107 1577 1369 1625 efferabitur,
1401 1576 1438 1617 &
1462 1577 1678 1631 refrigescet
1698 1579 1803 1620 zelus
1820 1579 1863 1617 il-

10 1663 12 1668 »
62 1638 132 1677 lius
155 1636 193 1676 &
213 1637 404 1684 devotio,
433 1647 482 1675 ne
513 1634 632 1687 porrb
663 1647 787 1675 novas
826 1637 1068 1687 ohlationes,
1099 1637 1356 1685 donationes,
1386 1635 1426 1676 &
1453 1638 1575 1689 legata
1607 1637 1786 1677 Eccleliis
1807 1635 1864 1676 fa-

63 1697 150 1736 ciat.
208 1694 336 1736 Valde
354 1697 482 1747 itaque
500 1696 636 1733 rationi
654 1694 952 1734 consentaneum
970 1695 1048 1743 est,
1077 1703 1122 1734 ut
1141 1695 1275 1735 Clerus
1294 1697 1334 1734 in
1353 1694 1541 1745 ejusmodi
1565 1697 1710 1736 casibus
1734 1696 1863 1736 rediti-

62 1756 135 1796 bus
153 1756 224 1795 suis
244 1755 428 1807 impensas
445 1753 616 1805 publicas
641 1753 821 1803 adjuvet,
851 1762 931 1793 non
959 1753 1008 1794 eo
1032 1753 1174 1804 solum,
1202 1753 1311 1807 quod
1341 1755 1554 1805 periculum
1580 1764 1643 1795 aut
1680 1754 1864 1796 benefici-

64 1825 130 1856 um
149 1826 356 1856 commune
375 1813 552 1853 omnibus
575 1813 643 1863 sit3
675 1811 736 1851 sed
757 1814 896 1861 etiam,
925 1825 974 1853 ne
993 1813 1236 1854 Saecularium
1258 1814 1361 1853 bona
1385 1813 1422 1854 &
1439 1813 1683 1867 poss‘esliones
1706 1816 1758 1854 ita
1780 1826 1862 1868 gra-

63 1884 227 1924 ventur,
257 1883 321 1913 aut
340 1871 573 1925 agriculturae
599 1870 777 1919 defectu,
805 1873 963 1914 decimae
983 1881 1162 1923 quoque,
1192 1872 1229 1912 δε
1250 1874 1319 1913 alia
1334 1873 1396 1923 pia
1416 1883 1535 1924 opera
1551 1873 1733 1913 desinantre
1771 1873 1863 1914 Ma.

61 1935 166 1987 jores
183 1945 280 1985 opes
303 1933 483 1972 videntur
502 1938 680 1980 tempore
703 1930 926 1968 necessitatis
956 1937 1137 1970 extremae
1161 1941 1292 1971 aurum
1318 1930 1356 1969 δε
1384 1939 1581 1983 argentum
1603 1928 1862 1975 Ecclesiarum

59 1994 220 2033 ductum
241 1994 280 2033 in
300 1992 452 2031 laminas
476 1990 514 2028 in
532 1987 652 2028 domo
676 1991 907 2038 monetaria,
935 1988 1051 2041 quam
1075 1991 1114 2030 in
1132 1990 1221 2031 vasa
1240 2000 1304 2031 ¹aut
1326 1989 1627 2043 suppellectilem
1649 1992 1789 2034 sacram
1821 1994 1862 2034 in

59 2054 224 2106 templis.
770 2104 772 2106 V
910 2102 913 2104 ,
1355 2103 1358 2106 ῃ

232 2108 267 2163 §,
307 2108 436 2161 Atque
463 2109 545 2149 haec
566 2103 749 2161 obligatio
766 2100 882 2148 statiis
905 2103 1157 2150 Ecclesiastici
1179 2110 1297 2162 major
1316 2108 1391 2160 est,
1422 2111 1461 2151 in
1484 2107 1762 2165 necessitatibus
1777 2124 1861 2167 grae

15 2222 19 2226 ι
58 2173 233 2212 vioribus
255 2171 404 2222 Regum
420 2168 628 2220 Hispaniae:
657 2170 744 2208 cum
767 2170 866 2208 enini
888 2170 933 2208 ab
954 2170 1092 2227 horum
1119 2172 1180 2222 'pia
1205 2172 1429 2210 liberalitate
1451 2184 1585 2212 omnes
1609 2171 1692 2211 fere
1723 2173 1860 2212 funda-2

59 2235 183 2272 tiones
205 2231 244 2270 ἃ
264 2230 489 2270 donationes
506 2227 759 2268 Ecclefiarum
775 2227 961 2280 profectae
974 2229 1068 2279 sint,
1099 2240 1279 2270 tenentur
1297 2242 1352 2269 eae
1371 2231 1527 2271 viciffirn
1543 2242 1592 2271 ex
1609 2230 1748 2282 justitia
1760 2262 1773 2282 ,
1792 2232 1860 2271 Pa-

62 2295 179 2331 tronis
195 2291 265 2331 suis
291 2291 327 2329 i'n
345 2290 559 2329 necessitate
580 2290 712 2328 venire
738 2288 925 2337 subsidio,
958 2286 995 2329 &
1012 2289 1064 2329 fic
1088 2285 1246 2330 eosdem
1266 2289 1518 2343 obstringere,
1548 2300 1592 2329 ut
1617 2291 1785 2331 munifici
1804 2292 1860 2332 es-

64 2351 101 2391 se
132 2360 287 2402 pergant
317 2352 423 2398 alias,
453 2348 519 2389 nbi
555 2356 707 2400 tempus
742 2348 781 2388 &
806 2349 957 2389 occasio
984 2344 1137 2390 tulerint
1210 2349 1284 2389 Hae
1305 2349 1343 2389 δε
1362 2352 1489 2401 plures
1514 2352 1592 2389 aliae
1607 2352 1773 2390 rationes
1792 2350 1859 2390 Sa·-

19 2459 22 2462 ψ
63 2422 165 2449 cram
184 2410 321 2450 Sedem
341 2409 602 2462 Apostolicam
623 2409 875 2460 impulerunt,
904 2416 949 2448 ut
972 2409 1069 2449 adeo
1086 2410 1280 2465 liberalem
1304 2410 1380 2449 sese
1401 2418 1488 2463 erga
1512 2405 1639 2462 Reges
1666 2404 1859 2462 Hispaniae

19 2512 21 2515 ,
62 2469 162 2521 ‹saepe
179 2469 412 2520 praestiterit,
443 2467 696 2509 concedendo
721 2469 763 2507 iis
779 2468 885 2507 usum
902 2469 1096 2509 bonorum
1113 2467 1292 2510 Ecciefiae
1325 2469 1373 2509 ad
1396 2469 1568 2509 fovenda
1589 2469 1689 2509 bella
1723 2479 1859 2509 contra

63 2528 252 2570 infideles.
312 2529 519 2587 Gregorius
546 2522 632 2567 VIIb
655 2526 794 2568 Sanetii
817 2528 983 2568 Romani
1003 2530 1203 2582 Aragoniae
1232 2530 1348 2581 Regis
1377 2530 1531 2569 arbitrio
1562 2528 1730 2581 permisit
1757 2530 1861 2569 deci-

61 2602 143 2631 mas
167 2589 205 2628 &
223 2585 364 2628 reditus
383 2588 654 2635 Ecclesiaruin,
684 2600 768 2640 quae
805 2596 868 2627 aut
891 2595 1025 2628 recens
1062 2588 1247 2629 extructae
1273 2584 1426 2628 fuissent
1444 2619 1455 2636 ‚
1489 2598 1553 2627 aut
1583 2598 1817 2640 recuperatae
1836 2588 1859 2628 a

61 2648 212 2690 Mauris
226 2676 238 2697 ,
267 2658 310 2687 ut
332 2648 380 2688 de
395 2650 439 2689 iis
460 2661 531 2701 pro
555 2647 663 2687 libitu
676 2641 800 2700 posset
822 2647 1035 2700 disponere.
1095 2646 1160 2704 (c)
1193 2648 1321 2701 Quam
1339 2649 1529 2687 licentiam
1545 2650 1659 2687 etiam
1680 2647 1775 2688 fecit
1787 2649 1859 2689 Pes,

64 2719 125 2750 tro
155 2709 183 2749 Ι.
204 2709 403 2760 Aragoniae
421 2709 540 2762 Regi,
573 2707 727 2758 ejusque
751 2706 1055 2757 Success'oribus,
1086 2709 1123 2747 δε
1146 2708 1378 2747 primoribus
1396 2708 1519 2756 Regni
1536 2706 1716 2747 Urbanus
1743 2708 1860 2760 Papa,

63 2770 236 2821 exceptis
254 2774 382 2807 tamen
401 2767 579 2808 Ecclesiis
595 2767 832 2809 Residentiae.
910 2767 1156 2808 Innocentius
1180 2766 1241 2806 ΙΙΙ.
1266 2766 1413 2807 Bullam
1435 2766 1651 2807 Cruciatam
1676 2768 1858 2808 conceffit

62 2840 135 2883 pro
150 2825 253 2869 bello
273 2826 491 2881 Hispaniae,
522 2825 627 2879 quod
646 2826 799 2869 Sacrum
825 2829 1040 2876 vocabant,-
1063 2839 1176 2879 quam
1193 2829 1347 2880 gratiam
1370 2826 1509 2867 deinde
1533 2828 1771 2880 temporibus
1781 2828 1861 2867 Re.-

66 2890 118 2942 gis
140 2888 299 2929 Henrici
325 2886 396 2928 IV.
414 2887 461 2926 ad
480 2888 595 2926 vivos
616 2889 779 2939 pariter,
810 2888 848 2928 ὅ(
863 2890 943 2928 vita
962 2886 1116 2928 functos
1141 2882 1316 2927 extendit
1334 2887 1435 2940 Papa
1463 2883 1646 2928 Calixtus.
1708 2887 1860 2940 Grego-

65 2950 140 2989 rius
172 2948 219 2990 X.
243 2948 342 3002 Regi
365 2947 565 3000 Alphonso
589 2946 755 2999 Sapienti
776 2949 945 3001 permisit
973 2951 1122 2989 tertiam
1145 2947 1375 2987 decimarum
1401 2953 1570 3000 partein,
1601 2960 1686 3000 quae
1705 2947 1860 2988 fabricae

66 3008 247 3049 destinata
276 3018 383 3054 erat;
415 3007 519 3060 quod
540 3007 677 3047 deinde
693 3019 923 3060 perpetuum
944 3007 1018 3049 esse
1042 3010 1157 3062 coepit
1173 3007 1411 3060 temporibus
1438 3008 1554 3061 Regis
1581 3008 1735 3064 Joaniii‘s
1754 3008 1797 3045 ΙΙ.
1820 3006 1859 3044 &z

69 3070 238 3109 extendit
259 3068 350 3108 illud
371 3067 590 3108 Alexander
612 3067 682 3109 VI.
703 3070 814 3108 etiam
839 3066 887 3109 ad
912 3070 1090 3123 Regnum
1117 3068 1362 3109 Granatense.
1420 3068 1585 3122 Joannes
1611 3068 1731 3108 XXII.
1758 3065 1861 3104 decia

67 3140 145 3169 mas
167 3130 357 3170 redituum
374 3127 726 3170 Ecclesiasticorum
741 3128 778 3168 δε
794 3128 1010 3170 Cruciatam
1036 3129 1188 3170 indulsit
1214 3129 1312 3182 Regi
1334 3130 1535 3182 Alphonso
1551 3129 1616 3169 XI.
1676 3126 1859 3224 Urbanxuss

865 3190 899 3229 C
919 3203 941 3230 c
973 3203 995 3230 2
1847 3212 1859 3226 .-‚

117 3249 129 3252 ff
168 3248 228 3320 ’(ζα.)
253 3272 342 3308 Mar.
364 3271 454 3322 Hist.
478 3253 657 3321 Hispfiia
678 3286 737 3308 ω..
763 3246 1861 3322 ςερῙΠ-υἷῖᾱὲ-ω-ΓἩᾸΙΉΓΞΪἙΠῙΞῘΓΞῙ

72 3326 162 3362 Mar.
181 3321 270 3359 Hist.
292 3320 388 3372 Hisp,
403 3323 465 3360 lib.
490 3335 545 3360 ω.
565 3328 641 3372 cap.
670 3337 704 3361 2.
