2132 3730
239 256 300 309 ⁶4
648 244 1022 287 ·D1DA01
1088 245 1628 291 SAAVEDRAE

240 309 1524 325 —m——n———hss

1527 308 2037 323 .-.-.-.-.,...........-

233 331 489 382 defeceritne,
520 342 568 371 an
604 327 816 382 profecerit
846 331 998 383 potius:
1027 330 1255 383 plerumque
1284 333 1386 372 enim
1422 330 1505 371 fieri
1534 332 1733 381 videmus,
1762 341 1806 373 ut
1842 331 2036 382 Principes

232 398 301 438 sub
316 393 504 448 regiminis
520 390 669 434 initium
691 391 859 431 animum
875 388 1026 443 egregie
1039 398 1227 430 attentum
1244 391 1291 431 ad
1307 403 1445 432 munus
1463 392 1571 432 suum
1593 390 1764 432 adferant
1775 424 1786 442 ,
1814 389 1951 446 postea
1966 401 2034 429 ve-

230 457 277 498 rb
302 452 595 506 negligentiores
623 449 708 491 sint.
769 450 946 502 Plerique
967 460 1102 490 omnes
1135 450 1279 503 magnis
1303 452 1541 504 excelsisque
1563 452 1694 492 animis
1723 452 2039 505 gubernationem

234 516 351 557 ordiri
367 514 507 560 solent,
526 510 661 551 sensim
683 522 812 551 tamen
843 510 881 550 &
902 522 991 550 cum
1014 519 1213 561 tempore,
1236 520 1300 551 aut
1321 513 1438 552 nimia
1466 513 1712 566 negotiorum
1735 515 1859 554 moles
1878 524 1947 553 eos
1973 509 2039 550 der

232 575 380 630 primit,
410 581 476 612 aut
495 571 723 625 perturbant
750 570 911 620 delitiae,
941 571 1080 624 quibus
1103 571 1241 611 leviter
1265 573 1350 623 capi
1375 571 1413 612 se
1440 572 1587 622 sinunt,
1618 573 1863 614 immemores
1897 572 2040 624 obliga·

232 635 348 676 tionis
383 644 459 685 qua
480 641 628 685 partam
655 631 770 673 semel
799 632 958 684 gloriam
984 631 1082 671 tueri
1123 641 1168 670 ac
1201 631 1427 673 conservare
1443 633 1696 674 tenebantur.
1755 631 2041 675 Animadvertit

230 696 309 735 hoc
332 692 454 745 ipsum
476 693 516 732 in
529 690 688 732 Tiberio
706 691 943 744 Imperatore
962 690 1139 740 Tacitus,
1174 690 1283 742 quod
1304 692 1460 733 tandem
1474 691 1553 746 pcst
1575 694 1703 746 longam
1728 705 1844 734 rerum
1871 692 2041 746 experien-

229 758 315 796 tiam
332 754 374 794 vi
387 750 619 794 dmninationis
641 747 817 802 convuffits
837 749 888 795 &³
905 758 1061 792 mutatus
1067 747 1199 801 fuerit.
1260 749 1333 804 (a)
1361 751 1567 804 Imperium
1584 753 1804 793 diuturnum
1828 752 2042 806 superbiam

230 816 370 869 gignit,
399 813 574 865 superbia
592 812 689 851 verb
717 811 850 851 odium
874 813 972 862 parit
1005 811 1107 863 apud
1131 809 1324 860 subditos,
1355 813 1684 862 quemadmodum
1710 812 1814 853 idem
1841 821 1952 852 autor
1973 810 2043 850 ob·

231 874 398 916 servavit
423 874 462 912 in
479 872 587 925 Rege
601 870 759 910 Vannio
771 900 784 919 ,
802 872 867 922 qui
885 870 962 924 (b)
983 873 1105 923 prima
1122 871 1260 923 Imperii
1282 878 1389 911 aetate
1405 870 1540 922 clarus,
1568 881 1789 927 acceptusque
1800 870 2044 926 popularibus:

230 948 305 977 mox
323 933 586 974 diuturnitatem
606 932 644 971 in
658 926 855 982 snperbiam
868 938 1027 980 mutans,
1047 929 1100 976 &³
1123 929 1196 971 odio
1225 931 1432 981 accolarum,
1452 930 1554 984 simul
1571 931 1751 988 domesticis
1783 929 1953 982 discordiis
1977 932 2043 970 cir-

229 1000 430 1036 cmnventus
440 988 533 1043 fuit.
592 988 713 1030 Multi
738 1002 828 1030 cum
847 990 980 1043 insigni
1000 990 1197 1034 modestiae
1222 991 1259 1030 &
1272 990 1421 1042 justitiae
1439 990 1552 1030 laude
1575 994 1744 1044 regimen
1777 993 2016 1045 auspicantur
2032 1019 2045 1038 ,

230 1056 296 1096 sed
315 1053 560 1107 perseverant
574 1052 716 1102 pauci,
747 1052 835 1102 quia
850 1049 1051 1091 Ministros
1073 1052 1172 1090 circa
1192 1050 1229 1090 se
1252 1051 1396 1090 habent
1421 1050 1659 1099 adulatores,
1690 1050 1711 1090 a
1732 1052 1870 1103 quibus
1898 1052 2045 1090 docen-

230 1124 292 1155 tur
309 1112 489 1153 audacius
506 1110 681 1162 quaedam
699 1107 886 1162 &injuste
907 1122 1047 1165 agere,
1078 1112 1137 1150 uti
1171 1109 1407 1162 Vespasiano
1438 1111 1599 1161 accidit,
1628 1110 1698 1164 (c)
1729 1113 1819 1151 inter
1851 1112 1950 1151 initia
1978 1109 2047 1148 Im·

220 1176 316 1229 perii
335 1172 385 1214 ad
396 1169 593 1212 obtinendas
611 1172 815 1225 iniquitates
835 1169 934 1210 haud
944 1168 1089 1224 perinde
1113 1168 1298 1227 obstinato.-
1326 1170 1426 1212 donec
1452 1170 1661 1226 indulgentia
1671 1168 1852 1223 fortunae,
1881 1169 1933 1216 &⁹
1956 1177 2047 1222 pra-

230 1238 290 1276 vis
303 1231 479 1290 magistris
499 1229 638 1281 didicit,
665 1226 833 1284 aufitsque
860 1227 921 1283 est.

407 1292 443 1343 §.
474 1291 607 1343 Atque
622 1290 722 1330 hanc
751 1288 1001 1331 collationem
1019 1301 1101 1331 non
1120 1289 1170 1332 de
1195 1290 1267 1331 suis
1290 1299 1438 1331 tantum
1459 1291 1666 1330 virtutibus
1685 1289 1722 1331 &
1750 1288 1963 1330 afflonibus
1988 1288 2048 1329 fa·

230 1357 307 1397 ciat
326 1351 517 1393 Serenitas
536 1349 700 1399 Vestra,
730 1349 793 1389 sed
813 1348 986 1391 actiones
1011 1352 1125 1391 etiam
1155 1351 1310 1391 suorum
1335 1349 1630 1391 Antecess'orum
1662 1348 1837 1391 conferat
1861 1351 1959 1389 inter
1990 1348 2048 1397 se,

231 1410 476 1468 opponendo
504 1412 674 1451 invicem
691 1408 946 1462 quorumdam
962 1422 1151 1463 purpuras
1168 1411 1271 1450 vitiis
1288 1409 1515 1460 defaedatas,
1544 1412 1632 1450 alias
1648 1411 1741 1451 item
1769 1411 1927 1450 aliorum
1946 1420 2049 1462 egre-

229 1477 300 1526 giis
324 1471 559 1513 facinoribus
575 1468 883 1522 resplendentes:
911 1481 1109 1522 nunquam
1129 1472 1231 1511 enim
1246 1471 1364 1524 magis
1382 1471 1559 1522 exempla
1574 1478 1759 1519 movent,
1782 1481 1895 1522 quam
1913 1469 1940 1508 ii
1956 1480 2051 1508 con-

231 1536 343 1576 traria
357 1530 467 1584 juxta
479 1538 682 1583 lponantur
698 1527 719 1568 a
737 1530 868 1569 latere.
932 1524 1146 1582 Comparet
1163 1529 1353 1570 Serenitas
1371 1528 1509 1570 Vestra
1525 1530 1643 1583 Regis
1671 1528 1960 1582 Hermenegildi
1984 1538 2050 1580 pa-

230 1596 496 1638 ludamentum
514 1592 683 1643 regium,
713 1600 802 1628 cum
817 1587 1093 1640 paludamento
1124 1589 1227 1630 Petri
1246 1589 1415 1629 Secundi
1436 1589 1553 1643 Regis
1570 1591 1789 1643 Aragoniae:
1821 1587 1914 1628 illud
1938 1586 2051 1628 stellis

232 1654 459 1699 coruscum,
490 1648 528 1689 &
550 1657 804 1701 purpuratum
820 1647 1025 1699 sanguine,
1049 1660 1165 1700 quem
1186 1650 1226 1689 in
1251 1649 1355 1689 bello
1387 1647 1573 1689 adversus
1601 1650 1753 1702 Regem
1777 1646 2050 1700 Leuvigildum

231 1715 386 1757 Patrem
406 1710 539 1757 suum,
568 1703 730 1747 Arriana
754 1702 944 1747 infastum
970 1706 1128 1756 haeresi,
1159 1706 1328 1759 gloriose
1350 1705 1599 1758 profuderat:
1630 1710 1709 1748 hoc
1731 1706 1831 1748 verb
1861 1717 2050 1757 equorum

231 1774 440 1830 protritum
463 1767 632 1809 calcibus
654 1767 694 1807 in
717 1777 847 1819 pugna
869 1763 919 1806 ad
946 1764 1204 1816 Garumnam,
1233 1778 1324 1807 cum
1348 1766 1380 1806 is
1395 1765 1664 1818 Albigenfibus
1688 1764 1849 1806 sefftariis
1870 1768 1909 1805 in
1928 1765 2051 1806 Gallia

233 1832 376 1876 tulisset
393 1829 600 1881 suppetias.
664 1825 904 1872 Convertat,
934 1825 1118 1875 obsecro,
1148 1825 1341 1865 Serenitas
1369 1823 1529 1875 Vestra,
1560 1827 1696 1867 oculos
1720 1825 1768 1865 ad
1789 1826 1912 1865 secula
1946 1824 2050 1865 retro

232 1891 447 1949 praeterita,
475 1886 514 1927 &
538 1884 691 1925 videbit
704 1883 927 1935 Hispaniam
948 1883 1126 1923 afflffiiam
1149 1883 1188 1923 δε
1210 1883 1423 1935 perditam,
1452 1884 1506 1921 ob
1539 1886 1659 1924 vitam
1687 1886 1862 1926 licentius
1888 1884 2009 1925 atstam
2031 1882 2053 1923 ὲ

236 1953 411 2005 Regibus
428 1945 506 2002 (d)
522 1943 670 1987 Witiza
690 1943 728 1983 δι
754 1941 977 1983 Roderico:
1006 1941 1174 1982 erenam
1195 1941 1294 1983 verb
1309 1941 1432 1980 rursus
1448 1970 1460 1990 ,
1479 1939 1517 1979 &
1533 1940 1743 1982 restitutam
1759 1945 1904 1994 pietate
1921 1944 1958 1984 δι
1974 1942 2051 1983 for-

237 2012 402 2056 titudine
419 2007 571 2058 Pelagii.
637 2002 801 2044 Videbit
817 1998 898 2042 vita
918 2003 1062 2054 pariter
1089 2011 1251 2043 exutum
1266 2013 1311 2041 ac
1325 2012 1444 2053 regno
1462 2000 1612 2053 Regem
1635 2002 1790 2041 Petrum
1822 2002 1874 2041 ob
1898 2004 2052 2043 nimiam

237 2073 353 2116 animi
371 2068 582 2110 feritatem:
611 2062 748 2103 contra
766 2062 815 2102 ad
831 2061 1089 2115 gubernacula
1115 2060 1296 2102 eve&um
1315 2059 1581 2102 Hermannum
1602 2059 1682 2111 ejus
1703 2060 1859 2100 fratrem
1873 2092 1884 2109 ,
1912 2063 1964 2101 ob
1981 2062 2052 2102 sm-

238 2134 434 2189 gularem,
468 2138 553 2177 quae
571 2126 612 2164 in
638 2135 690 2163 eo
718 2124 862 2172 inerat,
884 2121 1228 2166 mansuetudinem,
1288 2120 1453 2159 Videbit
1482 2120 1686 2171 gloriosum
1710 2120 1900 2161 Infantem
1926 2117 2053 2162 Ferdi-

239 2190 432 2238 nandum,
461 2184 533 2240 (e)
552 2182 591 2224 ὅ(
617 2184 747 2224 multis
771 2181 821 2222 de
842 2180 942 2222 coelo
963 2179 1118 2222 austum
1145 2181 1323 2230 coronis,
1341 2178 1449 2231 quod
1472 2179 1573 2219 suam
1592 2178 1887 2232 Regijoannill.
1898 2180 2053 2234 Nepoti

240 2256 309 2299 suo
326 2251 470 2293 salvam
495 2243 571 2286 ess'e
597 2242 637 2284 &
662 2242 815 2284 servare
843 2241 1036 2292 voluerit,
1065 2240 1214 2282 tametsi
1243 2239 1383 2290 essent,
1413 2241 1479 2292 qui
1506 2241 1607 2281 hanc
1628 2241 1681 2280 illi
1711 2239 1814 2281 ultro
1847 2240 2053 2289 offerrent,-

241 2322 380 2357 contra
403 2305 594 2348 Infantem
617 2301 813 2344 Sanffium
835 2300 859 2342 a
886 2301 1039 2342 suomet
1066 2301 1229 2343 Parente
1254 2300 1305 2342 de
1329 2298 1592 2341 inobedientia
1618 2298 1657 2339 &
1678 2298 1949 2353 ingratitudine
1980 2312 2053 2353 po-

241 2374 425 2417 stulatum
442 2377 574 2407 coram
592 2362 768 2404 Mai-tino
803 2361 959 2417 Quarto
987 2360 1200 2413 Pontifice,
1227 2360 1333 2414 qubd
1355 2359 1438 2413 ipso
1464 2361 1623 2401 vivente
1645 2370 1804 2413 regnum
1825 2359 2050 2412 appetiisset.

241 2433 376 2477 lsthaec
398 2426 555 2469 collatio
574 2422 737 2477 magistri
757 2425 828 2463 erit
848 2421 981 2471 instar,
1012 2434 1128 2475 quem
1150 2422 1339 2463 Serenitas
1357 2419 1509 2471 Vestra,
1533 2429 1576 2460 ut
1593 2418 1711 2459 fidum
1733 2418 1872 2459 ducem
1886 2449 1898 2469 ,
1929 2421 1967 2459 in
1985 2433 2053 2475 gu-

242 2487 444 2536 bernando
463 2486 568 2538 sequi
591 2484 679 2524 tuto
705 2484 851 2536 poterit
873 2496 882 2522 :
910 2480 1002 2523 licet
1027 2484 1130 2524 enim
1146 2481 1336 2523 Serenitas
1356 2480 1494 2521 Vestra
1513 2481 1624 2521 etiam
1642 2477 1886 2520 discurrendo
1906 2477 2053 2520 facino-

244 2565 331 2596 rum
357 2549 607 2592 heroicorum
636 2543 880 2596 splendorem
906 2554 951 2584 ac
979 2543 1107 2584 lucem
1127 2573 1140 2593 ‚
1175 2544 1231 2583 uti
1261 2540 1300 2581 ὅτι
1335 2540 1530 2582 actionum
1564 2541 1744 2582 malarum
1781 2537 2051 2593 tuipitudinem'

248 2612 452 2669 agnoscere
475 2607 561 2648 satis
582 2606 731 2652 valeat;
761 2615 807 2644 ea
822 2613 952 2645 tamen
971 2604 1100 2644 omnia
1114 2604 1155 2644 in
1174 2601 1210 2643 se
1235 2601 1471 2659 considerata
1493 2612 1574 2641 non
1594 2601 1646 2640 ita
1665 2608 1850 2650 movent,
1881 2607 1996 2651 atque
2012 2600 2052 2641 in

248 2676 315 2725 iis,
345 2680 446 2726 quos
466 2675 531 2707 aut
555 2665 741 2720 gloriosos
765 2666 805 2705 in
820 2664 900 2705 hoc
928 2661 1100 2715 mundo,
1136 2671 1203 2704 aut
1224 2663 1407 2716 inglorios
1428 2658 1606 2703 effecere.

354 2837 415 2884 (a)
439 2833 556 2873 Tacit.
573 2832 636 2871 lib.
657 2835 691 2870 6.
708 2831 838 2870 Annal.
892 2832 955 2880 (b)
978 2829 1079 2867 Idem
1094 2827 1158 2866 lib.
1172 2840 1228 2866 12.
1245 2827 1376 2866 Annal.
1405 2828 1469 2874 (c)
1485 2827 1584 2866 Idem
1598 2827 1661 2866 lib.
1684 2840 1721 2867 2.
1738 2825 1871 2866 Histor.
1890 2823 2051 2876 (d>Mar.

254 2890 346 2931 Hist.
361 2888 467 2939 Hisp.
484 2887 546 2928 lib.
571 2899 604 2937 3,
617 2897 651 2937 ε,
672 2898 735 2925 22.
791 2885 856 2935 (e)
866 2885 959 2922 Mar.
977 2882 1177 2934 Hist.Hisp.
1190 2879 1254 2920 lib.
1269 2885 1304 2921 6.
1322 2893 1354 2919 c.
1377 2892 1436 2928 19.
1454 2882 1564 2922 &21.

1727 3236 1764 3261 '·
1831 3223 2056 3294 SYM-
