2132 3730
492 240 1472 285 SYMBOLAPOLITJCA.
1800 257 1884 297 213

89 330 233 370 exteris
271 326 336 375 qui
360 325 481 364 bonas
512 326 591 365 illas
619 326 802 378 Principis
838 326 892 366 sui
923 338 1010 366 cum
1042 327 1122 366 aliis
1154 328 1335 366 amicitias
1363 328 1590 367 conservare
1614 329 1739 376 malit,
1771 330 1885 378 quam

87 389 299 430 dissbivere.

256 442 290 494 §.
320 442 462 484 Omnia
495 440 624 482 isthaec
646 443 913 496 praeservativa
941 444 1082 498 privati
1103 445 1246 496 lapsum
1283 457 1423 486 cavere
1458 454 1664 498 poterunt,
1691 445 1720 485 fi
1747 456 1839 485 mox
1866 444 1887 485 a

81 504 269 560 principio
291 502 561 545 adhibeanturt
589 515 677 543 nam
696 504 763 543 ubi
784 505 899 545 semel
917 507 955 546 in
973 507 1130 545 aliorum
1147 506 1344 544 incurrerit
1365 505 1523 554 odium,
1553 516 1668 557 atque
1683 505 1886 554 invidiam,

80 564 228 606 malitiae
245 561 282 601 &
299 561 423 604 fraudi
441 562 508 603 ista
536 563 777 613 tribuuntur,
808 567 1002 618 magisque
1022 564 1225 617 periclitari
1258 563 1403 605 faciunt
1431 567 1608 618 gratiam3
1638 565 1888 617 quemadmo-

2 669 4 677 .
77 625 177 664 dum
202 623 360 663 Senecae
385 623 544 672 accidit,
574 624 639 675 qui
665 634 830 666 mortem
859 625 1028 678 effugere
1058 636 1138 664 non
1167 625 1316 676 potuit,
1347 627 1592 676 quantumvis
1625 625 1702 678 (a)
1731 624 1888 680 iiisiitztta

66 686 203 738 prloris
222 685 310 723 vitae
323 690 540 724 commutaret
556 714 569 732 ,
590 683 790 734 prohiberet
805 693 911 726 cattus
919 682 1147 736 stzlutantimn
1163 715 1175 733 ,
1205 685 1343 724 vitaret
1368 687 1564 725 comitantes
1579 698 1592 733 ,-
1621 697 1728 725 rarus
1737 694 1808 737 per
1825 697 1888 725 ur-

76 744 166 793 bem,
195 742 294 798 qucfi
311 743 506 784 valetudine
523 739 674 794 infensa,
704 752 768 784 aut
782 743 960 797 fhpientiae
973 743 1105 799 studiis
1123 745 1351 788 attineretur.

249 802 286 854 §.
318 803 441 856 Quod
468 803 495 843 fi
526 802 703 843 adhibitis
736 806 914 844 omnibus
937 802 1013 844 istis
1038 803 1231 851 remediis,
1264 806 1437 855 privatus
1475 803 1607 853 aliquis
1637 801 1885 843 nihilominus

74 863 261 913 Principis
277 865 394 914 gratia
413 862 621 912 exciderit,
651 862 773 916 lapsus
791 866 854 904 ille
872 865 1052 915 inglorius
1070 876 1150 903 non
1168 865 1260 911 erit,
1292 863 1382 903 cum
1402 863 1581 902 immunis
1598 862 1738 902 vixerit
1760 863 1888 902 ha&e-

73 934 145 962 nus
168 924 214 960 ab
241 923 371 964 infami
388 934 495 963 metu
512 925 613 963 illam
639 924 838 964 amittendi
864 923 902 963 δε
929 924 1074 974 absque
1100 923 1353 964 sollicitudine
1372 922 1566 975 quaerendi
1583 920 1710 962 media
1728 933 1887 973 genero·

3 1029 5 1037 ἒ
71 983 112 1023 so
134 982 296 1034 pectore
314 983 465 1037 indigna
481 1013 495 1033 ,
524 982 634 1035 quod
649 986 801 1037 gravius
817 993 1059 1023 ⁴tormentum
1074 982 1129 1023 est
1146 984 1222 1035 ipsa
1242 983 1427 1034 Principis
1444 982 1706 1035 indignatione
1723 982 1760 1021 &
1780 982 1888 1027 odio.

4 1062 5 1066 ¹
70 1040 122 1083 Et
153 1043 176 1082 si
204 1045 240 1083 iii
264 1045 411 1095 piivata
432 1046 491 1085 illa
507 1046 624 1097 gratia
647 1043 788 1095 aliquid
806 1043 900 1084 inest
918 1045 1031 1092 boni,
1056 1043 1110 1084 est
1124 1045 1198 1084 sola
1224 1054 1269 1083 ea
1284 1044 1424 1096 gloria,
1457 1041 1563 1095 quod
1583 1043 1667 1094 quis
1690 1040 1726 1080 a·
1742 1041 1886 1081 Princi-

70 1115 122 1155 pe
141 1103 520 1146 aestiniarimeruerir.
579 1103 831 1144 Continuatio
859 1105 957 1143 illius
981 1104 1096 1156 plena
1129 1115 1327 1152 curarum,
1359 1102 1396 1143 &
1424 1101 1586 1155 periculi
1614 1100 1679 1143 est.
1742 1099 1889 1142 Felicis-

0 1162 7 1221 μ’
71 1163 186 1203 simus
213 1165 296 1213 ille,
330 1166 395 1215 qui
416 1162 530 1216 quam
556 1163 745 1212 citiffime,
776 1164 813 1203 δε
833 1164 966 1215 majori
990 1176 1078 1204 curn
1102 1164 1253 1204 honore
1269 1162 1360 1203 inde
1383 1162 1587 1203 emerserit,

0 1224 3 1231 ‘
246 1223 280 1274 §.
314 1223 527 1276 Descripsi,
556 1223 791 1263 serenissime
825 1223 1029 1275 Princeps,
1064 1226 1306 1265 Privatorum
1341 1231 1462 1272 artes,
1493 1234 1574 1263 non
1595 1219 1695 1262 verb
1725 1231 1889 1274 quomo-

0 1291 6 1336 ²}
71 1279 125 1319 do
147 1280 326 1333 Princeps
350 1295 437 1334 erga
463 1294 531 1322 eos
555 1282 592 1321 se
607 1295 740 1334 gerere
758 1282 928 1332 debeat,
960 1283 1067 1335 quod
1088 1283 1300 1335 supponam
1318 1284 1478 1323 omnino
1506 1283 1631 1322 nullos
1662 1283 1696 1321 ei
1720 1280 1794 1321 effe
1822 1279 1888 1320 de-

0 1338 5 1386 ]
69 1340 189 1379 bere:
220 1352 306 1379 nam
331 1341 398 1380 etsi
422 1340 718 1381 concedendum
742 1343 793 1380 illi
810 1341 873 1389 lit,
890 1351 931 1381 ut
948 1344 1159 1382 voluntatis
1172 1343 1433 1395 propensione
1454 1342 1491 1382 &
1509 1342 1626 1394 gratia
1652 1343 1769 1393 magis
1783 1341 1820 1379 in
1846 1352 1887 1378 u-

0 1410 7 1448 ‚2
69 1411 160 1439 num
179 1398 342 1448 feratur,
375 1399 490 1452 quam
520 1404 556 1439 in
574 1401 687 1439 alium
715 1412 728 1447 ς
758 1413 838 1440 non
869 1410 997 1441 tamen
1015 1431 1028 1451 ,
1060 1411 1102 1440 ut
1136 1402 1368 1454 potestatem
1396 1402 1497 1440 suam
1532 1411 1689 1439 ornnem
1714 1404 1750 1439 in
1769 1411 1888 1439 unum

0 1454 7 1475 '²
68 1461 233 1509 aliquem
251 1459 426 1500 conferat
448 1459 467 1499 a
497 1471 575 1511 quo
596 1458 818 1497 mandatum
831 1488 844 1506 ,
860 1456 1076 1510 'proemium
1094 1460 1132 1500 ὃς
1155 1473 1308 1513 poenam
1327 1460 1547 1513 exspeeifflre
1562 1469 1743 1511 oporteat
1761 1470 1889 1511 popu-

5 1524 7 1527 “
68 1520 147 1558 lum
170 1532 180 1557 :
212 1521 293 1558 talis
316 1520 416 1559 enim
436 1518 641 1558 auftoritas
663 1518 841 1557 alienatio
875 1517 929 1557 est
953 1518 1154 1563 Coronae;
1184 1520 1288 1560 unde
1318 1521 1468 1572 semper
1496 1520 1763 1572 gubernationi
1791 1519 1889 1570 peri-

67 1579 196 1617 culum
216 1580 389 1619 imminet
406 1609 418 1628 ‚
448 1577 592 1618 etiamsi
613 1578 650 1616 in
672 1576 863 1617 eleffione
885 1578 1055 1629 personae
1083 1578 1241 1618 minime
1263 1589 1364 1619 erret
1388 1580 1504 1632 gratia
1528 1591 1541 1626 ;
1571 1591 1766 1629 nunquam
1784 1578 1886 1618 enim

68 1638 290 1678 obedientia
316 1648 419 1678 tanta
450 1667 463 1687 ‚
493 1647 558 1677 aut
581 1647 709 1677 tantus
739 1639 864 1676 cultus
897 1637 1054 1676 Privato
1080 1636 1278 1686 defertur,
1310 1649 1474 1689 quantus
1491 1637 1560 1689 ipsi
1583 1638 1747 1689 Principi
1768 1667 1780 1685 ,
1811 1649 1886 1676 nec

68 1707 172 1738 tanta
201 1700 251 1739 illi
279 1710 366 1737 cura
392 1699 441 1738 de
463 1698 570 1737 bono
593 1697 791 1735 universali
817 1696 854 1735 ἃ
879 1697 1058 1747 publico,
1076 1709 1150 1736 nec
1172 1698 1222 1735 ita
1240 1699 1278 1736 in
1297 1710 1413 1737 manu
1437 1698 1499 1737 sua
1517 1708 1585 1736 cor
1604 1698 1744 1748 privati
1765 1697 1884 1735 habet

67 1757 180 1798 Deus
207 1789 220 1807 ,
251 1770 294 1797 ac
319 1758 514 1809 Principis.
575 1756 706 1808 Quare
731 1755 798 1795 etsi
821 1768 900 1795 non
929 1757 1041 1807 pauci
1076 1768 1126 1795 ex
1147 1756 1462 1796 Antecefforibus
1485 1757 1705 1796 Serenitatis
1735 1754 1884 1795 Vestrae

67 1817 267 1859 Ministros
287 1816 475 1869 ejusmodi
493 1816 562 1855 fibi
584 1815 846 1855 familiariores
869 1845 882 1862 ‚
914 1816 951 1855 &
973 1829 1050 1867 prae
1068 1818 1214 1855 caeteris
1233 1817 1368 1856 charos
1402 1817 1630 1864 habuerint,
1661 1817 1725 1867 qui
1748 1815 1881 1868 insigni

68 1891 157 1918 curn
177 1879 366 1930 diligentia
385 1878 421 1916 δε
440 1877 526 1918 zelo
550 1874 575 1928 ζ
592 1885 633 1914 ut
653 1872 690 1914 δε
712 1875 830 1914 hodie
852 1874 933 1914 fieri
955 1874 1173 1929 videmus>
1204 1878 1332 1915 conati
1358 1875 1499 1915 fuerint
1521 1878 1559 1915 in
1580 1877 1758 1915 omnibus
1770 1875 1885 1926 qu‘ain

67 1937 265 1979 rectisliiiie
282 1948 393 1989 agere
423 1967 434 1983 ,
463 1935 555 1974 illud
578 1944 705 1973 tamen
724 1931 881 1973 assecuti
899 1946 978 1973 non
1000 1935 1084 1974 sunt
1102 1964 1114 1984 ,
1143 1947 1216 1973 nec
1231 1947 1292 1974 res
1319 1946 1364 1974 ea
1392 1935 1547 1974 felicem
1576 1936 1720 1974 exitum
1737 1936 1884 1978 habuit.

67 1997 158 2038 Nec
191 1996 266 2036 falli
291 1999 325 2036 se
347 1995 440 2034 finat
456 1993 647 2033 Serenitas
672 1991 796 2031 vestra
816 1995 1000 2044 exemplo
1030 1993 1223 2041 Franciae,
1257 1994 1364 2045 cujus
1381 1994 1475 2034 fines
1491 1995 1631 2046 privati
1658 1995 1767 2034 unius
1793 2006 1885 2033 cona

67 2058 149 2099 silio
178 2055 295 2108 longe
317 2056 460 2095 dilatari
480 2054 648 2094 vidimus
669 2081 682 2099 ‚
711 2052 775 2092 sed
794 2065 874 2092 non
894 2054 1040 2105 absque
1064 2053 1187 2106 Regni
1211 2053 1443 2094 detrimento
1466 2054 1501 2093 &z
1518 2051 1662 2105 pistura
1681 2054 1884 2093 auetorita-

67 2121 116 2158 tis
139 2117 335 2169 ipsiusmet
356 2116 485 2167 Regis,
549 2113 853 2167 Quiaccuratius
870 2113 1112 2164 perpendere
1124 2113 1292 2153 voluerit
1308 2115 1613 2165 persecutionem
1627 2114 1783 2165 Regina:
1794 2112 1884 2152 Ma-

66 2180 133 2219 tris
154 2207 166 2221 „
197 2178 234 2216 &
257 2177 377 2216 Ducis
399 2173 676 2215 Aurelianensis
696 2203 709 2222 ,
739 2173 938 2225 profusum
962 2172 1177 2225 sanguinem
1208 2173 1497 2214 Moumorancii
1513 2203 1526 2224 ,
1556 2173 1694 2212 Prioris
1721 2172 1882 2212 Vando-

68 2238 206 2280 mensis
224 2268 234 2285 ‚
264 2236 458 2276 Pilorantii
484 2235 520 2274 δε
539 2234 701 2274 Domini
719 2233 768 2272 de
795 2232 833 2272 S.
859 2232 998 2272 Marco
1019 2243 1033 2285 3
1066 2234 1329 2285 captivitatem
1349 2234 1529 2273 Bullionii
1555 2231 1709 2283 Ducis3
1740 2234 1882 2272 tributa

70 2299 108 2339 δι
125 2298 383 2351 oppressiones
402 2295 639 2335 subditorum
670 2305 683 2341 ς
714 2293 997 2345 usurpationem
1027 2291 1205 2332 Ducattis
1229 2293 1518 2344 Lotharingiae3
1546 2291 1688 2331 foedera
1711 2291 1881 2332 cumBa·

66 2360 192 2407 timis,
224 2356 521 2398 protestantibus
539 2386 550 2403 ,
582 2355 620 2393 &
652 2353 785 2392 Suecis
815 2355 936 2400 inita;
969 2353 1165 2393 consilium
1195 2353 1369 2405 capiendi
1407 2352 1604 2392 Sabaudiae
1628 2352 1782 2391 Ducem
1808 2351 1881 2390 Ca-

70 2421 196 2458 rolum
212 2418 501 2458 Emmanuelem
522 2427 534 2462 ς
565 2425 700 2466 pacem
725 2413 930 2454 Monsonae
945 2412 1084 2453 factam
1107 2414 1251 2465 absque
1271 2414 1363 2453 scitu
1384 2411 1686 2453 foederatorum?
1716 2411 1881 2451 froenutn

68 2477 173 2516 Valli
191 2478 334 2518 Telinae
351 2479 387 2517 &
416 2475 640 2515 Grisonibus
658 2472 839 2525 inJectum
856 2503 867 2522 ,
899 2472 1060 2513 subsidia
1085 2472 1187 2513 missa
1208 2473 1348 2514 Scotiae
1370 2504 1382 2523 ,
1413 2473 1451 2514 &
1473 2473 1711 2513 Parlamento
1737 2470 1881 2510 Londi-

69 2537 174 2579 nenli
193 2550 205 2585 3
235 2538 538 2589 expugnationes
557 2533 794 2573 Fontarabiae
808 2563 821 2582 ,
852 2533 1065 2573 Audomari
1084 2563 1098 2582 ,
1127 2532 1300 2574 Theonis
1320 2532 1421 2573 villae
1440 2563 1453 2582 ,
1484 2532 1745 2578 Toriiaventi,
1761 2531 1798 2569 ἃ
1811 2530 1883 2569 Ca-

70 2598 224 2644 steleti3
253 2597 433 2647 jmsturam
460 2605 519 2635 tot
542 2595 728 2643 militum,
758 2592 949 2643 Lovanii,
978 2592 1205 2633 Tarraconae
1227 2624 1239 2643 ,
1271 2593 1483 2645 Perpiniani
1501 2622 1512 2640 ‚
1544 2589 1678 2639 Saliis,
1695 2589 1883 2628 Valentiae

73 2659 121 2698 ad
136 2657 299 2711 padum,
331 2656 488 2696 Imbreae
505 2686 516 2704 ‚
548 2654 584 2694 &
603 2654 752 2701 Rocae3
783 2654 1117 2705 recuperationem
1157 2654 1280 2701 Ariae,
1314 2653 1352 2693 δε
1373 2650 1512 2693 ssaffeae
1531 2679 1544 2698 ,
1574 2651 1667 2701 qui,
1698 2651 1849 2700 inquam
1868 2679 1880 2698 ,

73 2717 141 2760 ista
156 2718 281 2758 omnia
301 2716 510 2756 accuratius
528 2714 769 2767 perpendere
798 2715 990 2763 voluerit,
1011 2713 1159 2752 videbit
1174 2712 1281 2763 quod
1303 2713 1382 2763 ejus
1403 2711 1557 2751 consilia
1577 2722 1657 2750 non
1675 2709 1743 2749 nisi
1757 2709 1883 2748 abim-

71 2789 169 2832 petu
194 2775 395 2829 profesta,
426 2777 628 2825 omnisque
649 2774 727 2825 ejus
747 2773 850 2826 apud
876 2773 1024 2826 Regem
1045 2774 1162 2825 gratia
1181 2772 1247 2812 soli
1270 2774 1464 2811 violentiae
1483 2771 1608 2809 innixa
1624 2769 1758 2809 fuerit:
1774 2766 1883 2819 quod

11 2865 15 2876 i
71 2840 112 2880 in
137 2848 239 2878 tanta
259 2836 338 2886 ejus
359 2835 561 2885 tyrannide
587 2835 621 2872 ei
638 2833 711 2874 sica
726 2835 943 2886 pepercerit
958 2862 970 2880 ‚
996 2830 1084 2871 alias
1111 2833 1151 2870 in
1175 2832 1289 2884 ipsam
1309 2833 1424 2871 etiam
1458 2828 1701 2881 Majestatem
1727 2828 1881 2877 audax,

11 2880 15 2919 ξ
73 2898 181 2951 qubd
209 2897 375 2947 denique
398 2895 602 2935 temeritati
622 2893 691 2933 suae
707 2893 901 2934 fortunam
928 2902 1005 2932 tarn
1027 2894 1066 2932 in
1085 2892 1263 2931 omnibus
1291 2891 1466 2930 habuerit
1487 2890 1692 2942 propitiam
1708 2918 1721 2938 ,
1753 2898 1794 2928 ut
1818 2888 1882 2927 ad-

72 2958 192 2999 versis
210 2957 432 2997 successibus
453 2956 514 2994 ille
528 2955 635 3007 plura
650 2955 811 2994 lucratus
827 2953 943 2994 fuerit
960 2984 973 3003 ‚
1002 2964 1075 2992 nos
1089 2951 1186 2992 vero
1205 2951 1491 2992 fecundioribus
1510 2950 1617 3003 plura
1644 2950 1679 2989 in
1698 2948 1778 2988 dies
1794 2960 1880 2998 per-

13 3019 15 3062 ἑ
72 3018 292 3058 diderim'us.
354 3015 475 3069 Quod
495 3012 734 3055 manifestum
756 3014 935 3055 indicium
957 3012 1037 3063 est,
1067 3012 1200 3052 Deum
1224 3011 1410 3063 ejusmodi
1431 3011 1569 3063 privati
1588 3009 1881 3063 prosperitatem

13 3068 16 3128 i
73 3077 213 3118 fovere
261 3076 310 3116 ad
343 3074 629 3116 Christianitatis
664 3077 910 3124 exercitium,
940 3075 977 3115 &
995 3072 1276 3127 castigationem
1298 3102 1311 3121 ,
1339 3071 1584 3123 nostramque
1610 3066 1878 3111 fortitudinem

77 3136 369 3179 confundendo.
428 3135 670 3177 Monarchiis
694 3135 742 3176 ad
768 3138 925 3178 exitium
951 3135 989 3177 &
1005 3136 1151 3175 ruinam
1171 3132 1361 3174 destinatis
1383 3132 1476 3174 illud
1487 3129 1597 3171 obest
1612 3131 1746 3175 etiam,
1770 3126 1878 3178 quod

15 3189 16 3240 ξ
1013 3195 1054 3235 Η
1069 3196 1093 3235 h
1103 3195 1129 3235 h
1719 3186 1876 3228 easdem

16 3270 17 3289 2
79 3270 1622 3292 ..m—„W

175 3315 234 3363 (a)
256 3315 373 3355 Tacit.
387 3315 449 3355 lib.
476 3327 533 3366 14.
558 3313 690 3355 Annal-
