2132 3730
494 217 533 256 s
552 211 724 262 ‚rm-B
744 218 792 259 vo
817 216 865 258 L=
884 218 959 260 A.
984 217 1023 258 P
1053 220 1088 258 ο
1117 216 1157 259 L
1179 219 1214 259 Ἰ
1241 217 1325 261 Tr·
1348 218 1460 260 crA.
1817 236 1876 279 79

82 281 108 296 2.
187 294 196 296 ,
372 292 375 294 .
1366 280 1878 296 W

67 292 182 343 fritiae
210 303 334 349 annis,
363 299 472 340 simul
490 312 534 338 ac
550 301 704 340 rationis
725 300 810 339 usus
826 301 956 352 aliquis
973 302 1010 341 in
1030 313 1079 341 eo
1104 302 1328 350 emicuerit,
1342 303 1505 354 negotiis
1525 300 1725 341 tractandis
1744 301 1876 345 sensim

78 362 283 409 assuescat,
312 360 427 399 etiam
443 369 531 402 ante
547 357 832 412 praedecessoris
851 359 1021 410 obitum,
1050 362 1104 399 uti
1115 360 1224 400 Deus
1244 359 1338 399 fecit
1356 372 1442 401 cum
1453 360 1586 412 Josue,
1615 361 1654 401 &
1671 361 1699 402 fi
1720 360 1824 401 forte
1838 364 1877 403 in

83 419 148 471 iis,
178 427 260 472 quae
280 421 406 472 gratiae
427 420 537 468 sunt,
564 417 770 460 istudssfieri
787 421 911 460 minus
937 420 1142 473 expediat,
1173 420 1225 458 ob
1254 421 1423 459 rationes
1447 420 1543 459 infra
1567 422 1606 462 in
1634 420 1877 461 Emblemate

73 480 296 535 penultimo
319 477 341 518 ὲ
359 490 422 518 me
446 478 801 521 commemorandas
815 509 826 528 ,
849 481 887 519 in
907 482 984 520 aliis
1013 491 1139 519 tamen
1157 477 1225 528 fit,
1255 487 1299 518 ut
1329 480 1465 518 oculos
1488 481 1592 530 prius
1617 480 1665 520 ad
1691 481 1877 534 guberna-

85 543 251 588 tionem,
283 537 397 590 quam
414 538 463 577 ad.
477 540 570 579 vitia
586 540 750 590 aperiat3
780 550 864 590 quae
883 540 1004 580 caussa
1032 538 1225 591 quondam
1242 536 1317 577 fuit
1343 538 1499 577 Senatui
1531 539 1732 589 Romano,
1747 552 1815 580 cur
1840 541 1879 582 &

77 598 321 653 juventutem
345 598 686 639 consultationibus
712 598 782 637 suis
815 598 988 639 interesse
1015 596 1175 638 vellent.
1232 596 1359 648 Hujus
1384 598 1557 637 exercitii
1583 599 1795 649 beneficio,
1824 609 1879 640 ta-

67 658 190 700 metsi
224 659 333 697 multi
359 657 588 701 Pontificum
609 666 783 710 nepotes
799 658 1005 698 admodum
1025 658 1187 709 juvenes
1217 656 1265 696 ad
1297 655 1613 710 gubernationem
1639 657 1880 701 Pontificiam

65 719 385 767 :admoveantur'
414 719 511 757 intra
537 727 827 770 paucos'tamen
847 730 966 757 annos
988 718 1194 769 plurimum
1226 716 1294 756 usu
1321 715 1541 768 proficiunt.
1605 718 1779 757 Alterum
1803 719 1878 769 est,

67 785 123 824 ‚ut
141 779 206 829 qui
222 779 321 816 circa
341 778 555 830 Principem
578 777 662 818 sunt
679 779 806 818 inanes
823 777 1002 828 quasdam
1020 776 1279 828 persuasiones
1297 777 1335 815 ei
1357 787 1406 815 ex
1422 777 1549 815 animo
1571 777 1758 825 eximant,
1774 790 1880 818 eume

17 855 19 891 j
67 848 156 890 =que
189 837 241 877 fic
263 835 467 885 instruant,
497 846 540 890 ut
563 836 673 886 fciat,
704 848 948 876 communem
977 838 1148 876 omnium
1174 835 1463 876 consensionem
1489 833 1583 884 effe,
1619 848 1704 886 quae
1726 848 1880 880 coronae

17 929 19 942 ,
67 896 363 944 auctoritatem,
393 896 431 936 &
459 895 689 948 potestatem
706 896 861 948 sceptro
879 897 1046 947 tribuat,
1076 893 1228 935 Natura
1244 897 1347 936 enim
1371 896 1600 948 Regesnon
1627 895 1733 935 fecit.
1793 894 1884 935 No-·

17 962 19 969 ¹
75 958 124 997 rit
145 958 259 1005 item,
279 967 488 1008 purpuram
511 957 855 1007 regiamsanguinis
888 954 963 995 ess'e
985 955 1236 1005 Symbolum,
1265 967 1380 1007 quem
1410 967 1484 1006 pro
1516 957 1652 1007 populi
1687 953 1824 1005 salute,
1852 956 1883 997 fi

17 1052 19 1054 ,
61 1028 177 1068 ,opus
197 1013 327 1065 foret,
349 1015 524 1056 *fundere
536 1013 615 1071 (a)
637 1024 859 1067 oporteret;
888 1028 969 1055 non
991 1014 1081 1055 ideb
1099 1014 1335 1064 concessam,
1365 1026 1475 1055 utea
1490 1014 1670 1054 scel-erum
1688 1017 1799 1055 tineis
1810 1028 1881 1055 nu-

73 1078 297 1118 trimentum
324 1077 505 1128 praebeat.
567 1075 957 1126 Doceant‚inquam,
979 1076 1218 1127 Principem,
1244 1078 1407 1127 generari
1424 1073 1475 1118 &⁹
1495 1071 1625 1123 msci'iz
1644 1071 1881 1127 Principibus,

66 1134 260 1188 :fin-fuitum
288 1134 380 1175 esse:
412 1136 527 1175 solam
556 1134 631 1188 (la)
658 1137 826 1173 virtutem
850 1136 1030 1186 proprium
1052 1133 1200 1176 ‚hominis
1235 1135 1364 1174 bonum.
1427 1131 1639 1173 Rectorem
1664 1146 1752 1174 eum
1786 1134 1882 1183 effe,

72 1207 153 1235 non
173 1195 451 1235 dominatorem
481 1194 650 1233 subditos
681 1194 807 1242 cives,
839 1206 919 1233 non
949 1195 1150 1247 mancipia.
1215 1194 1337 1248 Quod
1377 1192 1655 1234 documentum
1696 1193 1882 1234 Claudius

74 1253 144 1309 (c)
175 1255 386 1305 Imperator
400 1254 598 1293 ‘Persarum
618 1254 714 1306 Regi
733 1253 954 1293 Meherdati
973 1253 1091 1312 dedit.
1152 1253 1407 1294 Persuadeant
1421 1252 1608 1305 Principi,
1630 1253 1681 1293 sic
1699 1255 1749 1293 illi
1769 1265 1882 1305 agen<

65 1314 168 1353 -dum
193 1325 280 1353 cum
297 1315 361 1361 iis,
399 1313 536 1364 quibus
562 1313 744 1363 imperat,
776 1324 820 1351 ac
849 1312 929 1364 ipse
947 1313 1072 1353 secum
1091 1316 1148 1366 agi
1172 1324 1356 1365 cuperet,
1387 1313 1416 1353 fi
1434 1313 1603 1352 subditus
1631 1313 1760 1365 foret3
1785 1325 1883 1366 quoa-

15 1373 18 1401 ἓ
65 1373 194 1420 ἑτιῑοείο
227 1372 352 1412 Galba
382 1371 463 1425 (d)
488 1372 660 1411 Pisonem
686 1370 876 1420 instruxit,
908 1372 996 1412 cum
1024 1373 1147 1425 ipsum
1180 1373 1383 1424 adoptaret
1407 1373 1446 1411 in
1473 1371 1606 1411 fillum.
1667 1372 1803 1412 Nemo
1841 1375 1882 1413 in

15 1442 18 1462 i
65 1432 292 1484 ,Principem
317 1431 461 1472 electus
490 1431 582 1478 fuit,
612 1440 654 1470 ut
687 1441 803 1484 caput
827 1429 987 1471 aliorum
1020 1431 1113 1472 ess'et
1138 1433 1346 1481 duntaxat,
1377 1430 1443 1471 sed
1467 1441 1511 1470 ut
1534 1443 1608 1484 pro
1637 1434 1702 1471 tali
1729 1434 1882 1485 agnitus

15 1488 18 1491 ’
75 1491 490 1532 omniumcommodis
519 1491 730 1531 inserviret.
791 1491 1038 1543 Perpendens
1078 1492 1172 1532 illud
1200 1505 1288 1532 cum
1317 1494 1444 1532 animo
1463 1492 1530 1530 suo
1553 1493 1643 1531 Rex
1661 1493 1882 1544 Antigonus

15 1587 17 1590 Α
65 1550 191 1593 filium
211 1552 316 1592 suum
340 1553 514 1599 monuit;
544 1551 837 1592 neabuteretur
852 1551 1065 1603 potestate,
1095 1565 1198 1593 neve
1218 1548 1295 1592 sese
1317 1553 1476 1591 nimium
1500 1550 1675 1601 efferret,
1705 1563 1771 1592 aut
1797 1553 1882 1592 sub-

15 1617 17 1622 ’
75 1610 175 1650 ditos
196 1611 372 1651 tractaret
394 1610 512 1660 male,
545 1612 597 1651 fic
617 1623 705 1651 eum
737 1609 892 1651 affatus:
921 1612 987 1652 An
1009 1614 1169 1664 ignoras,
1197 1610 1256 1664 fili
1280 1614 1346 1661 mi,
1378 1609 1529 1663 vistrum
1556 1611 1713 1663 Regnum
1745 1611 1884 1651 nobilem

66 1667 347 1724 ,effistrvitutem
365 1673 384 1711 ἓ)
410 1670 564 1711 Eodem
582 1673 771 1722 pertinet,
800 1670 907 1721 quod
932 1673 1069 1710 mulier
1095 1672 1156 1710 illa
1184 1670 1398 1720 Rudolpho
1435 1670 1660 1720 Imperatori
1685 1673 1881 1711 excusanti

67 1730 154 1770 »sese
173 1730 397 1782 aliquando,
427 1730 533 1781 quod
558 1741 661 1769 nunc
690 1740 798 1768 aures
818 1731 854 1768 ei
875 1739 1016 1768 vacuas
1045 1728 1134 1768 dare
1153 1742 1233 1768 non
1266 1728 1411 1781 posset„
1438 1728 1644 1779 respondit.
1703 1729 1804 1787 Qgciqz
1824 1743 1881 1770 er-

70 1801 135 1842 go,
159 1791 354 1843 inquiens,
382 1791 553 1842 imperare
576 1787 726 1840 definis?
756 1787 907 1828 Subditi
922 1801 1002 1828 non
1019 1798 1180 1840 propter
1201 1790 1347 1840 Regem
1369 1789 1447 1827 nati
1479 1788 1577 1836 sunt,
1594 1789 1656 1827 sed
1679 1789 1768 1829 Rex
1796 1790 1885 1829 sub-i

15 1859 17 1864 ⁴
74 1849 242 1889 ditorum
270 1852 398 1903 gratia.
456 1848 585 1888 Nimis
615 1849 733 1885 etiam
756 1847 801 1884 iis
840 1848 1021 1885 acerbum
1047 1846 1175 1894 foret,
1207 1858 1364 1886 omnem
1400 1846 1503 1884 suam
1529 1848 1627 1899 Regi
1661 1850 1877 1889 libertatem

71 1908 307 1957 vendidisse,
335 1908 405 1947 nisi
433 1906 586 1946 viciffim
620 1905 669 1943 de
697 1904 851 1944 eodem?
864 1904 1042 1955 justitiam
1066 1905 1104 1945 ὅτ.
1121 1907 1280 1944 tutelam
1308 1905 1375 1944 fibi
1393 1905 1567 1956 polliceri
1583 1905 1761 1958 pollent;
1791 1920 1878 1961 quae

66 1966 194 2006 caussa
220 1969 264 2006 iis
282 1966 376 2016 fuit,
406 1977 474 2005 cur
493 1965 654 2016 imperio
677 1964 756 2014 ejus
782 1964 857 2004 sese
873 1964 973 2004 ultrb
1001 1964 1239 2015 subjicerent.
1299 1963 1465 2015 Propriis
1495 1965 1566 2003 suis
1596 1968 1770 2007 coronati
1796 1970 1877 2017 cly-

71 2027 155 2078 peis
171 2027 210 2066 in
230 2027 360 2066 circuli
387 2024 551 2065 formam
576 2024 777 2063 elaboratis
800 2024 967 2064 Romani
986 2025 1291 2076 triumphabant,
1320 2023 1423 2064 unde
1443 2024 1661 2065 introducta
1687 2027 1880 2067 diadema-

69 2095 110 2124 ta
131 2085 375 2134 Sanctorum,
399 2087 472 2137 qui
488 2093 622 2125 contra
645 2095 895 2129 communem
916 2085 1069 2124 humani
1091 2087 1239 2137 generis
1267 2086 1416 2124 hostem
1440 2085 1572 2136 insigni
1598 2085 1761 2130 victoria
1791 2086 1878 2141 (e)

68 2147 186 2197 potiti
218 2144 347 2185 essent.
406 2144 505 2185 Non
536 2153 704 2184 meretur
742 2155 924 2184 coronam
955 2145 1157 2197 Princeps,
1187 2144 1255 2185 nisi
1281 2146 1422 2196 pariter
1447 2144 1685 2186 subditorum
1710 2147 1771 2186 illa
1798 2148 1878 2197 elya

68 2217 169 2257 -peus
193 2205 259 2255 sit,
291 2207 355 2258 qui
382 2204 561 2245 Fortunae
592 2198 777 2243 saevientis
799 2205 965 2257 impetus
993 2207 1171 2258 excipiati
1233 2205 1410 2256 Regnare
1440 2205 1606 2245 officium
1639 2205 1693 2246 est
1714 2208 1877 2258 potiUS,

72 2265 185 2315 quam
204 2265 383 2318 dignitas,
414 2265 619 2316 imperium
640 2263 835 2314 quoddam
872 2262 953 2322 (f)
983 2275 1186 2318 paternum
1207 2266 1252 2305 in
1287 2264 1404 2304 filios:
1438 2264 1545 2316 quod
1572 2265 1601 2305 fi
1620 2266 1760 2306 subditi
1786 2266 1877 2306 affe-

74 2322 180 2364 &um
201 2327 303 2366 illum
320 2335 520 2378 paternum
544 2323 881 2365 &sollicitudinem
896 2338 975 2365 non
1004 2326 1248 2378 experiantur
1275 2326 1314 2365 in
1341 2324 1517 2376 Principe
1531 2354 1544 2373 ,
1573 2338 1648 2365 nec
1671 2338 1841 2366 amorem
1861 2354 1874 2376 ,-

14 2398 16 2404 ’
74 2392 148 2422 nec
178 2385 435 2426 obedientiam
466 2384 616 2424 filialem
660 2385 695 2423 ei
733 2383 935 2429 deferent:
971 2386 1059 2426 Rex
1106 2384 1363 2426 Ferdinandus
1394 2396 1656 2437 cognomento
1694 2385 1876 2437 Sanctus,

74 2443 275 2494 imperium
303 2454 383 2485 non
403 2445 508 2485 aliter
527 2452 641 2494 atque
658 2445 824 2484 officium
843 2446 998 2494 habuit,
1022 2445 1128 2498 qubd
1154 2446 1323 2499 positum
1352 2443 1444 2484 esset
1470 2446 1507 2484 in
1526 2445 1684 2485 subditis
1707 2445 1876 2497 tuendis,

73 2503 113 2541 in
137 2502 423 2545 administranda
442 2500 608 2556 justitia,
633 2505 672 2543 in
689 2505 788 2544 vitiis
806 2504 1051 2558 castigandis,
1082 2507 1120 2546 &
1143 2504 1429 2546 remunerandis
1453 2505 1682 2554 virtutibus,
1711 2507 1750 2545 in
1782 2518 1874 2557 pro-

77 2562 247 2602 curando
265 2563 430 2616 denique
458 2565 561 2615 regni
576 2562 628 2602 sui
657 2565 916 2609 incrementot
945 2567 996 2606 ita
1024 2575 1067 2605 ut
1097 2579 1169 2619 pro
1199 2566 1332 2616 maJ'ori
1365 2564 1444 2615 ejus
1470 2565 1579 2604 bono
1603 2565 1695 2604 nulli
1716 2576 1877 2616 parcen-

76 2621 173 2661 ·dum
195 2623 316 2662 labori
336 2623 584 2669 existimaret3
614 2635 686 2663 nec
705 2626 811 2664 aliter
828 2626 948 2678 reipsa
969 2625 1073 2667 fecit.
1137 2625 1332 2677 Principes
1348 2625 1538 2664 montium
1557 2623 1772 2665 consimiles
1788 2624 1873 2665 sunt

73 2680 158 2735 <ut
186 2682 272 2721 alibi
289 2682 459 2723 -dicimus
471 2682 502 2737 ι)
530 2694 609 2722 non
635 2690 710 2724 tam
742 2685 862 2737 quod
895 2687 988 2726 coeli
1022 2684 1222 2726 favoribus
1249 2684 1453 2736 propiores
1476 2683 1546 2723 sint
1570 2715 1583 2734 .,
1602 2696 1728 2735 quam
1767 2685 1876 2736 quod

73 2752 211 2781 omnes
234 2750 452 2796 temporum
475 2742 623 2794 injurias
638 2743 706 2797 ipfi
729 2746 922 2799 excipiant
938 2759 951 2784 .·
978 2746 1100 2786 veluti
1125 2744 1341 2798 depositarii
1364 2742 1518 2796 quidam
1539 2745 1684 2797 pruinae
1711 2744 1748 2784 δε
1776 2745 1875 2784 nivi·-

915 2804 956 2845 V
986 2819 1014 2847 2
1812 2817 1878 2845 um

173 2913 229 2957 (a)
260 2911 583 2963 Constclarcsfaces,
598 2923 824 2964 praetextmn,
840 2913 1190 2967 curulemquefi’llam
1207 2905 1304 2950 nihil
1322 2913 1440 2956 aliud,
1465 2928 1572 2968 quam
1587 2924 1749 2967 pompam
1766 2914 1877 2966 fune*

79 2962 131 2997 ris
143 2971 287 3015 putem,
316 2965 423 3002 claris
439 2962 626 3018 instgnibus
643 2965 744 3003 velut
774 2967 901 3015 infulis
922 2967 1061 3005 velatos
1081 2966 1134 3004 ad
1161 2977 1307 3005 mortem
1329 2966 1510 3017 destinari.
1537 2967 1618 3005 Liv.
1648 2969 1710 3004 lib.
1730 2982 1764 3004 2.
1783 2966 1874 3003 Hist.

76 3013 138 3060 (b)
161 3016 246 3053 Tac.
264 3016 325 3054 lib.
355 3009 492 3061 1,⁴Hist.
517 3018 616 3067 idem
630 3017 690 3054 lib.
717 3032 746 3056 1.
766 3033 800 3068 4³
825 3017 916 3058 Hist.
968 3021 1031 3070 (c)
1062 3024 1108 3056 Ut
1137 3032 1204 3055 non
1225 3018 1495 3062 dominatorem,
1525 3018 1570 3063 ά·
1581 3018 1720 3066 st’rvos.
1736 3017 1802 3063 ſsd
1821 3024 1874 3053 re«

78 3066 204 3103 c'rorem
223 3066 269 3111 ἄν
282 3072 378 3108 cives
397 3072 580 3123 cogitaret.
608 3069 706 3106 Idem
729 3071 791 3110 lib.
816 3084 872 3110 12.
895 3073 1024 3111 Annala
1077 3073 1144 3120 (d)
1173 3073 1350 3124 Cogitarc,
1374 3072 1462 3124 quid
1487 3082 1555 3109 aut
1566 3067 1787 3115 noluerissicb
1803 3068 1875 3109 alio

77 3119 247 3172 Principffi
272 3129 339 3159 aut
366 3125 531 3161 volueris.
559 3124 657 3160 idem
677 3122 736 3160 lib.
766 3129 797 3162 1⁴⁶
821 3120 910 3165 Hist.
964 3129 1022 3175 (e)
1050 3125 1212 3169 Domine,
1229 3133 1271 3160 ut
1279 3124 1379 3171 stato
1392 3123 1478 3162 bonae
1492 3124 1695 3162 voltmtatis
1707 3131 1772 3158 tuse
1788 3131 1872 3158 coro·

78 3167 172 3229 nast{
187 3183 255 3211 nosa
281 3176 367 3213 Psal.
393 3189 424 3222 5.
447 3189 504 3223 13.
546 3180 572 3224 ·(
579 3176 599 3211 f
601 3179 617 3221 >
652 3180 698 3211 Ut
713 3177 806 3213 enim
815 3175 1026 3230 gubernatio
1043 3179 1164 3231 patris
1175 3174 1351 3229 familias
1369 3174 1538 3230 cstsegia
1554 3173 1706 3227 quaedasn
1722 3171 1871 3227 potestas

79 3219 194 3259 domt':
216 3226 274 3262 ita
290 3230 390 3280 regia
398 3226 547 3281 potestas
566 3227 612 3280 est
626 3230 794 3267 civitatis
809 3229 978 3283 &gentis
989 3233 1108 3269 unius,
1132 3240 1199 3266 aut
1212 3229 1371 3282 plurium
1393 3230 1494 3282 quasi
1515 3224 1702 3278 domestica
1713 3225 1873 3284 551aede

72 3270 299 3325 gubernatio.
326 3281 428 3322 Arist,
454 3281 512 3318 lib.
536 3296 566 3329 3.
586 3284 663 3321 Pol.
689 3294 719 3323 e.
743 3294 797 3318 11,
