2132 3730
5 1212 11 1272 —wf2
3 848 13 1204 2——4-——ss———÷
6 552 10 839 ———v-——‹
5 522 9 544 ⁴—
6 493 8 515 -<
6 482 8 486 -

482 272 1459 319 SYMBOLAPOLITICA.
1794 278 1883 330 393

74 363 305 402 merciorum
326 358 630 400 exercendorum
651 361 761 400 causa
784 358 904 406 fiunt;
933 363 1045 412 quale
1070 360 1142 400 fuit
1156 359 1247 398 illud
1265 359 1377 401 Isaaci
1403 370 1492 400 cum
1519 354 1592 415 (a)
1619 355 1877 411 Abimelecho

76 421 116 462 ὅτ,
137 418 245 474 quod
264 417 474 460 etiamnum
501 419 608 472 viget
624 418 844 470 Hispaniam
861 423 961 460 inter
977 420 1016 460 δι
1034 420 1227 472 Angliam-

248 475 286 530 §.
316 479 417 520 Inito
436 478 551 518 semel
578 490 667 518 cum
682 477 883 520 Haereticis
905 479 1051 520 foedere
1066 510 1080 530 ‚
1108 480 1236 518 aliove
1255 475 1394 531 pacto,
1423 473 1530 529 quod
1558 486 1632 516 nec
1657 474 1878 531 Religioni,

74 548 150 579 nec
169 537 284 579 bonis
316 538 488 579 moribus
510 536 750 589 adversetur,
779 539 818 580 &
841 539 1080 591 jurisjurandi
1103 539 1256 590 insuper
1285 535 1481 578 sanctitate
1504 534 1680 585 firmato,
1711 536 1874 576 omnino

74 597 259 639 servanda
274 597 330 638 est
349 597 445 638 fides
464 596 644 650 publica3
674 611 743 650 per
765 599 952 651 ejusmodi
970 601 1071 640 enirn
1087 598 1372 652 Sacramentum
1399 595 1509 636 Deus
1522 595 1601 646 ipse
1615 597 1653 635 in
1670 594 1875 646 pactorum

72 655 208 698 testem
228 667 411 706 vocatur,
441 657 479 698 &
500 656 622 698 veluti
640 659 795 711 sponsor
812 660 976 712 promisti
995 650 1562 712 adimplendiutriusquepartis
1579 653 1760 695 consensu
1779 667 1874 695 con·

73 715 237 759 stituitur
254 717 292 756 &
312 718 474 768 arbiter,
504 727 549 758 ut
571 715 726 771 castiget
746 719 887 760 deinde
908 731 997 760 eum
1023 731 1097 771 pro
1125 719 1283 766 merito,
1313 718 1379 769 qui
1411 716 1536 756 datam
1559 713 1676 755 fidem
1702 714 1881 754 violave-

71 778 141 825 rit,·
168 776 208 817 &
227 775 314 818 sane
342 789 460 829 grave
474 776 591 825 effer,
618 788 707 819 eum
725 779 914 819 mendacii
934 777 1072 819 testem
1100 776 1242 818 facere.
1300 775 1394 817 Nec
1423 776 1498 815 ulla
1523 774 1592 814 alia
1611 773 1713 826 apud
1739 784 1877 814 omnes

70 843 205 889 gentes
223 835 260 876 &
275 835 467 878 Nationes
484 847 768 879 conventorum
791 838 1073 891 pactorumque
1092 836 1147 878 est
1167 837 1345 878 securitas
1359 866 1373 886 ‚
1402 833 1516 887 quam
1538 831 1773 885 jurisjurandi
1791 832 1878 873 reli-

70 896 158 949 gio,
187 907 262 947 qua
288 896 317 938 fi
345 896 394 937 ad
421 896 632 937 fallendum
675 899 951 948 abuterentur,
987 908 1143 939 ruerent
1171 899 1300 937 omnia
1329 896 1433 936 orbis
1458 893 1717 939 commercia,
1747 903 1878 944 neque

72 956 159 995 ullae
174 967 342 1007 unquam
367 955 484 998 firmae
501 956 680 1006 induciae‚
710 968 776 997 aut
805 970 882 1011 pax
902 959 1083 1001 concludi
1112 955 1276 1009 possent.
1335 954 1508 1002 Verum,
1537 953 1607 994 etsi
1634 953 1736 993 nulla
1763 953 1878 993 inter-

71 1013 176 1055 cedit
191 1013 424 1057 Sacramenti
440 1019 592 1070 religio,
622 1016 821 1069 pactiones
842 1029 969 1058 tamen
985 1018 1171 1069 compleri
1188 1017 1356 1064 debent3
1385 1015 1527 1055 etenim
1555 1024 1605 1053 ex
1638 1013 1715 1065 ipsa
1739 1013 1879 1052 verita-

71 1083 133 1122 te,
162 1072 368 1125 fidelitate,
399 1076 436 1116 &
454 1076 592 1129 justitia
616 1078 735 1117 oritur
753 1079 790 1117 in
816 1078 885 1118 illis
912 1079 1096 1131 obligatio
1118 1075 1291 1128 quaedam
1305 1084 1458 1123 mutua,
1474 1073 1512 1113 &
1528 1073 1744 1113 communis
1754 1072 1878 1111 omni·-

69 1133 143 1174 bus
165 1133 385 1188 Gentibus;
415 1135 452 1176 &
470 1136 566 1176 sicut
595 1138 738 1177 nemini
761 1136 966 1178 Catholico
992 1138 1137 1177 licitum
1173 1135 1229 1177 est
1252 1135 1457 1183 occidere,
1487 1143 1553 1172 aut
1581 1130 1699 1173 odisse
1715 1130 1880 1171 Haereti-

70 1205 189 1243 cum,
217 1195 269 1235 ita
284 1206 412 1247 neque
436 1195 588 1244 fallere,
618 1208 682 1236 aut
699 1196 825 1237 datam
854 1199 890 1238 ei
913 1197 1030 1238 fidem
1047 1196 1234 1249 frangere.
1293 1195 1443 1236 Idcirco
1478 1190 1590 1245 J0sue
1620 1191 1691 1245 (b)
1723 1190 1880 1230 Gabao-

5 1273 11 1308 ς-
71 1255 160 1294 nitis
200 1251 316 1295 fidem
349 1255 537 1303 servavit3
568 1255 675 1307 quod
702 1256 796 1296 Deo
826 1256 1031 1310 tantopere
1063 1257 1236 1309 placuit,
1264 1265 1310 1295 ut
1337 1253 1509 1294 victoriae
1543 1251 1721 1291 adversus
1749 1249 1881 1290 hostes

5 1337 7 1369 5
72 1313 334 1356 concedendae
352 1315 459 1355 causa
478 1316 601 1367 ipsum
621 1317 736 1356 etiam
752 1316 956 1357 coelestium
988 1317 1141 1357 orbium
1172 1316 1397 1356 naturalium
1427 1312 1602 1354 ordinem
1627 1310 1880 1351 interturbare

5 1389 11 1413 ι,
72 1374 262 1423 voluerit,
294 1374 516 1414 obediendo
544 1376 637 1414 voci
658 1373 803 1425 Josuae,
834 1375 872 1414 δι
903 1375 1082 1426 systendo
1113 1374 1244 1415 Solem
1277 1376 1316 1414 in
1342 1375 1426 1414 coeli
1460 1372 1616 1420 medio,
1644 1379 1687 1410 ut
1712 1367 1879 1410 hostium

70 1431 215 1471 caedem
238 1434 347 1473 tanto
367 1434 502 1473 melius
520 1431 645 1483 posset
661 1433 862 1484 prosequi,
894 1434 931 1473 &
955 1434 1058 1486 pacti
1080 1434 1354 1484 obligationem
1377 1430 1443 1487 (c)
1478 1431 1706 1481 adimplere,
1737 1427 1775 1468 &
1793 1430 1882 1479 quia

5 1492 11 1515 2‘
69 1494 253 1532 trecentis
280 1493 385 1550 annis
407 1490 496 1545 post
517 1491 606 1532 Saul
627 1490 754 1533 foedus
780 1492 880 1533 istud
913 1495 1099 1543 violavit,
1125 1492 1282 1546 punivit
1305 1491 1422 1534 Deus
1454 1488 1652 1531 Davidem
1670 1487 1747 1543 (d)
1776 1485 1880 1529 fame

4 1557 11 1593 ζ
73 1551 259 1593 triennali.
1078 1572 1081 1573 ν

513 1723 1162 1791 SYMBOLUM
1214 1720 1441 1791 XCIV.

223 1871 367 1915 Uando
395 1868 461 1912 Sol
486 1874 524 1913 in
543 1873 642 1913 linea
660 1869 933 1923 AEquinostiali
955 1870 1184 1912 constitutus
1201 1882 1365 1912 examen
1393 1868 1448 1908 est
1474 1870 1637 1909 lancium
1672 1868 1797 1919 librae,
1825 1869 1882 1910 lu·

251 1945 336 1974 cem
353 1932 454 1972 suam
473 1943 622 1984 quaqua
645 1933 794 1972 versum
814 1932 951 1984 spargit
967 1931 1072 1972 tanta
1101 1944 1191 1972 cum
1212 1930 1361 1983 justitiae
1391 1930 1592 1980 aequitate‚
1623 1939 1668 1969 ut
1700 1929 1781 1969 dies
1810 1941 1883 1969 no·

251 1993 408 2044 &esque
432 1993 595 2043 aequales
610 1991 745 2039 faciat;
777 2003 855 2031 non
872 1992 1018 2043 absque
1036 1993 1141 2032 omni
1163 2000 1290 2031 tamen
1311 1987 1487 2041 respectu
1504 1988 1553 2028 ad
1577 2000 1695 2030 zonas
1722 1989 1884 2029 vicinio·

72 2067 155 2104 res,
184 2054 331 2106 suoque
349 2053 513 2104 imperio
530 2054 647 2103 magis
670 2049 875 2103 subjectas,
904 2051 1042 2103 quibus
1059 2051 1243 2103 majorem
1272 2052 1354 2090 vim
1377 2049 1471 2090 lucis
1498 2049 1689 2100 impertit,
1720 2049 1764 2087 iis
1782 2059 1879 2099 prae-

71 2116 199 2156 sertim
219 2113 433 2154 climatibus
450 2111 489 2152 ὅτ.
509 2110 718 2164 parallelis,
748 2112 813 2162 qui
830 2111 878 2150 ab
902 2121 952 2150 eo
978 2111 1109 2151 absunt
1124 2112 1306 2164 propius;
1338 2107 1376 2149 δι
1395 2108 1423 2148 si
1445 2119 1528 2159 quae
1554 2105 1657 2148 forte
1672 2106 1878 2147 Provincia

71 2175 207 2215 caloris
227 2172 492 2224 intemperiem
506 2171 725 2222 experiatur
748 2169 816 2209 sub
839 2181 938 2209 zona
966 2169 1129 2218 torrida,
1158 2170 1238 2221 ipse
1262 2169 1344 2220 eJ‘us
1368 2168 1458 2209 situs
1491 2168 1531 2207 in
1552 2167 1664 2206 causa
1692 2165 1767 2215 est,
1796 2179 1879 2207 non

70 2233 164 2275 radii
183 2233 341 2274 solares:
369 2231 515 2283 quippe
536 2230 574 2270 in
592 2229 732 2269 eodem
749 2238 928 2281 tempore
964 2230 1042 2268 aliis
1064 2229 1234 2281 ejusdem
1261 2241 1371 2270 zonae
1403 2227 1576 2280 partibus
1599 2226 1879 2276 benignissimos

72 2294 148 2335 sese
163 2293 360 2332 exhibent.
423 2290 545 2344 Quod
560 2291 688 2341 itaque
704 2289 772 2329 Sol
792 2291 832 2329 in
847 2290 943 2329 linea
961 2287 1235 2340 AEquinoffiali
1250 2288 1388 2336 efficit,
1416 2296 1494 2326 tam
1530 2284 1658 2326 illustri
1685 2286 1771 2325 coeli
1794 2298 1879 2338 par-

71 2363 132 2402 te,
161 2361 207 2392 ut
233 2362 315 2392 non
333 2362 450 2391 nemo
467 2348 683 2398 existimet,
711 2348 845 2388 Deum
863 2347 1066 2400 Optimum
1096 2348 1315 2389 Maximum
1341 2348 1442 2387 suain
1464 2347 1503 2385 in
1532 2357 1578 2385 ea
1603 2342 1722 2386 fixiffe
1749 2345 1879 2386 sedem

72 2410 142 2462 (si
156 2420 283 2452 tamen
298 2409 378 2461 ejus
396 2407 626 2449 immensitas
646 2409 725 2449 ullo
742 2417 849 2448 certo
879 2409 969 2448 loco
988 2407 1135 2448 definiri
1153 2407 1326 2461 potest.)
1355 2405 1461 2446 idem
1493 2405 1585 2445 illud
1605 2407 1644 2445 in
1678 2405 1775 2446 orbe
1801 2406 1880 2445 hoc

72 2470 244 2512 inferiori
261 2480 444 2521 operatur
462 2466 574 2506 Tiara
597 2466 794 2507 Pontificis
807 2497 818 2515 ,
849 2478 933 2518 quae
953 2479 1002 2507 ex
1018 2468 1194 2509 Romana
1211 2468 1308 2508 urbe
1329 2468 1438 2506 velut
1460 2463 1542 2506 fixo
1570 2463 1740 2517 quodam
1762 2465 1878 2517 aequi·

72 2527 207 2572 noetio
239 2527 379 2582 divinae
412 2528 486 2567 suae
519 2527 613 2566 lucis
642 2526 754 2566 radiis
786 2526 978 2566 universas
1014 2525 1156 2567 Mundi
1182 2527 1403 2568 Provincias
1437 2523 1641 2564 collustrat.
1704 2523 1794 2573 Sol,
1823 2528 1877 2564 in-

73 2601 211 2643 quam,
241 2586 353 2628 estin
367 2588 424 2627 his
442 2586 684 2641 inferioribus
701 2585 879 2634 orbibus,
908 2587 971 2625 cui
988 2586 1048 2626 vis
1065 2587 1161 2627 lucis
1182 2588 1324 2626 vicaria
1345 2585 1474 2624 aeterni
1496 2585 1593 2624 illius
1609 2582 1709 2624 Solis
1728 2582 1881 2635 justitiae

4 2657 9 2706 ζ
75 2649 355 2691 communicata
397 2645 498 2695 fuit,
535 2655 578 2685 ut
615 2645 786 2698 ejusdem
821 2644 1014 2686 beneficio
1051 2658 1111 2686 res
1153 2657 1288 2688 omnes
1344 2645 1454 2684 sacrae
1491 2654 1602 2683 veras
1639 2643 1720 2684 suas
1753 2644 1884 2684 nanci-

74 2710 221 2751 scantur
240 2706 409 2756 formas,
439 2708 583 2757 absque
605 2718 654 2746 eo
672 2704 780 2758 quod
800 2704 822 2744 a
840 2717 939 2745 vana
961 2706 1085 2757 aliqua
1099 2708 1328 2758 opinionum
1344 2705 1542 2756 impiarum
1557 2702 1691 2742 umbra
1711 2704 1747 2742 in
1769 2703 1881 2744 dubi·

74 2782 142 2810 um
166 2769 298 2808 vocari
316 2766 466 2820 poffint.
527 2763 647 2806 Nulla
672 2775 749 2806 tam
782 2766 883 2818 polis
907 2766 1125 2818 propinqua
1156 2765 1211 2807 est
1245 2765 1398 2817 Regio,
1426 2774 1505 2816 quo
1528 2763 1784 2815 nequicquam
1810 2763 1882 2802 ob-

4 2814 9 2885 ¹.
73 2827 257 2870 stantibus
271 2826 476 2881 frigoribus
501 2824 540 2865 &
555 2825 722 2866 tenebris
737 2826 980 2880 ignorantiae,
1009 2823 1228 2877 splendores
1246 2825 1343 2865 illius
1361 2835 1442 2864 non
1462 2824 1762 2876 penetraverint.
1790 2822 1879 2864 Tia-

852 2884 1054 2938 Ggggg
1838 2893 1881 2922 m

180 2982 246 3028 (c)
274 2978 428 3018 thimus
456 2987 570 3015 tecum
596 2974 655 3024 effi*²
682 2977 885 3019 Dominum,
911 2974 958 3019 (ῤ’
990 2975 1116 3014 idcirco
1138 2990 1198 3015 nos
1225 2976 1403 3015 diximus:
1417 2996 1419 2998 ·
1435 2976 1490 3013 Sit
1507 2977 1758 3024 juramentum
1784 2975 1882 3012 inter

73 3044 148 3073 nos,
174 3033 219 3076 ό·
239 3035 398 3070 ineamus
409 3028 542 3081 fedus,
567 3040 609 3067 ut
623 3042 689 3065 non
698 3026 822 3076 facias
838 3028 932 3066 nobis
956 3031 1142 3083 quicquam
1165 3029 1268 3067 malt}
1299 3030 1392 3067 Gen.
1426 3032 1489 3067 26.
1513 3036 1576 3070 28.
1633 3027 1695 3075 (b)
1720 3025 1883 3075 Juravi·

4 3099 8 3114 ³
76 3098 153 3123 mus
172 3086 240 3123 iais
261 3085 450 3122 innomine
469 3083 614 3119 Domini
643 3083 712 3117 Dei
735 3079 861 3126 Istud,
886 3080 932 3124 ό·
954 3081 1079 3119 idcirco
1093 3079 1333 3134 nonpofficmas
1356 3094 1410 3118 eos
1435 3082 1642 3131 contingere.
1666 3080 1738 3129 JosI
1756 3091 1795 3124 9.
1823 3092 1883 3125 19.

8 3135 10 3138 ’
76 3138 141 3185 (c)
169 3140 278 3175 Stetit
299 3138 422 3188 itaque
440 3134 497 3171 Sol
516 3136 555 3171 in
574 3133 683 3171 medio
706 3134 798 3174 caeli,
825 3132 871 3177 ό*
899 3147 965 3171 non
979 3132 1181 3186 ftstinavit
1204 3132 1393 3171 occumbere
1399 3129 1518 3187 spatio
1543 3133 1648 3168 unius
1669 3130 1752 3168 diei.
1803 3137 1884 3169 Non

2 3470 9 3730 Μν-Ῡ--ωψψ---φ--υ-
4 3398 5 3450 222⁴„
4 3334 10 3368 ,Ἰ
5 3303 7 3307 ,
5 3269 6 3273 Α
4 3207 7 3214 .

68 3187 154 3241 fuit
169 3199 293 3231 antea,
318 3202 379 3226 nec
388 3186 505 3242 postea
517 3197 598 3224 tam
611 3186 715 3237 longa
734 3186 821 3227 dies,
843 3185 1017 3224 obediente
1033 3190 1179 3224 Domino
1190 3187 1270 3224 voci
1284 3184 1446 3226 hominu,
1469 3184 1512 3228 ὠ
1528 3193 1712 3236 pugnante
1719 3191 1782 3234 pro
1794 3183 1886 3230 [fra.

76 3241 119 3280 'e'l.
146 3241 214 3289 Jos.
239 3253 296 3279 ιο.
319 3255 376 3289 ¹3·
426 3242 492 3289 (d)
519 3240 622 3276 I'oc‘Za
642 3238 690 3285 cll
712 3250 840 3293 quoque
852 3237 977 3290 fames
997 3240 1037 3277 in
1057 3237 1176 3277 diebus
1200 3238 1361 3276 Davidis
1381 3236 1497 3275 tribus
1519 3237 1623 3272 annis
1640 3237 1807 3289 jugiter:
1831 3235 1880 3279 ἀ·

76 3292 244 3339 tonsuluit
256 3293 389 3332 David
402 3292 579 3330 oraculum
601 3293 760 3333 Domini,
786 3290 951 3344 dixitque
977 3294 1171 3331 Dominus:
1195 3296 1337 3344 Propter
1352 3289 1454 3331 Saul,
1480 3287 1526 3332 ό*
1549 3287 1686 3326 domum
1704 3289 1776 3338 ejus
1793 3287 1883 3338 san-

70 3347 243 3402 guinum,
269 3347 356 3400 quia
369 3345 494 3385 occidit
512 3343 741 3383 Gabaonitas.
770 3358 806 3385 2.
821 3346 914 3396 Reg.
930 3357 995 3384 ,21-
1005 3357 1051 3383 ·1.
