2132 3730
465 173 1429 245 SYMBOLAPOLITICA.
1794 223 1875 262 177

90 286 225 326 somno
251 282 398 323 deditus
417 291 490 320 nec
514 281 632 320 hilum
656 282 703 319 ab
721 279 803 319 aliis
821 280 947 321 differt
966 283 1197 323 hominibus.
1256 284 1379 326 Etiam
1407 287 1505 326 hanc
1528 287 1644 338 ipsam
1669 288 1879 340 pastionem

18 362 24 386 ;
89 345 257 386 subditos
278 339 384 389 suos,
413 351 458 380 ac
478 338 625 387 hostes,
656 349 839 391 quantum
857 341 1003 392 potest,
1037 345 1158 383 celare
1175 342 1306 386 debet.
1362 345 1559 386 Dormiat:
1589 347 1709 388 modo
1723 350 1879 402 vigilare

17 420 24 448 z
87 417 176 447 eum
199 399 352 444 credant
373 400 446 444 alii.
503 398 572 439 Ne
593 399 662 439 fibi
679 409 826 440 tantum
847 401 895 440 de
916 402 1097 455 dignitate
1118 403 1179 442 sua
1196 402 1233 441 &
1259 409 1434 453 potentia
1468 407 1718 457 polliceatur,
1749 419 1792 449 ut
1813 422 1878 450 cu-

19 469 24 496 ὲ
85 479 137 506 rae
161 476 204 504 ac
225 457 451 502 solicitudini
470 457 620 499 claudat
637 461 787 499 oculos,
849 461 996 502 Astutia
1019 461 1074 502 est
1096 462 1330 501 dissimulatio
1353 465 1391 503 in
1422 467 1561 514 leone,
1591 470 1712 507 oculis
1737 472 1878 521 apertis

84 526 248 578 quietem
265 531 430 573 capere,
456 530 538 558 non
555 528 684 559 tamen
708 519 862 560 fallendi
880 520 1030 570 studio,
1061 521 1127 561 sed
1149 522 1392 563 diffimulandi
1407 524 1527 565 solum
1557 527 1778 580 consopitos
1798 530 1878 570 sen·

17 560 37 624 ἶ,
83 586 166 632 sus;
194 581 231 622 &
258 580 286 621 si
301 581 384 632 quis
399 577 504 619 forte
526 578 675 619 infidias
687 581 739 619 illi
755 579 899 621 struens
925 581 1185 632 deciperetur,
1217 581 1466 623 existimando
1484 586 1637 638 vigilem
1658 587 1878 641 effe,quem

81 643 332 685 dormientem
347 638 548 680 offendere
570 639 783 692 cogitabat,
815 643 892 692 ipse
913 641 980 681 sibi
1004 643 1141 680 erroris
1173 641 1279 680 causa
1305 642 1380 690 est,
1409 656 1489 683 non
1519 646 1605 692 leo,
1634 659 1707 687 nec
1725 649 1876 703 indigna

81 705 162 744 haec
177 702 393 754 praeventio
408 700 650 752 magnanimo
675 699 753 750 ejus
772 700 952 753 pectore,
983 700 1040 740 uti
1070 713 1145 741 nec
1169 700 1299 741 astutia
1320 703 1400 751 illa,
1432 704 1586 756 quando
1609 706 1728 746 cauda
1755 709 1879 750 obdu-

77 764 130 802 cit
151 761 295 814 pedum
312 759 489 813 vestigia,
520 759 567 798 ad
587 757 775 800 fallendos
793 771 1010 801 venatores.
1070 759 1191 801 Nulla
1215 773 1301 811 arx,
1337 762 1551 804 castrumve
1576 764 1661 804 satis
1690 771 1878 810 munitum

77 821 153 870 est,
182 822 249 862 nisi
269 822 417 861 solertia
434 820 615 861 excubet.
675 820 804 871 Major
823 820 1040 861 Monarcha
1061 821 1192 873 majori
1217 833 1306 861 cum
1330 835 1419 862 cura
1452 823 1621 864 frontem
1647 825 1747 866 suam
1767 841 1878 869 coro·

75 894 165 924 nare
182 881 321 930 debet,
349 893 430 920 non
455 879 623 919 candore
639 880 864 920 sincerarum
887 881 1150 921 columbarum
1164 910 1176 929 ,
1206 881 1270 920 sed
1287 883 1488 934 prudentia
1504 884 1712 925 astutorum
1731 887 1878 939 serpen-

77 944 195 982 tium:
224 952 351 992 neque
374 942 475 980 enim
499 938 607 987 alias,
639 939 752 991 quam
777 940 931 991 quando
956 938 1044 980 Leo
1071 942 1109 980 in
1138 952 1290 981 arenam
1317 944 1469 994 prodit,
1506 944 1597 984 ferae
1624 955 1769 986 caeterae
1798 947 1879 988 suas

76 1011 227 1054 ponunt
245 1002 456 1041 inimicitias
481 997 690 1048 naturaleS‚
721 999 757 1039 δε
786 1001 1006 1052 depugnare
1030 1002 1130 1040 inter
1160 1000 1197 1040 se
1224 1001 1419 1051 definunt3
1455 1006 1546 1056 quin
1572 1004 1648 1055 jam
1684 1009 1879 1047 communi

75 1061 322 1101 consensione
355 1060 570 1111 conspirant
591 1070 725 1098 omnes
743 1062 1018 1109 contraillum‚
1049 1071 1195 1100 armant
1218 1061 1312 1112 sese,
1345 1063 1381 1102 &
1410 1073 1589 1115 tanquam
1617 1063 1768 1105 fortiori
1794 1079 1877 1107 mo-

72 1123 213 1161 liuntur
235 1121 395 1161 insidias.
453 1120 489 1158 A
505 1120 605 1158 nulla
619 1121 794 1170 potentia
809 1121 895 1172 plus
922 1121 1083 1172 periculi
1105 1121 1279 1160 imminet
1312 1134 1433 1175 regno
1451 1125 1614 1176 Angliae‚
1646 1124 1673 1177 ζ
1686 1127 1741 1165 uti
1760 1126 1797 1166 δῖ
1816 1129 1877 1166 ali-

72 1183 102 1220 is
119 1182 295 1221 omnibus
319 1178 629 1232 Principatibus)
660 1177 775 1231 quam
808 1180 856 1219 ab
874 1178 937 1219 illa
958 1179 1216 1227 Batavorum3
1245 1193 1332 1222 nam
1365 1186 1475 1222 maris
1502 1185 1715 1225 libertatern
1735 1188 1783 1226 illi
1802 1187 1876 1226 adi-

72 1250 192 1280 munt.
254 1239 365 1280 Nihil
382 1242 499 1289 magis
524 1238 778 1288 perniciosum
794 1237 970 1288 Francis,
1003 1238 1118 1291 quam
1140 1243 1315 1292 potentia
1347 1244 1560 1284 eorundem
1584 1244 1780 1286 rebellium
1797 1245 1878 1285 Sta-

71 1310 199 1348 tuum,
230 1311 312 1350 quae
326 1297 496 1350 perfoffis
516 1298 712 1348 aggeribus
726 1327 738 1346 ,
768 1309 865 1348 quos
880 1298 1024 1349 objecit
1039 1298 1221 1350 Hispania
1233 1331 1244 1348 ‚
1264 1311 1390 1341 totum
1409 1301 1574 1343 Franciae
1598 1316 1757 1356 regnum
1772 1308 1877 1357 aquis

71 1360 333 1412 demergeret,
363 1365 405 1397 ut
433 1354 716 1409 prudentissime
744 1357 964 1397 observavit
987 1358 1075 1397 Rex
1099 1359 1293 1399 Henricus
1320 1361 1511 1413 Quartus,
1545 1363 1581 1402 &
1608 1372 1763 1414 tamen,
1796 1378 1879 1416 quae

71 1420 150 1459 duo
178 1417 280 1471 apud
304 1417 431 1458 ambas
459 1417 538 1456 illas
555 1414 732 1455 Coronas
752 1417 838 1467 plus
869 1417 1024 1469 possunt
1043 1447 1055 1466 ,
1087 1418 1202 1469 quam
1230 1420 1374 1459 suamet
1396 1421 1558 1472 ipsarum
1587 1424 1773 1474 pericula,
1798 1425 1879 1465 odi·

70 1492 158 1528 um,
187 1480 358 1529 inquam,
391 1476 428 1516 &
461 1484 587 1516 metus
619 1474 861 1517 Monarchiae
894 1476 1133 1530 Hispanicae,
1164 1479 1266 1518 vires
1295 1480 1373 1519 illas
1398 1492 1565 1533 augent,
1597 1494 1689 1533 quas
1719 1488 1876 1525 mutatis

72 1538 275 1589 aliquando
293 1538 329 1577 δι
363 1536 593 1588 perturbatis
617 1537 857 1588 temporibus
874 1537 960 1588 ipsae
978 1539 1116 1577 merito
1138 1537 1338 1578 adversum
1363 1540 1400 1580 se
1419 1542 1554 1581 timere
1573 1552 1769 1593 poterunt.
1806 1545 1877 1585 Pe-

70 1597 185 1638 ricula
205 1597 399 1650 praesentia
413 1596 499 1649 plus
518 1593 780 1635 sollicitudinis
804 1596 841 1636 δε
857 1609 1032 1637 curarum
1051 1596 1251 1645 adferunt,
1280 1611 1393 1650 quam
1422 1599 1551 1640 futura
1570 1631 1582 1650 ,
1613 1602 1681 1642 etsi
1712 1604 1794 1643 haec
1813 1604 1876 1644 sae-

69 1657 120 1710 pe
142 1657 283 1709 majora
315 1656 396 1696 sint.
455 1655 589 1694 Timor
619 1654 742 1694 sensus
762 1655 944 1707 impedit,
973 1668 1047 1695 nec
1069 1656 1153 1695 sinit
1182 1658 1349 1697 animum
1373 1657 1572 1707 aestimare,
1604 1673 1688 1711 quae
1728 1663 1877 1716 longius

69 1718 192 1770 posita
210 1717 305 1757 sunt.
365 1715 487 1754 Inanis
506 1715 629 1763 aliqua
643 1712 849 1753 diffidentia
868 1716 1032 1754 maxima
1047 1716 1160 1754 etiam
1179 1716 1325 1764 ratione
1348 1716 1476 1757 Status
1494 1719 1655 1759 validior
1677 1720 1742 1761 est.
1802 1725 1875 1763 Ar-

69 1776 406 1832 bitriumssoronae
421 1773 640 1824 Hispanicae
656 1773 694 1812 in
714 1773 819 1812 Italia
840 1774 1039 1814 medicinae
1057 1774 1335 1826 praeservativae
1354 1776 1464 1817 instar
1491 1778 1546 1819 est
1568 1779 1746 1820 adversus
1774 1782 1877 1823 infir-

68 1839 218 1877 mitates
234 1866 246 1885 ,
279 1847 369 1887 quas
390 1835 532 1886 patitur
557 1833 709 1871 libertas
729 1832 898 1879 Genuae3
928 1835 1031 1874 idem
1055 1832 1149 1872 illud
1166 1833 1311 1874 Tusciae
1330 1836 1583 1888 principatum
1602 1839 1772 1880 securum
1792 1842 1877 1882 red-

70 1898 145 1936 dit:
175 1895 380 1947 imperium
400 1892 589 1942 spirituale
605 1890 784 1929 Eccieflae
814 1891 997 1942 augescit,
1030 1892 1068 1931 &
1084 1893 1331 1933 conservatur
1349 1899 1523 1946 potentia
1551 1897 1687 1938 domus
1710 1900 1875 1941 Austria-

71 1970 146 2004 cae,
182 1954 350 2005 ejusdem
382 1948 576 1989 beneficio
594 1949 714 1987 securi
731 1948 815 1988 sunt
838 1949 981 1989 Veneti
1004 1950 1025 1990 a
1057 1950 1268 1991 Turcarum
1288 1955 1514 2002 tyrannide:
1546 1957 1653 2008 quod
1677 1960 1804 1999 nescio
1825 1962 1878 2001 sa„

66 2015 140 2064 ne,
172 2026 217 2053 an
250 2012 361 2063 aliqui
395 2009 594 2049 consiliarii
619 2006 776 2049 istorum
801 2010 1017 2062 Principum
1045 2010 1128 2049 satis
1165 2013 1258 2063 grati
1294 2014 1518 2066 agnoscant,
1548 2026 1612 2056 aut
1635 2018 1728 2058 illud
1761 2031 1872 2073 agant

69 2077 236 2126 semper,
267 2070 373 2124 quod
395 2069 441 2109 ad
466 2070 564 2108 hanc
590 2068 792 2109 utilitatem
816 2081 951 2109 eorum
977 2071 1170 2122 propriam
1197 2073 1314 2124 magis
1341 2075 1536 2114 conducit.
1596 2076 1875 2121 AEmulationes

68 2133 278 2186 ejusmodi,
309 2143 392 2183 quae
414 2129 553 2168 rationi
575 2139 654 2166 non
672 2139 832 2178 parent,
863 2128 933 2168 fibi
959 2130 1047 2181 ipsae
1076 2131 1222 2173 ruinam
1262 2135 1481 2183 accersunt,
1513 2134 1550 2174 ὅτ,
1584 2138 1755 2178 exitium.
1817 2141 1873 2181 Illi

66 2193 231 2248 ipsi,qui
250 2192 455 2232 securiores
466 2189 503 2228 se
521 2187 608 2227 fore
624 2186 908 2238 existimabant,
938 2189 965 2229 fi
983 2188 1265 2231 Ferdinandum
1288 2191 1507 2233 Secundum
1534 2197 1643 2235 armis
1670 2209 1873 2249 exuerent,

65 2265 204 2307 magno
227 2252 295 2292 suo
319 2250 420 2290 malo
436 2249 586 2301 experti
606 2247 689 2287 sunt
706 2247 858 2299 postea,
890 2248 1030 2289 eo‘dem
1053 2250 1090 2289 se
1120 2250 1292 2304 indigere
1310 2254 1430 2293 milite
1446 2284 1459 2303 ‚
1488 2254 1596 2306 cujus
1620 2257 1870 2300 exauctoran-

67 2315 103 2354 di
132 2315 184 2354 illi
199 2310 374 2352 auctores
400 2308 563 2349 fuerant.
643 2306 875 2360 Complures
900 2308 1114 2349 Provinciae
1136 2322 1220 2362 quae
1252 2312 1305 2351 ob
1338 2314 1526 2353 rationem
1561 2313 1676 2355 status
1708 2317 1870 2358 Monar-

68 2376 190 2413 chiam
209 2372 424 2412 Romanam
443 2370 652 2409 voluerunt
669 2377 871 2418 exercere,
901 2368 976 2409 una
995 2381 1084 2410 cum
1111 2370 1209 2411 illius
1233 2373 1341 2413 ruina
1363 2375 1580 2414 libertatem
1606 2375 1707 2416 suam
1745 2379 1872 2430 perdi-

67 2433 215 2473 derunt.

233 2490 268 2542 §.
298 2488 368 2530 Ne
390 2486 561 2530 confidat
575 2485 755 2539 Princeps
781 2488 963 2527 exteriori
985 2491 1227 2530 venerationi
1250 2490 1288 2531 ἀ
1303 2492 1442 2542 cultui,
1474 2504 1589 2544 quem
1622 2496 1681 2534 alii
1708 2496 1778 2548 ipsi
1803 2497 1869 2538 de.

71 2551 212 2591 serunt:
241 2548 331 2589 fieta
349 2551 450 2590 enim
467 2558 614 2588 tantum
629 2547 749 2587 modo
766 2559 826 2587 res
842 2546 917 2596 est,
953 2547 990 2587 &
1015 2548 1129 2602 longe
1146 2551 1216 2589 alia
1234 2551 1282 2590 ab
1307 2563 1382 2601 eo,
1413 2552 1519 2603 quod
1550 2555 1781 2595 extrinsecus
1806 2570 1871 2610 ap·

66 2619 189 2664 paret.
250 2609 402 2650 Placere
421 2610 548 2656 velle,
573 2605 737 2648 adulatio
767 2606 846 2657 est,
876 2607 1122 2659 obsequium,
1149 2619 1297 2660 metus,
1327 2613 1558 2661 veneratio,
1600 2614 1658 2653 vis
1693 2616 1867 2666 quaedam

67 2672 105 2710 δε
127 2667 297 2715 coactio,
324 2668 362 2709 &
382 2670 569 2716 amicitia,
602 2667 807 2708 neceffitas.
870 2666 1018 2707 Omnes
1047 2669 1179 2708 callida
1207 2668 1343 2710 fraude
1370 2670 1521 2711 insidias
1549 2684 1684 2724 parant
1714 2674 1868 2718 smeerae

65 2728 331 2784 generositati,
358 2740 441 2780 quae
462 2729 554 2768 alios
587 2725 664 2781 (a)
690 2726 857 2768 aestimat.
919 2726 1066 2768 Omnes
1095 2729 1140 2767 ad
1162 2741 1307 2781 ungues
1334 2730 1435 2770 illius
1469 2732 1695 2783 attendunt,
1727 2735 1868 2788 &prae.

67 2791 133 2832 das
156 2796 369 2830 numerant.
426 2787 649 2840 Advigilant
663 2800 816 2837 omnes,
840 2796 884 2827 ut
907 2788 1064 2841 ingenio
1102 2789 1301 2840 superent,
1340 2803 1454 2842 quein
1484 2793 1628 2832 viribus
1655 2806 1866 2847 nequeunt.

67 2851 202 2899 Pauci,
230 2858 294 2888 aut
316 2859 460 2897 nemo,
488 2845 632 2886 sincere
661 2846 748 2888 cum
777 2860 826 2888 eo
856 2850 951 2900 agit;
979 2849 1013 2887 ei
1048 2850 1147 2888 enim
1165 2880 1175 2897 ‚
1204 2851 1267 2900 qui
1296 2851 1472 2901 timetur,
1497 2865 1576 2892 non
1602 2852 1739 2895 dicitur
1766 2858 1866 2896 veri·

69 2922 148 2960 tas,
179 2909 355 2960 adeoque
379 2907 562 2959 potentiae
589 2906 660 2947 suae
684 2907 849 2948 confisus
865 2939 875 2957 ‚
904 2909 1078 2948 somnum
1106 2921 1243 2961 capere
1266 2910 1414 2950 secutus
1441 2924 1519 2952 non
1555 2913 1683 2965 potest
1703 2945 1715 2964 ,
1746 2928 1865 2955 artem

70 2981 166 3018 arte,
195 2963 296 3009 vires
322 2968 466 3007 viribus
494 2965 635 3007 eludat.
689 2966 928 3009 Generosum
951 2966 1086 3021 pectus
1107 2969 1370 3011 diffimulanter
1396 2971 1433 3011 δι
1452 2971 1565 3013 caute
1583 2986 1863 3027 praevertatpe-

66 3030 203 3078 ricula,
234 3028 272 3069 &
293 3026 434 3069 resistat
448 3026 613 3067 fortiter.

889 3084 926 3125 Y
943 3097 971 3137 y
1725 3091 1758 3143 ς.
1789 3091 1860 3132 Ta.

98 3251 104 3257 ι
133 3251 138 3257 ι
163 3202 218 3245 (a)
240 3207 352 3290 ggii&
366 3202 564 3254 Principum
566 3199 737 3255 fimplices
749 3228 759 3243 ,
796 3202 840 3246 ό*
853 3218 898 3244 ex
906 3202 972 3252 sita
993 3216 1128 3241 natura
1146 3203 1232 3242 alios
1246 3203 1451 3257 estimantes
1465 3231 1475 3245 ‚
1497 3204 1623 3242 callida
1641 3203 1781 3256 fraude
1804 3208 1861 3249 dea

71 3260 215 3301 cipiunt.
324 3282 332 3290 .
352 3267 427 3304 cap.
456 3258 513 3292 16.
534 3258 568 3293 6.
1288 3289 1290 3291 ·
