2132 3730
167 218 239 263 ro
262 197 384 262 hoc
416 197 478 261 in
509 193 662 259 libro
695 211 825 257 non
857 191 992 256 raro
1033 188 1380 276 expreflam.
1462 190 1687 256 Cernes
1729 193 2031 259 virtutum

170 279 548 345 TUARUM
569 277 985 359 frequentiore
1009 272 1149 339 loco
1173 275 1477 361 depi6tam
1507 275 1842 360 imaginem.
1910 277 2034 341 Ge-

170 363 303 427 sties
327 361 618 427 TEMET
642 356 827 442 ipsam
848 358 1018 424 velut
1039 360 1100 423 in
1132 354 1379 442 speculo
1402 360 1650 440 intueri,
1695 380 1840 423 cum
1865 381 1932 424 ea
1955 359 2035 422 le-

171 449 320 531 geris
347 446 564 508 decora
585 493 602 523 ,
636 463 775 525 quae
799 441 867 507 δε
890 444 1224 526 PrincipeS‚
1278 440 1348 507 &
1370 461 1502 524 θος,
1537 443 1646 526 qui
1669 443 2036 508 authoritate

169 550 299 594 non
344 529 544 591 minus
569 576 587 607 ,
633 527 823 609 quam
867 527 1090 589 virtute
1125 525 1389 607 proximi
1432 522 1570 588 sunt
1614 525 1990 611 Principibus
2017 576 2036 607 ,

170 614 361 695 quam
395 610 655 672 maxime
692 608 961 672 deceant.
1080 607 1184 671 Est
1228 609 1389 671 enim
1422 607 1796 672 EXCELSA
1833 609 2038 673 CAN-

171 691 620 759 CELLARIA!
654 691 780 755 haec
792 693 924 756 vitae
946 691 1147 755 TUAE
1169 691 1319 754 ratio
1333 705 1437 770 ‚ut
1460 706 1658 754 totam
1681 691 1818 772 TE,
1849 712 2039 774 quan-

168 791 576 926 ἱῖῗῃῖᾗῖἱῗέἐῑ
620 770 2039 922 11133ῧέῗὲἧὲὧὲᾎὲᾗῗὲηῗῑῖῃΡὼἓῗῖἕὸιῑὲὲῖἓῗ

165 945 324 1008 Sunt
346 943 408 1005 hi
432 942 562 1006 duo
588 939 843 1025 quidem
865 941 996 1005 vitae
1019 940 1220 1005 TUAE
1245 938 1509 1003 cardines
1519 907 1784 1022 'DEUS‚
1817 939 1887 1006 &
1907 941 2041 1005 Au-

165 1025 340 1112 gusta
372 1026 659 1110 Princeps
704 1023 920 1106 TUA,
955 1043 1115 1109 quos
1152 1039 1358 1088 tamen
1390 1022 1522 1087 uno
1557 1018 1785 1108 spectas
1820 1022 2041 1105 oculo,

164 1130 311 1174 cum
334 1128 537 1172 unum
548 1109 610 1171 in
623 1106 812 1172 altero
834 1107 1050 1173 videas.
1130 1104 1340 1186 Misces
1362 1121 1738 1190 utrumque,
1761 1125 1875 1171 nec
1898 1126 2042 1170 con-

163 1192 388 1258 fimdis,
472 1191 742 1277 Utrique
764 1187 965 1275 servis,
990 1191 1145 1255 dum
1165 1188 1336 1256 servis
1359 1191 1469 1253 uni
1477 1241 1496 1273 ‚
1531 1191 1675 1275 quia
1695 1188 1856 1253 idem
1877 1204 2044 1254 uter-

163 1297 291 1362 que
323 1278 596 1360 imperat.
681 1275 892 1341 Nolles
905 1328 922 1358 ,
967 1274 1013 1339 fi
1035 1273 1256 1340 diversa
1288 1272 1476 1354 effent
1506 1277 1833 1358 utriusque
1855 1273 2046 1359 impe-

161 1363 274 1442 ria,
295 1356 517 1424 “servire
541 1358 716 1442 huic,
751 1375 827 1424 ut
847 1359 924 1424 illi
958 1355 1305 1444 displiceres,
1392 1357 1481 1423 Ita
1514 1358 1599 1422 vis
1635 1356 1750 1424 effe
1783 1356 2045 1437 TUAM

160 1444 516 1510 fidelitatem
548 1444 830 1528 Regiam,
857 1442 1038 1509 fimul
1063 1459 1139 1507 ut
1169 1442 1244 1508 fit
1268 1442 1382 1507 div'
1432 1463 1480 1506 a.
1579 1441 1843 1508 Nullum
1877 1441 2046 1506 TIBI

163 1549 241 1592 ex
276 1529 643 1593 ornamentis
677 1527 846 1593 deest
869 1528 1194 1593 omnibus:
1247 1462 1459 1666 nesqffe
1501 1524 1625 1611 {FU
1668 1525 1790 1588 ulli.
1874 1523 2047 1589 Diffi-

162 1612 271 1676 cile
299 1611 386 1676 est
399 1611 733 1695 judicium,
769 1612 1090 1695 quodnam
1111 1602 1312 1698 ἰξΙΤΕ,
1342 1619 1391 1667 lt
1414 1622 1635 1687 majus,
1670 1626 1818 1672 cum
1840 1611 2046 1673 omnia

160 1696 279 1760 fint
299 1696 577 1759 maxima-
662 1695 814 1752 Non
836 1690 979 1752 vivis
1011 1688 1151 1764 Tibi
1171 1688 1311 1766 uni,
1345 1689 1489 1769 quia
1519 1687 1677 1753 nosti
1707 1691 1816 1756 TE
1841 1707 2046 1758 natam

161 1780 470 1841 omnibus.
553 1768 798 1833 Praestas
818 1788 1121 1848 amorem,
1157 1767 1226 1831 &
1259 1767 1605 1849 praefidium
1637 1772 1845 1838 Patriae
1867 1825 1886 1857 ,
1929 1795 2043 1861 po-

161 1858 317 1947 pulo
339 1852 831 1919 benevolentiam
847 1850 934 1921 .&
968 1850 1405 1936 patrocinium,
1439 1850 1697 1936 Principi
1731 1854 2043 1923 observan-

162 1947 310 2010 tiam
343 1937 413 2004 &
434 1935 678 2002 fidelem
702 1956 987 2023 operam,
1021 1933 1264 1999 cultum
1283 1954 1352 2025 ac
1382 1933 1734 2018 religionem
1756 1937 1957 2005 DEO.
2082 1958 2085 1963 ·

331 2112 421 2175 At
468 2129 549 2173 ue
560 2107 718 2170 hanc
730 2101 1111 2170 EXCELSA
1135 2096 1764 2169 CANCELLARI'A!
1787 2103 2039 2174 laudum

162 2195 345 2261 TUA
471 2193 542 2256 M
574 2192 920 2272 imaginem:
973 2186 1101 2251 haee
1133 2186 1510 2252 TUARUM
1532 2188 1834 2253 virtutum
1868 2211 2040 2259 orna-

164 2295 397 2344 menta:
441 2277 551 2340 TE
574 2270 758 2360 ipsam
781 2272 1049 2418 denique
1073 2272 1134 2335 in
1156 2270 1274 2366 his?
1310 2290 1461 2354 quas
1484 2271 1648 2340 TIBI
1667 2270 1914 2357 dedico,
1938 2296 2040 2361 pa-

165 2365 310 2446 ginis
335 2361 619 2443 deinceps
652 2373 945 2440 contemp
970 2375 1232 2420 anama:
1256 2353 1504 2439 illasque
1526 2354 1598 2419 ad
1620 2355 1912 2422 ultimum
1936 2362 2039 2424 eti-

165 2467 265 2510 am
301 2446 582 2509 Nominis
616 2441 766 2505 TUI
800 2438 1118 2528 splendore
1151 2436 1419 2502 illustrari
1466 2453 1672 2524 patere
1694 2491 1713 2523 ,
1758 2461 1825 2505 ac
1857 2441 2036 2510 fimul

123 2537 126 2541 ’
167 2529 444 2612 indulge,
480 2544 554 2591 ut
586 2522 820 2610 semper
855 2523 968 2588 dici
994 2522 1062 2588 δεῖ
1087 2520 1199 2586 effe
1222 2519 1446 2608 poffim

333 2690 812 2783 EXCELSAE
858 2687 1605 2778 CANCELLARIAE

487 2797 801 2873 REGIAE
842 2793 1442 2914 HUNGARICAE
1471 2846 1477 2872 ᾗ

1203 3191 1257 3245 L.
1283 3189 1335 3248 Β.
1368 3131 2034 3249 10Nssss⁰1²iss3¹²⁴⁸pm¹NNr
2086 3218 2108 3230 .,

1364 3262 1423 3314 de
1447 3262 1830 3332 Nagy-Szollo's.
