2132 3730
188 292 277 339 v394
622 278 968 322 DJDACJ
1022 277 1561 323 SAAVEDRAE.

185 384 226 413 ra
241 369 308 411 ista
323 372 414 423 lapis
436 364 582 416 Lydius
603 363 682 414 est,
711 363 760 403 ad
786 375 900 415 quem
926 364 1171 414 explorantur
1204 374 1383 412 coronae,
1416 362 1454 402 &
1478 365 1557 403 auri
1591 365 1810 415 argentique
1832 363 1978 405 illarum

182 433 353 484 probitas
372 425 621 479 expenditur:
650 425 687 463 in
701 425 762 463 illa
773 432 951 475 tanquam
968 425 1006 462 in
1025 422 1169 463 fusorio
1198 424 1315 463 calice
1331 425 1378 462 ab
1395 424 1472 463 aliis
1488 423 1619 475 spuriis
1642 426 1879 476 segregantur
1899 436 1979 464 me·

185 491 299 531 taliis:
328 488 433 540 {igno
459 487 555 526 illius
576 485 791 525 monetario
817 486 889 526 Dm
905 483 1131 536 confignatae
1159 495 1295 523 vetum
1330 483 1436 524 suum
1462 484 1628 536 pretium
1651 486 1901 535 valoremque
1925 484 1980 523 in-

184 551 370 590 violatum
392 548 569 587 retinent.
631 545 726 585 Eam
742 545 794 585 ob
822 557 903 585 rem
929 546 1104 584 Ramirus
1121 544 1320 596 Aragoniae
1345 543 1457 591 Rex,
1488 546 1624 596 aliique
1642 543 1858 596 complures
1878 545 1981 583 ultro

183 607 363 650 Ecclefiae
381 605 595 647 Feudatarii
619 605 694 646 esse
712 607 941 654 voluerunt,
969 615 1148 656 tanquam
1170 606 1234 655 qui
1252 604 1390 643 honori
1413 603 1450 643 δε
1471 603 1641 643 felicitati
1670 606 1739 645 fibi
1763 602 1945 642 ducerent
1966 613 1981 648 ς

186 667 293 719 quod
313 666 479 707 Coronae
495 667 567 707 suae
585 667 731 706 tributo
756 666 964 719 pendendo
990 664 1114 707 effen:
1140 665 1330 705 ohnoxiae.
1391 662 1459 703 Eae
1486 674 1605 713 vero,
1634 676 1717 716 quae
1742 666 1789 705 ad
1814 661 1981 713 lapidem

184 727 294 768 istum
321 727 489 779 Lydium
520 725 786 779 Apostolicum
813 728 967 778 probari
996 724 1232 775 detrectant,
1260 723 1451 777 plumbeae
1484 722 1568 763 sunt
1598 721 1637 762 δε
1664 722 1825 765 stanneae
1844 750 1857 770 ‚
1886 731 1980 772 quas

184 800 337 843 tempus
356 788 553 829 modicum
575 788 721 836 atterit,
752 789 1042 839 consumitque,
1070 786 1169 828 adeo
1192 795 1235 826 ut
1258 787 1324 824 vix
1350 783 1398 825 ad
1428 786 1599 837 quintam
1619 781 1736 835 usque
1773 781 1984 838 generatio-

184 863 274 894 nem
302 847 660 906 <quemadmodum
683 848 874 902 frequenti
908 849 1145 902 experientia
1176 855 1419 900 compertum
1458 842 1565 900 fuit>
1592 847 1832 900 perveniant.
1891 839 1983 882 UD&

185 2293 273 2325 cum
288 2280 506 2335 Principum
529 2278 807 2334 magnificentia
824 2282 982 2336 dignitas
1000 2284 1112 2323 etIam
1139 2282 1178 2324 δι
1200 2284 1412 2337 amplitudo
1442 2295 1578 2325 eorum
1605 2282 1826 2334 temporalis
1862 2293 1986 2322 accre-

184 2346 267 2393 vit,
296 2354 366 2395 ρει·
389 2343 534 2383 Esaiam
552 2342 784 2395 Prophetam
813 2342 884 2398 (a)
917 2344 1008 2383 olim
1029 2344 1228 2395 praedieta,
1261 2357 1345 2395 quae
1366 2346 1434 2383 suo
1467 2344 1555 2382 dein
1577 2344 1721 2383 robore
1758 2345 1984 2395 spiritualem

187 2413 346 2456 quoque
367 2405 526 2443 armavit
550 2403 715 2455 gladium
734 2434 748 2453 ‚
776 2413 821 2443 ut
857 2403 1079 2455 Regnorum
1105 2406 1144 2442 in
1172 2405 1267 2442 orbe
1294 2401 1506 2443 Christiano
1534 2402 1663 2443 bilanx
1694 2401 1769 2444 effe
1793 2405 1984 2454 potuerit,

192 2464 230 2503 δι
246 2464 462 2515 supremum
483 2462 694 2502 eorundem
710 2471 843 2502 tenere
866 2463 1071 2501 arbitrium.
1129 2464 1260 2513 Atque
1284 2464 1342 2502 his
1368 2461 1457 2513 ipsis
1486 2460 1621 2502 mediis
1642 2463 1858 2514 potentiam
1882 2464 1986 2503 suam

185 2523 414 2563 conservare
434 2520 587 2561 student
604 2520 832 2571 Pontifices,
858 2530 1019 2575 paterno
1036 2523 1102 2561 illo
1122 2522 1190 2562 suo
1208 2520 1349 2561 affectu
1369 2522 1406 2561 ἃ
1435 2521 1669 2574 benignitate
1691 2521 1885 2574 Principes
1917 2523 1988 2566 fibi

186 2581 386 2623 reddendo
404 2583 634 2622 benevolos.
693 2581 900 2634 Imperium
910 2593 1046 2621 eorum
1061 2580 1321 2627 voluntarium
1341 2581 1414 2631 est,
1444 2583 1483 2621 in
1500 2582 1648 2621 animos
1666 2582 1868 2634 videlicet,
1883 2583 1987 2634 apud

185 2655 284 2695 quos
311 2643 408 2682 ratio
431 2643 560 2682 locum
587 2640 704 2681 habet
733 2643 884 2693 potius,
915 2638 1029 2693 quam
1055 2643 1122 2682 {vis
1147 2650 1213 2683 aut
1247 2639 1412 2682 coactio.
1472 2640 1594 2694 Quod
1625 2641 1655 2681 fi
1680 2641 1762 2681 haec
1783 2642 1986 2693 aliquando

186 2702 475 2743 immoderatior
501 2700 616 2741 fuerit
636 2731 649 2750 ‚
679 2700 841 2742 effeGRus
867 2699 980 2753 plan‘e
1006 2702 1216 2741 contrarios
1239 2702 1394 2740 habuit:
1422 2712 1527 2740 coeca
1555 2700 1737 2752 enim-est
1756 2701 1988 2754 indignatio,

187 2760 419 2802 &facillime
437 2762 475 2802 in
497 2773 669 2814 praeceps
690 2762 777 2802 ruit.
838 2760 1013 2813 Dignitas
1041 2760 1241 2802 Pontificia
1258 2762 1410 2800 inermis
1438 2762 1576 2808 etiam,
1608 2758 1885 2806 instruffiilimis
1921 2774 1985 2802 ex—

187 2822 367 2861 ercitibus
387 2821 547 2861 validior
570 2820 634 2862 est.
695 2820 886 2861 Occursus
902 2820 1045 2870 Leonis
1077 2821 1187 2874 Papae
1203 2821 1241 2859 in
1256 2820 1390 2860 habitu
1405 2819 1608 2860 Pontificio
1631 2829 1777 2860 tantum
1801 2830 1985 2862 terrorem

186 2881 331 2922 incuilit
351 2882 477 2919 Attilae
494 2911 506 2929 ‚
536 2890 578 2920 ut
593 2879 735 2932 pedem
763 2879 940 2928 referret,
968 2880 1006 2920 ἃ
1029 2879 1236 2933 susceptam
1252 2880 1437 2920 Romanae
1452 2880 1555 2919 urbis
1578 2879 1768 2919 vastandae
1785 2881 1985 2933 cogitatio-

186 2952 278 2982 nem
297 2939 529 2991 deponeret:
560 2941 587 2980 s1
603 2942 711 2980 armis
729 2940 767 2980 id
788 2938 1000 2980 attentasset
1019 2943 1242 2994 neutiquam
1259 2938 1427 2992 fregisset
1443 2941 1608 2979 animum
1616 2940 1780 2979 hominis
1798 2941 1892 2979 illius
1901 2941 1983 2979 bar-

187 2999 281 3041 bari.
342 2998 490 3039 Unicus
513 2999 672 3039 Pastoris
699 3001 847 3050 sibilus,
874 3001 987 3040 unica
1006 3000 1117 3053 pedi,
1148 3008 1213 3039 aut
1231 2999 1359 3039 fundae
1382 2997 1571 3039 correffio
1587 3009 1637 3039 ex
1660 3011 1790 3039 amore
1823 3001 1984 3039 intenta-

188 3070 248 3110 ta,
278 3060 363 3112 plus
383 3057 556 3111 possunt,
589 3059 701 3111 quam
721 3058 803 3100 duri
821 3061 933 3100 eriam
956 3060 1089 3100 filices.
1149 3059 1318 3099 Rebellis
1336 3058 1446 3098 fieret
1465 3060 1639 3106 ovicula,
1669 3058 1697 3097 fi
1717 3071 1767 3098 ex
1796 3057 1920 3112 rigore
1930 3061 1987 3113 agi

188 3119 279 3160 'cum
298 3121 360 3160 illa
377 3126 595 3172 oporteret:
624 3119 692 3158 etsi
718 3121 820 3160 enim
849 3118 1037 3160 Fidelium
1059 3119 1181 3173 pietas
1203 3118 1426 3172 dignitatem
1455 3116 1694 3159 Pontificiam
1723 3117 1873 3162 dotavit
1899 3121 1988 3160 viri-

1886 3178 1958 3220 bus
1972 3212 1988 3232 ‚

287 3310 303 3349 ζ
306 3311 343 3350 a)
375 3311 461 3344 ‘lime
477 3306 635 3352 videbis,
657 3306 701 3350 &-
715 3306 847 3357 affives,
881 3307 926 3350 οἵ*
941 3305 1134 3345 mirabitur
1157 3306 1203 3351 (ἐν
1218 3305 1431 3344 dilatabiiar
1445 3319 1500 3342 cor
1521 3313 1640 3345 tuum,
1666 3304 1802 3357 quando
1823 3306 1988 3355 convers&

184 3358 307 3406 fusrit
328 3360 378 3395 nd
392 3371 427 3396 te
447 3359 634 3396 multitudo
654 3363 764 3395 :wat-i>-
782 3388 787 3399 .
809 3358 988 3409 ferrando
1010 3361 1173 3397 Gentium
1184 3361 1329 3396 «venerit
1346 3357 1425 3395 tibi.
1452 3357 1536 3398 lsai..
1548 3362 1609 3394 60.
1637 3368 1670 3401 5.
