2132 3730
206 199 266 244 42
641 187 989 229 DJDACJ
1043 188 1576 235 SAAVEDRAE

204 269 274 315 est.
335 270 454 310 Viros
468 269 589 310 fortes
607 270 644 309 &
664 272 852 309 animosos
869 270 1049 323 Princeps
1069 274 1107 311 in
1127 276 1252 324 pretio
1279 275 1414 323 habet3
1443 276 1687 328 Respublicae
1709 278 1848 317 timent
1867 277 2011 328 potius.

203 329 273 370 llle
288 331 452 382 praemiis
475 328 513 368 &
528 329 748 368 muneribus
771 341 840 369 eos
856 330 903 369 ad
919 331 1060 382 majora
1079 333 1230 380 incitat,
1256 335 1314 374 hae
1340 334 1402 373 sua
1424 335 1691 388 ingratitudine
1707 336 1866 376 eosdem
1888 335 2013 388 depri-

202 399 325 433 munt,
385 388 477 429 Nec
502 387 756 429 timor-solum
773 388 848 438 est,
879 403 957 442 quo
977 391 1050 430 suae
1072 402 1248 432 metuunt
1268 395 1456 442 libertati,-
1486 394 1549 434 sed
1577 396 1706 435 titulus
1732 398 1867 444 etiam,
1896 407 2013 447 quem

201 449 357 490 invidiae
384 456 602 500 praetexunt
628 448 666 488 &
691 451 932 489 aemulationi.
994 450 1122 490 Favor
1158 455 1328 493 omnium
1359 454 1396 493 δε
1430 455 1657 506 applausus,
1697 455 1725 494 fi
1747 458 1812 495 uni
1842 455 1909 495 soli
1936 455 2013 494 civi

203 508 317 557 fiant,
345 505 513 559 suspecta
541 507 676 549 haberi
699 508 820 549 solent
836 509 1070 550 &invidiam
1087 514 1301 552 conciliant.
1364 514 1485 567 Quod
1508 513 1592 554 raro
1607 515 1645 553 in
1667 514 1904 567 Principibus
1921 525 2013 553 eve-

202 570 284 615 nit,
316 566 418 619 apud
440 579 538 619 quos
555 567 692 607 subditi
710 571 829 621 gloria
857 582 937 609 non
956 569 1068 610 facile
1088 572 1124 609 in
1156 572 1338 612 invidiam
1361 573 1582 621 adducitur,
1614 575 1705 625 quin
1729 574 1757 614 s1
1785 573 1878 625 quid
1902 572 2015 614 laude

204 628 360 681 dignum
382 627 430 666 ab
458 639 508 666 eo
527 626 673 679 gestum
690 627 825 679 fuerit,
846 628 942 668 illud
963 630 1031 669 fibi
1056 630 1283 681 vendicant,
1307 642 1486 684 tanquam
1509 633 1529 672 ὲ
1555 635 1623 673 suo
1655 632 1875 685 profectum
1893 636 2015 684 impe-

201 690 273 727 rio,
337 686 655 727 Animadversum
677 688 755 727 hoc
775 691 814 728 in
831 688 992 729 Othone
1012 690 1246 742 Imperatore
1277 690 1348 744 (a)
1375 693 1517 744 gloriam
1539 696 1574 733 in
1590 689 1629 744 se}
1651 694 1832 742 trahente,
1849 700 2016 747 tanquam

200 746 255 792 ἐξ)
272 742 335 797 ipse}
346 743 440 797 felix
465 746 562 796 bello,
593 745 645 791 ἐξ)
659 745 734 798 fitis
767 747 929 798 dacibus,
959 747 1010 794 &³
1022 747 1098 800 fitis
1117 750 1321 790 exercitibus
1353 751 1613 804 Rempuhlicam
1643 749 1796 806 auxffit.
1853 751 2017 792 Debent

201 808 333 859 itaque
361 805 525 846 Ministri
542 805 810 858 prudentiores
829 807 960 848 felices
985 822 1110 850 rerum
1137 809 1321 850 success'us
1354 812 1520 852 tribuere
1541 812 1725 864 principi,
1756 809 1848 851 faeti
1870 812 2017 850 cautio-

203 879 265 908 res
282 865 468 918 exemplo
486 866 584 905 Silii:
618 868 682 917 qui
716 870 852 907 malam
877 878 1084 920 propterea
1101 870 1293 909 a'l'iberio
1323 871 1405 909 iniit
1431 874 1606 923 gratiam,
1637 871 1745 923 quod
1772 872 2017 924 gloriaretur,

201 928 241 968 se
260 928 431 980 legiones
456 924 682 965 continuisse
705 928 743 966 in
767 928 914 968 officio:
946 929 1122 980 adeoque
1145 930 1317 969 dictitare
1342 929 1503 979 soleret,
1533 930 1732 971 Tiberium
1757 932 1900 970 nemini
1925 932 2017 971 alte-

201 989 254 1036 ri,
285 998 398 1037 quam
424 985 495 1025 sibi
509 985 652 1025 debere
679 987 892 1038 imperium.
954 988 1024 1043 (b)
1054 988 1202 1040 Destrui·
1221 992 1396 1029 nimirum
1410 999 1479 1042 per
1501 991 1570 1029 haec
1586 987 1879 1042 fhrtzmamficam
1904 986 2018 1041 Caesar

202 1050 427 1099 imparemque
445 1052 542 1085 tanto
557 1048 675 1085 merito
688 1046 846 1097 rebatur.
906 1047 999 1088 Nec
1016 1050 1084 1088 alia
1105 1049 1153 1088 de
1175 1048 1298 1088 cauffa
1317 1049 1550 1101 Vespasiano
1577 1051 1769 1089 Antonius
1796 1049 1942 1089 Primus
1963 1048 2019 1088 di-

202 1105 371 1159 splicuit,
397 1116 510 1156 quam
526 1104 632 1156 quod
650 1104 742 1145 esset
763 1105 832 1160 (e)
861 1109 985 1148 nimias
1007 1109 1314 1157 commemorandis,
1344 1123 1421 1162 quae
1448 1106 1510 1160 φῶ
1549 1106 1726 1162 merttgffi’t.
1788 1108 2018 1148 Prudentior

202 1168 320 1220 longe
333 1163 532 1217 Agricola,
563 1166 628 1216 qui
658 1164 732 1219 (d)
761 1181 936 1220 nunquam
954 1167 1093 1220 insitam
1107 1166 1246 1220 famam
1270 1167 1373 1223 gestis
1401 1170 1597 1218 exaltavit,
1624 1167 1675 1208 ad
1692 1168 1863 1207 afflarem
1887 1167 1938 1212 &⁹
1955 1166 2019 1207 du-

203 1240 294 1275 cem,
324 1233 365 1265 ut
401 1222 568 1278 Mmsser
583 1221 768 1276 fhrtcmam
793 1224 979 1277 referebat.
1040 1228 1100 1267 Ita
1133 1231 1269 1269 virtute
1297 1230 1333 1268 ia
1353 1228 1570 1284 obsequendo,
1603 1226 1811 1268 verecundia
1833 1229 1869 1266 m
1884 1226 2019 1278 praedi-

204 1286 330 1333 cando,
347 1292 451 1324 extra
468 1283 638 1325 invidiam
650 1317 662 1334 ,
692 1299 749 1325 nec
762 1294 867 1326 extra
877 1287 1022 1339 gloriam
1035 1296 1124 1327 erat.
1183 1286 1330 1327 Illustre
1349 1300 1392 1327 ea
1417 1290 1454 1327 in
1470 1301 1511 1327 re
1531 1289 1753 1338 exemplum
1771 1286 1876 1326 dedit
1892 1287 2019 1325 omni-

204 1347 280 1387 bus
305 1345 394 1384 belli
419 1343 580 1384 ducibus
595 1344 760 1396 Joabus3
793 1347 857 1397 qui
890 1348 1041 1398 quoties
1066 1348 1200 1387 urbem
1235 1349 1398 1398 aliquam
1422 1347 1470 1386 ad
1498 1347 1734 1387 deditionem
1757 1343 2019 1398 compulisset,

205 1404 405 1448 Davidem
432 1404 581 1457 Regem
611 1404 844 1444 admonebat
858 1415 970 1455 ante,
996 1417 1038 1445 ut
1055 1419 1177 1446 novas
1196 1406 1405 1446 adduceret
1427 1409 1581 1459 copias,
1612 1406 1789 1457 adeoque
1811 1405 1926 1457 ipsius
1953 1416 2018 1444 au-

204 1467 329 1519 spiciis
354 1464 583 1504 tribueretur
611 1463 679 1518 (e)
711 1464 869 1506 deditio.
929 1465 1160 1506 Habuerunt
1187 1467 1286 1506 hanc
1315 1480 1393 1518 prae
1417 1465 1494 1506 aliis
1517 1465 1668 1506 laudern
1700 1465 1883 1504 Germani
1907 1474 2018 1503 vete-

207 1539 287 1575 res,
320 1523 424 1576 apud
446 1535 543 1575 quos
562 1524 588 1576 ζ
587 1521 624 1574 f
626 1523 650 1578 )
681 1523 877 1577 Principem
881 1523 990 1577 stram
1019 1524 1218 1578 dcfividere,
1236 1528 1347 1577 lateri,
1360 1523 1429 1579 fita
1457 1539 1586 1582 quoqne
1599 1521 1869 1578 fhrtiterfiicJa
1897 1523 2015 1576 gloriae

205 1586 279 1641 ejus
307 1583 496 1638 affignare,
518 1582 989 1636 praecipuumsacramentam
1005 1595 1095 1626 erat.
1801 1634 1805 1637 ³

386 1643 421 1695 §.
454 1642 533 1681 Istis
558 1643 607 1683 de
627 1644 755 1682 causfis
772 1644 936 1685 securior
957 1647 1027 1685 erit
1057 1646 1105 1686 de
1120 1651 1297 1699 praemio,
1331 1650 1395 1700 qui
1416 1648 1600 1702 Principi,
1631 1646 1745 1700 qu'am
1781 1648 1845 1700 qui
1870 1646 2016 1698 Reipu-

207 1705 318 1747 blicae
339 1704 462 1754 aliqua
476 1701 646 1753 praestitit
669 1703 868 1754 obsequia,
900 1704 937 1744 δε
953 1704 1098 1744 facilius
1124 1708 1247 1755 illius,
1279 1720 1393 1757 quam
1412 1709 1523 1758 hujus
1551 1708 1808 1748 demerebitur
1834 1705 1906 1761 (g)
1936 1716 2018 1757 gra-

206 1765 313 1806 tiam.
374 1762 509 1803 Minus
537 1774 694 1814 quoque
722 1765 883 1814 periculi
911 1762 986 1814 est,
1033 1764 1063 1804 fi
1086 1766 1124 1804 in
1156 1767 1262 1806 illum
1290 1765 1486 1818 delinquat
1506 1764 1659 1818 aliquis,
1690 1778 1804 1818 quam
1829 1768 1868 1806 in
1889 1764 2016 1808 istamt

207 1822 416 1866 multitudo
433 1823 534 1860 enim
560 1833 633 1860 nec
649 1821 865 1871 diffiniulat,
896 1835 968 1862 nec
984 1826 1136 1863 veniam
1152 1826 1327 1876 largitur,
1356 1839 1430 1865 nec
1453 1826 1709 1866 misericordia
1729 1834 2018 1870 commovetur,

209 1884 339 1935 AEque
360 1881 408 1920 ad
432 1879 650 1920 audendum
670 1890 874 1933 prompta,
904 1881 985 1921 five
1002 1894 1089 1922 cum
1109 1884 1283 1935 periculo
1303 1884 1529 1923 tentandum
1560 1885 1699 1935 aliquid
1729 1885 1795 1933 fit,
1826 1885 1907 1925 five
1924 1884 2020 1935 inju-

209 1943 286 1986 ste:
321 1942 409 1994 quia
430 1942 531 1980 enim
554 1940 618 1980 seu
638 1950 785 1989 metus,
815 1940 879 1980 seu
900 1942 1013 1993 culpa
1033 1941 1079 1981 ad
1096 1941 1238 1981 multos
1269 1944 1437 1994 pertinet
1454 1942 1568 1983 facile
1596 1943 1665 1982 fibi
1691 1943 1920 1994 persuadent
1948 1943 2020 1982 sm-

210 2005 289 2058 guli
322 2002 537 2054 periculum
558 1999 650 2040 illud
675 2013 755 2040 non
775 2000 841 2040 suo
867 2002 1064 2040 imminere
1091 2002 1225 2054 capiti,
1254 2014 1328 2041 nec
1352 2002 1420 2041 sibi
1440 2001 1545 2041 istam
1570 2003 1793 2041 inurendam
1823 1999 1892 2056 (h)
1923 2001 2020 2041 insa·

209 2065 338 2105 miam.
399 2060 665 2100 Communitas
697 2059 866 2100 frontem
897 2061 1131 2109 nonhabet,
1164 2073 1248 2112 quae
1279 2062 1390 2112 poffit
1418 2061 1660 2100 erubescere:
1691 2060 2019 2112 quemadmodum

210 2125 414 2173 Princeps,
445 2121 509 2172 qui
532 2119 602 2160 sibi
626 2132 714 2160 cum
731 2120 883 2171 primis,
914 2129 996 2160 tum
1016 2120 1154 2160 deinde
1187 2121 1258 2160 suae
1275 2132 1318 2159 ac
1336 2119 1580 2172 posterorum
1607 2119 1718 2160 famae
1746 2133 1826 2160 non
1855 2122 2020 2160 immeri-

211 2194 255 2224 to
278 2182 431 2225 metuit.
488 2179 653 2232 Principi
680 2192 814 2219 omnes
839 2179 922 2219 fere
948 2179 1088 2220 adulari
1117 2181 1259 2229 solent,
1290 2192 1335 2219 ea
1358 2182 1409 2220 illi
1440 2180 1700 2233 proponendo
1737 2189 1826 2220 ante
1849 2182 1985 2219 oculos
2003 2210 2017 2229 ,

213 2256 299 2296 quae
317 2241 363 2281 ad
385 2242 543 2294 gloriam
564 2239 731 2280 faciunt.
763 2241 802 2279 in
825 2240 1122 2292 Rebuspublicis
1150 2236 1209 2295 (i)
1227 2242 1351 2292 paucis
1379 2239 1478 2280 decus
1489 2239 1660 2292 publicum
1681 2253 1773 2279 curce
1787 2271 1800 2289 ,
1820 2241 1944 2291 plures
1962 2247 2018 2279 tu-

211 2313 251 2344 ta
270 2299 441 2355 diffirzmt.
501 2300 681 2351 Princeps
697 2312 828 2338 curare
847 2300 926 2339 hoc
941 2300 1079 2348 debet,
1111 2310 1153 2339 ut
1172 2299 1330 2339 subditis
1348 2300 1418 2339 suis
1444 2299 1557 2339 faciat
1580 2299 1683 2348 satis,
1708 2300 1747 2339 in
1766 2300 2017 2338 communita-

213 2373 254 2403 te
272 2359 386 2401 cess'at
405 2372 495 2399 cura
511 2359 577 2399 ista
601 2359 639 2399 δι
654 2359 872 2400 solicitudo:
903 2360 1085 2412 quicquid
1104 2361 1204 2399 enirn
1221 2360 1280 2399 illa
1296 2360 1451 2399 molitur
1475 2370 1539 2399 aut
1552 2360 1646 2411 agit,
1676 2360 1874 2398 communi
1895 2360 2019 2397 omni-

213 2435 280 2463 um
303 2419 464 2460 consilio
488 2418 552 2468 fit,
584 2419 761 2470 adeoque
777 2419 825 2458 ad
853 2432 987 2459 omnes
1009 2422 1200 2472 pertinere
1219 2418 1395 2459 creditur.
1453 2421 1583 2471 Atque
1607 2419 1696 2459 hinc
1720 2416 1802 2457 fieri
1829 2419 2016 2467 arbitror,

215 2481 324 2534 quod
344 2480 589 2532 Respublicae
618 2478 730 2533 (non
754 2477 802 2518 de
824 2480 866 2518 iis
886 2492 1015 2519 nnunc
1035 2482 1194 2531 loquor,
1225 2491 1309 2531 quae
1325 2479 1495 2532 Regibus
1513 2490 1620 2531 pares
1642 2476 1758 2531 sunt)
1790 2480 1829 2517 in
1847 2476 1925 2517 fide
1947 2490 2015 2529 pa-

215 2542 366 2582 &orum
386 2539 530 2579 tuenda
549 2541 775 2591 plerumque
794 2538 895 2578 haud
923 2540 1008 2579 satis
1030 2539 1245 2579 constantes
1275 2538 1347 2578 smt
1372 2539 1409 2578 &
1430 2538 1534 2579 fidae:
1563 2550 1650 2577 nam
1673 2537 1765 2577 illud
1794 2536 1915 2577 solum
1943 2549 2017 2588 pro

211 2601 313 2655 justo
343 2601 514 2648 habent,
544 2599 651 2651 quod
678 2598 725 2638 ad
750 2598 955 2639 earundem
992 2601 1344 2648 conservationem,
1376 2597 1681 2652 amplitudinem,
1713 2597 1750 2637 &
1779 2597 2016 2645 libertatem,

216 2674 331 2713 quam
352 2658 607 2712 profitentur,
636 2658 791 2699 videtur
814 2659 1054 2708 conducere,
1084 2672 1157 2711 qua
1177 2661 1213 2698 in
1244 2670 1286 2697 re
1311 2658 1520 2699 admodum
1542 2659 1612 2698 illae
1637 2655 1896 2709 superstitiosae
1918 2655 2015 2695 sunt.

215 2721 362 2761 Veram
382 2720 419 2759 se
445 2721 576 2759 colere
596 2720 812 2760 libertatem
827 2728 1040 2768 autamant,
1072 2720 1109 2759 ἃ
1136 2720 1296 2771 plurima
1321 2728 1569 2767 tyrannorum
1595 2716 1697 2756 idola
1722 2717 1843 2756 servili
1863 2715 2016 2754 submis-

217 2781 323 2823 sione
341 2789 586 2821 venerantur.
644 2778 780 2819 Nemo
794 2791 874 2820 non
891 2780 1078 2832 imperare
1094 2781 1131 2820 se
1152 2777 1290 2827 credit,
1322 2778 1359 2819 δε
1379 2791 1512 2821 omnes
1530 2777 1728 2818 obediunt.
1785 2774 1928 2815 Contra
1947 2773 2016 2814 do-

1948 2847 2018 2874 mi-

316 2957 373 3002 (a)
401 2955 517 2992 Tacit.
554 2957 577 2992 l.
613 2955 690 2991 hist.
748 2957 808 3003 (b)
834 2953 949 2991 Tacit.
980 2954 1002 2990 l.
1043 2966 1073 2989 1.
1099 2952 1227 2989 Annal.
1283 2956 1339 2997 (c)
1364 2952 1479 2989 Tacit.
1509 2953 1597 2989 ibid.
1649 2952 1708 2998 (d)
1734 2951 1850 2988 Tacit.
1879 2949 1917 2986 in
1942 2951 2018 2987 vita

219 3007 344 3057 Agric.
396 3012 453 3053 (e)
480 3013 580 3044 Nunc
608 3009 722 3059 igitur
743 3020 914 3058 congrega
934 3005 1107 3058 reliquam
1126 3014 1268 3055 partem
1284 3005 1415 3057 populi,
1442 3003 1488 3047 ό·
1516 3003 1621 3054 obside
1640 3003 1845 3042 civitatem,
1870 3000 1917 3044 ό*
1937 3014 2019 3055 cape

218 3075 323 3099 eam:
347 3073 389 3096 ne
411 3073 488 3096 cum
507 3057 658 3112 vastata
678 3074 702 3096 a
716 3073 769 3097 me
781 3060 897 3107 fuerit
918 3055 1016 3098 urbs,
1042 3058 1173 3093 nomini
1197 3071 1267 3093 mm
1287 3056 1510 3103 adfirmatur
1529 3056 1686 3094 violaria
1701 3068 1734 3090 2.
1762 3056 1853 3103 Reg.
1878 3066 1934 3092 12.
1956 3067 2016 3092 21.

219 3113 287 3161 (f)
313 3114 399 3151 Tac.
421 3112 482 3149 lib.
505 3112 537 3148 d.
555 3112 679 3147 Germ.
733 3107 793 3160 (g')
828 3109 1051 3156 Tzrdast'mt,
1076 3122 1143 3161 qux
1166 3110 1204 3144 in
1224 3123 1397 3146 commune
1424 3107 1700 3160 expostulantur,
1720 3107 1914 3156 privatam
1929 3121 2020 3159 gra·

219 3166 314 3202 tiam
318 3162 451 3215 statim
474 3177 648 3203 mereare,
658 3161 790 3214 statim
806 3165 964 3215 recipias.
991 3162 1105 3199 Tacit.
1126 3161 1186 3197 lib.
1212 3175 1240 3198 r.
1265 3163 1392 3198 Annal.
1449 3163 1515 3210 (h)
1539 3165 1598 3196 Ita
1613 3158 1758 3210 trepidi,
1789 3157 1834 3200 όν
1854 3161 2019 3211 utrinque

209 3218 328 3254 ,anxii
347 3221 490 3260 cobunm
516 3230 611 3254 nemo
628 3218 828 3267 privatim,
850 3215 1009 3268 expedito
1021 3212 1171 3263 confilio.
1196 3215 1291 3251 mter
1317 3213 1457 3253 multos,
1488 3210 1657 3259 societate
1675 3210 1770 3264 caspie
1788 3210 1909 3249 tutior.
1932 3214 2019 3250 Tac.

221 3269 284 3307 lib.
306 3283 341 3308 2.
361 3269 452 3311 Hist.
503 3268 554 3316 (i)
578 3270 664 3306 Tac.
684 3268 746 3306 lib.
769 3281 826 3307 12.
842 3269 972 3306 Annal.
