2132 3730
187 268 229 271 ⁷.
488 206 1456 259 S'YMBOLAPOLITICA.
1784 226 1866 277 160

81 298 144 337 sua
155 295 210 336 ›·&
227 293 396 347 aetatibus
417 293 614 342 praeteritis
632 295 670 332 in
686 293 753 332 usu
768 292 877 334 fuisse
894 293 1031 343 refert,
1061 296 1098 334 &
1123 300 1289 349 graviter
1310 299 1386 353 (a)
1419 303 1623 353 improbat.
1682 305 1769 344 Rex
1779 307 1868 346 Saul

79 357 178 395 eain
207 362 284 392 arte
302 351 776 404 omniumnragister‘effe
798 351 944 404 potuit.
1004 353 1178 395 Maxima
1214 356 1280 396 ista
1315 371 1403 399 cum
1439 370 1615 413 tempore
1658 364 1872 404 incremen-

78 409 344 462 tumsumpfit:
372 411 477 451 nihil.
491 413 593 451 enim
614 423 716 451 nunc
737 421 814 453 tam
832 412 1007 463 injustum
1026 444 1038 462 ,
1079 424 1156 455 tam
1176 415 1370 469 indignum
1384 449 1397 467 ,
1427 421 1533 472 quod
1564 434 1642 462 non
1664 423 1868 465 honestum

77 467 247 514 videatur
265 468 458 519 Politicis,
495 470 590 509 dum
615 471 823 511 retinendae
850 472 927 526 (b)
951 472 1220 513 dominationis
1246 478 1354 516 causa
1378 477 1444 528 fit,
1477 481 1635 530 perinde
1665 483 1768 534 quasi
1797 485 1870 537 (c)

75 532 412 584 alvumque-tantum
436 528 570 585 homsta
601 528 787 571 dominanti
807 532 921 581 licent,
941 535 1102 583 precario
1133 541 1307 585 regnetur.
1368 536 1462 589 Quo
1487 539 1602 590 pacto
1638 540 1680 581 fit
1696 572 1709 591 ‚
1733 552 1776 582 ut
1793 554 1873 594 pro

70 589 198 630 nihilo
214 587 373 645 ducatur
398 590 666 629 contravenire
681 590 822 642 pastis,
846 590 963 630 fidem
983 590 1136 640 fallere,
1155 593 1235 632 imo
1253 593 1290 632 ὅτ
1304 597 1546 647 religionem,
1565 600 1686 640 modo
1709 601 1756 641 ad
1770 613 1867 641 con-

0 650 9 679 s
68 644 338 706 servationem,
358 649 416 689 .&
435 649 681 703 augmentum
698 648 875 690 status-id·
896 650 1069 689 videatur
1083 651 1314 693 conducere.
1365 654 1489 695 ¹Falsis
1515 656 1590 696 istis
1605 651 1864 701 fundamentis

66 706 377 763 fortunam³suam
397 706 652 762 superstruere
669 720 832 750 conatus
846 708 906 749 est
929 708 1024 748 Dux
1040 709 1289 760 Valentinus,
1315 712 1512 761 sed-ante,
1542 716 1654 767 quum
1672 721 1771 760 illam
1783 733 1878 760 ere-⁷

67 764 165 806 &am
193 779 388 817 cerneret,
427 768 484 809 ita'·
497 769 649 821 penitus
664 771 702 809 in
720 770 954 821 caputlsslius
968 769 1131 820 collapsa
1153 770 1230 820 est,
1268 782 1311 811 ut
1335 785 1383 812 ne
1399 773 1610 826 fragmenta
1631 779 1785 827 quidem
1800 790 1866 819 aut

8 878 11 883 ἰ
64 824 221 878 vestigia
235 826 482 868 ruinaeillius-
493 829 685 881 supersint.
746 828 986 882 QuomodO,
1020 829 1205 870 obieer0.·
1233 843 1444 882 perennare
1473 836 1638 885 poterit,
1669 838 1774 887 quod
1796 840 1870 878 do-

7 890 11 939 }
63 885 126 934 lo,
153 896 218 925 aut-
228 883 447 927 'mendaciis
458 889 654 929 innititur?
678 888 877 941 quomodo
900 887 1121 928 diuturnum
1142 888 1219 929 effe
1236 891 1388 942 potest„
1419 894 1526 944 quod
1547 896 1759 936 violentum
1783 897 1868 936 est?

60 943 163 997 Quae
185 946 388 997 patrorum
412 949 449 987 δι
478 948 858 988 conventorumerit
879 946 1061 996 firmitas,
1083 948 1132 987 :fi
1150 949 1354 1001 Princeps,
1391 953 1455 1003 qt'ii
1471 964 1606 994 eorum
1637 954 1756 995 debet
1789 957 1867 996 esse

59 1001 265 1054 securitas,
288 1005 543 1047 fidem÷fa11atv
568 1007 920 1060 publicam‘ss2Quis
951 1008 1001 1047 illi
1033 1008 1151 1048 fidem
1174 1010 1599 1064 habebitaquomodcr
1619 1015 1717 1054 illius
1749 1014 1864 1056 stabit

57 1064 282 1117 imperium,
313 1069 375 1118 qui
393 1065 457 1106 aut
474 1077 552 1107 non
567 1064 686 1107 credit
702 1067 986 1113 Providentiam
1008 1067 1199 1117 divinam,
1229 1081 1293 1109 aut
1303 1073 1564 1124 magisinsuis
1592 1072 1734 1116 artibus
1745 1074 1863 1126 quam

58 1124 98 1164 in
115 1124 175 1164 illa
196 1126 384 1166 confidit?
413 1127 510 1166 Non
523 1125 617 1166 ‘ideo
635 1137 762 1166 tamen
787 1128 881 1166 volo
903 1126 1117 1180 Principem
1135 1128 1211 1168 ta'in
1234 1130 1438 1183 benignum
1473 1132 1566 1181 effe,
1599 1143 1642 1173 ut
1664 1147 1861 1186 nunquam

54 1184 97 1222 vi
117 1194 264 1232 utatur;
292 1197 420 1237 neque
442 1196 519 1226 tam
545 1186 818 1232 candidum.&*:
829 1186 1034 1234 sincerum,
1065 1198 1106 1226 ut
1126 1199 1192 1228 aut
1215 1188 1437 1231 diffimulare
1464 1193 1624 1240 nesciat,
1658 1204 1722 1234 aut
1747 1207 1863 1234 cave-

53 1253 97 1283 re
114 1244 183 1283 sibi
203 1244 223 1284 ὲ
245 1245 462 1294 fraudibus,
493 1247 580 1295 quia
594 1248 752 1285 aliorum
767 1247 915 1285 malitiae
930 1246 1005 1286 sese
1021 1257 1235 1298 exponeret
1251 1279 1263 1297 ‚
1295 1249 1332 1289 &
1356 1252 1534 1292 omnibus
1559 1251 1652 1294 effet
1672 1253 1856 1295 ludibrio.

55 1301 162 1355 Quin
188 1305 279 1344 illud
297 1304 426 1356 potius
442 1304 613 1355 praesenti
631 1304 874 1344 Emblemate·
887 1306 1103 1355 contendo,
1137 1318 1178 1347 ut
1197 1310 1342 1349 robore
1358 1314 1506 1360 valeat,
1533 1325 1614 1352 non
1631 1314 1746 1353 bruto
1765 1314 1859 1362 illo,

52 1361 92 1401 ἃ
115 1364 267 1403 immani
290 1365 523 1410 belluarum,
554 1363 742 1414 sed⁴quod
767 1363 908 1413 Justitia
944 1366 1168 1416 comitatur,
1199 1368 1464 1411 adumbratum
1493 1382 1562 1423 per
1587 1374 1725 1423 pellem
1753 1371 1874 1418 Leo-¹

49 1423 147 1471 nis,
163 1424 580 1480 virtutis-Symbolum,
605 1434 724 1474 atque
742 1423 831 1463 ideo
853 1422 1014 1463 Herculi
1041 1424 1218 1465 dicatum.
1278 1426 1477 1469 Convenit
1503 1431 1694 1472 interdum
1716 1431 1856 1473 Princi-

47 1483 207 1536 pemssad
230 1483 470 1525 severitatem
497 1481 663 1522 frontem
680 1494 938 1535 componere,
969 1482 1007 1523 δι
1032 1483 1129 1524 dolis
1163 1485 1358 1532 obsistere.
1415 1488 1512 1529 Non
1545 1490 1692 1543 semper
1721 1492 1859 1531 huma-

47 1543 207 1582 nitatem
227 1556 367 1584 meram
385 1557 462 1596 prae
488 1543 533 1582 se·
555 1541 655 1583 ferre
680 1542 808 1582 debet.¹
870 1541 983 1582 Feret
1005 1545 1211 1595 aliquando
1236 1548 1416 1596 occasio,
1436 1550 1590 1600 quando
1627 1562 1727 1602 opus
1757 1552 1852 1599 erit,

46 1598 208 1644 Leonis
225 1606 364 1656 pellem
385 1603 569 1652 induere,
595 1613 639 1643 ut
662 1602 798 1642 subditi
812 1600 997 1655 &hostes
1017 1604 1240 1655 agnoscant,
1271 1619 1417 1659 ungues
1442 1610 1492 1647 illi
1520 1608 1616 1658 esse,
1642 1610 1678 1649 &
1700 1611 1855 1651 tamise-

47 1672 184 1702 verum
203 1659 468 1716 experiantur,
498 1673 541 1702 ut
567 1664 705 1702 malitia
722 1662 893 1701 fraudem
930 1672 1116 1701 attentare
1142 1675 1221 1703 non
1237 1666 1400 1714 audeat,
1432 1669 1560 1706 verbis
1578 1669 1850 1720 blandiloquis,

46 1723 189 1772 quibus
199 1725 255 1763 uti
280 1723 439 1765 soletad
451 1723 663 1773 cupiendos
683 1721 895 1772 Principum
910 1721 1068 1765 animos.
1131 1722 1245 1772 Illud,
1277 1727 1436 1776 opinor,
1464 1726 1638 1778 AEgyptii
1662 1729 1851 1767 volebant:

45 1780 224 1828 innuere,
253 1781 342 1822 cum
368 1781 511 1821 Leonis
536 1783 698 1833 effigiem
733 1782 912 1831 Principis
950 1779 1003 1820 sui
1041 1782 1154 1832 capiti
1182 1783 1437 1834 imponerent.
1493 1785 1586 1825 Nec
1619 1787 1746 1827 honor
1764 1786 1848 1837 est,

13 1886 15 1890 ¹
45 1850 120 1881 uec
137 1843 367 1893 reverentia,
399 1840 564 1881 ubi·non
582 1840 638 1884 est
661 1841 791 1890 aliquis
808 1841 933 1878 timor.
1019 1840 1139 1893 Quod
1162 1842 1186 1880 li
1207 1842 1317 1882 semel
1333 1845 1497 1889 rescierit
1521 1845 1709 1897 populus,
1740 1847 1849 1887 Prin-

45 1900 171 1951 eipem
203 1893 408 1940 'ir'ascifnun
439 1900 568 1950 posse,
598 1899 661 1938 sed
690 1898 840 1949 placido
873 1899 1038 1949 semper,
1069 1911 1114 1940 ac
1138 1900 1305 1952 benigno
1329 1914 1414 1954 erga
1444 1915 1578 1943 omnes
1615 1904 1690 1945 esl‘e
1708 1908 1847 1955 vultu,

45 1958 368 1999 contemnendum
389 1958 512 1997 ducit:
544 1956 692 1996 Verum
715 1958 892 1995 severitas
916 1957 983 1995 ista
1007 1971 1085 1998 non
1121 1959 1319 2000 confestim
1349 1962 1394 2000 ad
1428 1966 1698 2004 executionem
1727 1964 1848 2005 debet:

45 2017 297 2067 descendere,
328 2015 480 2070 quando
501 2017 750 2057 comminatio
770 2016 919 2056 sufficit:
950 2025 1042 2056 tunc
1069 2020 1168 2058 enim
1194 2019 1342 2060 necesse
1368 2034 1447 2060 non
1478 2024 1568 2071 erit,
1599 2025 1846 2066 commoveri

43 2076 226 2130 Principis
245 2082 430 2119 animum:
461 2078 543 2119 satis
559 2076 639 2125 est,
670 2075 900 2116 severiorem
918 2074 1085 2118 frontem
1110 2077 1321 2119 ostendere.
1379 2080 1476 2120 Non
1492 2085 1597 2122 exuit
1615 2086 1844 2136 gravitatem

46 2138 148 2179 suam
178 2133 288 2187 Leo,
317 2150 391 2179 nec
405 2137 454 2178 de
477 2138 617 2177 damno
634 2137 881 2175 animantibus
897 2134 975 2175 aliis
990 2136 1190 2179 inferendo
1206 2141 1366 2190 cogitat3
1396 2144 1485 2192 quin
1506 2142 1585 2182 solo
1598 2143 1750 2195 aspectu
1766 2154 1844 2183 ter-

45 2206 172 2237 torem
204 2196 282 2252 (d)
313 2200 490 2239 omnibus
529 2198 681 2236 incutitt
711 2205 813 2235 tanta
834 2196 892 2234 vis
920 2194 1127 2247 Majestatis
1149 2200 1188 2237 in
1222 2201 1342 2238 oculis
1375 2203 1453 2250 ejus
1470 2201 1573 2241 inest.
1632 2205 1687 2242 At
1709 2205 1841 2251 enim,

42 2258 223 2308 quoniam
247 2256 404 2310 expedit
427 2257 640 2305 interdum,
672 2257 750 2295 vim
776 2255 927 2302 astutia,
958 2255 1304 2309 &indignationem
1335 2259 1567 2312 benignitate
1596 2271 1744 2315 tegere,
1769 2262 1842 2301 dis-

42 2316 253 2359 simulando
274 2319 471 2371 tantisper.
499 2327 561 2356 aut
578 2317 762 2367 tempori,
792 2316 830 2355 &
855 2315 1021 2367 personis
1052 2317 1087 2356 se
1119 2319 1467 2359 accommodando:
1493 2320 1581 2360 ideo
1607 2323 1643 2360 in
1667 2321 1842 2373 praesenti

43 2374 286 2417 Embletnate
305 2390 383 2417 non
412 2386 617 2417 coronatur
643 2376 785 2416 Leonis
815 2385 930 2427 caput
967 2377 1131 2428 vulpinis
1152 2379 1313 2428 artibus,
1345 2378 1534 2420 indecoris
1564 2381 1602 2421 &
1629 2380 1841 2421 fraudalen-

44 2436 113 2483 tis,
140 2435 316 2488 adeoque
341 2437 499 2490 indignis
524 2438 704 2489 generoso
735 2436 772 2476 δε
796 2437 1035 2487 magnanimo
1063 2436 1246 2490 Principis
1273 2437 1452 2490 pe&ore;
1483 2440 1544 2479 sed
1573 2441 1840 2492 serpentibus,

44 2494 193 2546 imperii
214 2496 252 2535 &
271 2496 477 2548 Maiestatis
505 2496 698 2549 prudentis
726 2509 770 2536 ac
793 2496 977 2549 vigilantis
993 2496 1194 2547 symbolo,
1224 2507 1339 2550 atque
1355 2501 1392 2539 in
1403 2501 1516 2541 literis
1535 2500 1645 2539 sacris
1669 2500 1840 2539 Pruden-

47 2555 112 2594 tiae
131 2554 438 2607 hieroglyphico:
467 2555 648 2607 siquidem
667 2557 815 2596 illorum
833 2555 964 2596 astutia
986 2556 1025 2595 in
1047 2557 1192 2596 tuendo
1209 2560 1335 2609 capite
1362 2560 1400 2598 in
1433 2559 1654 2599 obturandis
1684 2560 1839 2599 auribus

45 2624 180 2654 contra
196 2615 432 2665 incanantes,
464 2617 501 2656 &
520 2617 556 2655 in
575 2616 686 2656 rebus
709 2618 806 2665 aliis,
837 2616 883 2656 ad
905 2614 1164 2656 defensionem
1180 2620 1379 2669 proprium
1405 2618 1565 2658 attendit
1601 2619 1738 2666 solum,
1755 2631 1840 2659 non

45 2673 95 2713 ad
117 2675 274 2714 aliorum
299 2686 542 2716 nocumenta.
599 2675 662 2715 Ad
684 2676 849 2716 eundem
883 2674 1020 2723 finem,
1052 2675 1088 2715 &
1121 2689 1193 2728 pro
1220 2677 1399 2716 similibus
1427 2677 1573 2716 casibus
1604 2677 1839 2719 Emblemati

44 2733 136 2775 huic
163 2734 326 2786 inscripsi
349 2736 471 2775 verbo
494 2737 571 2775 illa:
605 2742 645 2774 ut
651 2733 741 2786 sciat
757 2749 923 2789 regnare,
953 2734 1147 2787 desumpta
1167 2734 1188 2775 e
1212 2735 1449 2775 documento
1465 2739 1530 2776 illo
1554 2736 1842 2778 LudoviciUn·

45 2793 186 2835 decimi
205 2794 322 2847 Regis
343 2793 530 2844 Franciae,
561 2794 665 2845 quod
691 2795 812 2836 solum
839 2797 962 2835 voluit
978 2826 989 2843 ‚
1019 2804 1062 2834 ut
1090 2795 1297 2835 addisceret
1326 2795 1422 2836 filius
1437 2797 1522 2837 suus
1544 2797 1703 2837 Carolus
1720 2797 1840 2838 Otta-

47 2863 135 2898 vus.
194 2853 271 2912 Qui
292 2850 389 2904 nestit
405 2851 732 2908 dffmzdaremeftst
750 2868 905 2908 regnare.
964 2854 1006 2894 In
1030 2866 1108 2906 quo
1138 2864 1220 2895 tota
1242 2856 1419 2908 regnandi
1449 2857 1600 2896 scientia
1622 2858 1837 2900 summatim.

47 2914 396 2969 comprehenditur.
457 2911 602 2967 Magna
617 2923 740 2955 tamen
756 2916 819 2956 hic
836 2914 1039 2967 prudentia
1063 2926 1160 2968 opus
1178 2915 1253 2965 est,
1281 2928 1330 2955 ne
1350 2927 1417 2971 aut·
1443 2918 1501 2956 vis
1531 2918 1568 2956 in
1596 2918 1836 2967 tyrannidem

873 2975 915 3014 V
938 2987 966 3015 v
1749 2989 1836 3015 ver·

149 3059 188 3104 (a
190 3060 213 3100 )>
232 3057 328 3098 Fuit,
352 3057 407 3092 cui
422 3056 461 3091 in
477 3053 678 3091 traaandis
692 3057 836 3106 negotiis
854 3054 948 3092 dolus
961 3054 1074 3091 malus
1083 3054 1252 3108 placeret,
1273 3070 1371 3108 quem
1387 3056 1470 3108 Regi
1490 3055 1764 3101 convenireffine
1775 3069 1835 3091 ne-

48 3117 105 3143 mo
118 3106 268 3150 dixerit,
295 3106 361 3158 etsi
378 3120 445 3145 non
472 3105 608 3154 desimt,
635 3108 694 3158 qui
722 3109 760 3143 in
781 3117 859 3145 tam
879 3106 992 3145 crebro
1017 3106 1077 3153 usic
1097 3106 1195 3144 hodie
1215 3106 1284 3144 doli
1304 3108 1407 3149 mali,
1440 3108 1656 3155 necessarium
1675 3119 1751 3143 cum
1773 3106 1834 3154 effe

51 3155 242 3200 dicant-ad
254 3159 474 3213 publicarum
490 3173 607 3197 rerum
619 3157 965 3211 administrationem.
993 3161 1119 3211 Polyb.
1137 3160 1199 3196 lib.
1224 3173 1279 3208 13.
1304 3161 1436 3198 Histor.
1489 3163 1548 3207 (b)
1572 3156 1677 3196 Nihil
1695 3156 1839 3210 gloriosi

49 3207 121 3253 nili
144 3214 278 3254 t‘utum,
302 3212 347 3256 (ῤ’
372 3215 490 3251 omnia
511 3211 698 3250 retinenda
718 3211 960 3250 dominationis
973 3211 1121 3265 honesta.
1149 3212 1217 3249 Sal.
1271 3215 1474 3260 (c)·Senec.
1496 3211 1532 3248 in
1554 3213 1721 3261 Tragoed.
1735 3212 1830 3264 Thy-

54 3261 116 3304 est.
164 3265 226 3314 (d)
248 3263 530 3320 Leofurtg‘fflmus
541 3263 743 3319 bestiarum,
771 3263 823 3305 ad
839 3265 965 3306 nullius
978 3264 1121 3323 parebit
1141 3263 1319 3316 occmficm.
1347 3267 1456 3306 Prov.
1479 3277 1536 3312 30·
1565 3276 1621 3311 30.
