2132 3730
257 236 337 264 ¹200
690 219 1034 261 DJDACI
1084 218 1618 264 SAAVEDRAE.

518 286 608 293 ————

253 308 292 348 &
317 309 427 347 thura
448 304 624 350 adolent,
655 303 833 352 precibus
855 302 924 340 suis
942 314 986 340 ac
1007 302 1110 340 votis
1132 304 1312 342 auxilium
1338 304 1407 342 illis
1436 301 1510 356 (a)
1529 305 1787 355 implorantes.
1849 305 2047 358 Quemad-

252 368 411 407 modum
431 365 524 404 vero
546 360 722 401 industria
748 363 924 401 immutat
944 360 1100 402 subinde
1116 361 1262 402 cursum
1285 362 1450 402 fluminis
1471 391 1484 410 ,
1515 363 1552 402 &
1573 365 1798 404 alioversum
1823 364 1945 418 dirigit
1961 375 1976 416 3
1998 367 2048 404 ita
2124 354 2131 436 J

251 426 297 468 fit
315 425 503 466 interdum
523 452 535 471 ,
567 431 609 460 ut
641 422 705 472 qui
731 423 886 474 negotia
905 426 942 460 in
963 423 1042 461 avis
1067 421 1238 472 habent,
1267 422 1400 462 teneto
1429 422 1620 463 ordinario
1654 425 1897 476 negotiorum
1932 427 2046 464 alveo
2123 411 2130 469 ‘J

250 487 330 527 hoc
348 484 401 524 est
419 484 594 534 Principe
610 509 623 530 ,
654 481 811 532 ejusque
831 481 994 520 consiliis
1018 511 1029 529 ,
1058 492 1127 532 per
1142 479 1255 520 alium
1277 484 1462 537 aliquem,
1484 485 1549 534 qui
1568 483 1732 535 Principi
1758 484 1907 524 charior
1930 484 1967 523 &
1992 483 2047 523 fa-

250 545 426 587 miliarior
443 541 517 590 est,
545 553 591 581 ea
619 540 794 580 derivare
817 541 959 580 soleant
979 556 991 592 3
1023 541 1128 591 cujus
1157 539 1295 580 deinde
1319 552 1417 581 artes
1446 545 1601 594 gratiam
1619 542 1671 582 fic
1693 543 1797 594 quasi
1816 546 2050 596 captivatam

249 605 442 652 detinent,
472 608 514 641 ut
541 601 846 642 Prudentiffimus
877 602 990 640 etiam
1020 602 1199 651 Princeps
1216 601 1322 640 abiis
1344 602 1419 641 sese
1435 604 1618 654 expedire
1646 612 1844 653 nequeat.>
1906 602 2051 647 Nemo,

245 664 394 702 cautior
420 692 434 711 ,
465 674 582 702 nemo
614 663 730 713 magis
748 660 799 700 sui
825 661 1017 700 Dominus
1042 691 1054 709 ,
1085 659 1197 712 quain
1214 659 1287 714 (b)
1316 660 1516 709 Tibei·ius;
1550 661 1588 702 &
1606 671 1733 701 tamen
1759 662 1895 713 Sejano
1908 663 1944 702 se
1961 664 2047 703 sub-

245 722 351 762 didit.
413 722 455 762 In
471 733 549 773 quo
568 721 651 762 casu
677 721 803 761 nescio
825 720 912 760 sane
936 752 947 769 ,
977 733 1068 760 num
1088 720 1201 759 favor
1219 719 1282 759 ille
1299 720 1464 761 humana
1488 722 1533 762 sit
1554 720 1694 764 eleffio
1711 751 1724 770 ,
1754 734 1800 761 an
1832 724 1961 774 potius
1987 724 2046 762 vis

243 781 369 834 aliqua
388 781 557 834 superior
577 781 623 821 ad
641 782 760 832 niaJ'us
777 782 935 829 bonum,
951 783 1013 819 vel
1035 780 1211 819 damnum
1237 780 1487 832 Reipublicae.
1549 781 1710 834 Spiritus
1727 780 1872 821 sanetus
1891 783 1961 830 ait,
1979 782 2049 822 fin·
2120 814 2132 826 1,

240 844 374 895 gulare
395 842 470 882 Dei
497 841 571 881 effe
599 841 665 894 (c)
687 840 884 892 judicium.
946 840 995 879 Et
1025 840 1052 880 si
1075 840 1212 880 Tacito
1235 839 1310 892 (d)
1325 839 1538 890 credimus,
1569 841 1725 893 Sejanus
1749 838 2047 892 rzontanzsblertia
2119 835 2121 891 J

241 903 269 954 ζ
287 906 407 956 quippe
427 901 542 942 iisdem
569 902 708 941 artibus
731 901 848 939 vic‘tus
873 897 959 952 est)
993 914 1096 953 quam
1119 898 1234 940 Deam
1250 902 1308 939 ira
1327 902 1363 939 in
1378 913 1451 939 rem
1476 901 1688 950 Romanam,
1713 902 1809 955 clf-jas
1830 903 1918 952 pari
1944 903 2046 940 exitio
2119 922 2121 939 ι

239 964 377 1014 viguit,
408 960 599 1015 ceciditque.
660 960 856 999 Damnum
872 989 885 1009 ,
915 960 1019 1010 quod
1042 961 1170 999 caveri
1189 961 1256 999 vix
1279 958 1428 1011 potest,
1446 961 1600 1011 quando
1624 962 1772 1012 privata
1788 962 1848 1000 illa
1872 962 2047 1004 benevo-
2118 967 2120 1011 J

240 1023 356 1061 lentia
406 1021 507 1059 cadit
546 1022 584 1059 in
623 1019 761 1059 Virum
803 1021 968 1071 aliquem
1008 1032 1208 1073 magnum,
1240 1021 1295 1059 uti
1336 1019 1567 1071 plerumque
1582 1021 1621 1059 in
1651 1021 1742 1059 aulis
1773 1019 1853 1059 fieri
1893 1018 2046 1068 assolet,

239 1081 304 1119 ubi
341 1082 452 1132 primi
514 1078 536 1119 ὲ
585 1079 804 1120 Nobilitate
851 1080 1018 1120 serviunt
1043 1094 1053 1120 ε
1095 1092 1184 1119 nani
1234 1081 1298 1130 qui
1340 1078 1387 1119 ad
1437 1081 1538 1119 illam
1589 1078 1880 1119 familiaritatem
1931 1080 2046 1119 semel

238 1139 409 1180 deieetus
472 1139 588 1179 fuerit
618 1171 629 1188 ,
678 1138 904 1179 auctoritate
951 1139 1135 1192 sanguinis
1157 1169 1170 1188 ‚
1222 1138 1261 1178 &
1305 1137 1456 1179 familiae
1512 1138 1763 1190 amplitudine
1802 1151 1884 1179 eam
1926 1151 2047 1190 porro

237 1202 335 1239 tueri
368 1200 600 1248 conabitur,
629 1211 702 1240 nec
745 1199 859 1239 facile
889 1200 935 1238 ab
982 1211 1026 1238 ea
1051 1199 1244 1238 dimoveri
1277 1198 1313 1238 se
1340 1198 1361 1238 a
1389 1211 1583 1250 quoquam
1616 1201 1810 1250 patietur:
1843 1197 2045 1250 quomodo

237 1258 384 1300 faetum
410 1259 502 1300 olim
525 1260 658 1312 Joanni
680 1258 882 1312 Alphonso
901 1258 1086 1299 Roblefio
1111 1258 1176 1313 (ε)
1199 1259 1439 1309 temporibus
1454 1258 1609 1311 Joaiinis
1625 1257 1792 1298 Secundi
1810 1259 1938 1311 Regis,
1998 1256 2045 1296 Il-

234 1320 301 1359 lud
317 1322 492 1360 nimirum
512 1332 602 1360 ineo
621 1319 766 1369 judicio
788 1321 947 1359 innuere
969 1320 1093 1359 voluit
1114 1320 1200 1358 Rex
1222 1318 1442 1369 Alplionsus
1470 1318 1628 1369 Sapiens
1643 1348 1655 1367 ,
1687 1318 1844 1369 quando
1859 1329 1973 1370 agens
1998 1317 2047 1356 de

234 1379 390 1419 Familia
407 1382 507 1432 regia
529 1383 567 1420 in
591 1379 753 1431 quadam
776 1380 837 1419 sua
857 1378 940 1430 lege
964 1379 1014 1417 sic
1044 1380 1225 1428 loquitur.
1291 1374 1376 1430 (f)
1405 1379 1446 1417 E
1462 1376 1608 1433 osroside
1626 1377 1673 1416 los
1687 1377 1816 1425 nobles,
1847 1390 1931 1416 omes
1955 1379 1970 1415 ὲ
1982 1386 2046 1428 po·-

233 1437 360 1490 (lerqsbs
382 1454 445 1479 1107}
451 1437 491 1490 st?
499 1439 610 1491 puede
638 1439 667 1478 el
686 1440 763 1491 Ray
796 1436 998 1489 blesiso-vir
1017 1469 1030 1486 ,
1060 1451 1100 1476 en
1132 1438 1180 1477 los
1211 1434 1319 1488 ofin-ios
1347 1435 1387 1475 de
1418 1436 1505 1476 cada
1536 1435 1606 1476 dia.
1690 1437 1740 1476 Ca
1752 1445 1822 1488 por
1847 1437 1880 1475 Ia
1905 1436 2044 1476 nobleza

233 1498 461 1539 desdeffiarimz
485 1500 515 1538 el
526 1497 671 1551 servicio
688 1496 848 1538 cotidiano
867 1511 877 1536 .·
907 1498 922 1534 1>
930 1506 998 1548 por
1015 1497 1044 1536 el
1057 1496 1197 1548 poderio
1219 1493 1412 1546 affre-versi}
1432 1509 1497 1548 yefz
1524 1498 1549 1535 ὰ
1565 1493 1681 1547 fazer
1700 1492 1788 1545 cosizs
1806 1527 1819 1545 ,
1849 1492 1954 1548 quest?
1973 1503 2046 1534 tor-

232 1560 360 1598 nar-ian
384 1572 424 1598 en
438 1558 532 1599 dana
549 1590 560 1607 ,
589 1572 606 1597 e
623 1572 664 1597 en
686 1554 956 1608 desprecianwnto
982 1556 1046 1600 del,
1121 1557 1180 1597 Ac
1200 1563 1378 1606 praetel'ea
1409 1555 1590 1594 Nobilibus
1615 1562 1721 1607 atque
1743 1554 1980 1606 Optimatibus
1999 1552 2052 1592 aa!

229 1618 429 1671 quotidiana
453 1620 505 1657 uti
519 1615 670 1670 obsequia
690 1629 902 1670 nequaquam
926 1614 1101 1659 consultum
1125 1614 1173 1669 cst
1192 1614 1339 1666 regibus.
1425 1612 1651 1654 stletuendum
1674 1615 1760 1654 enim
1783 1610 1857 1666 cffit
1873 1644 1886 1663 ,
1915 1627 1956 1652 ne
1979 1621 2043 1653 aut

228 1677 268 1717 ob
279 1680 413 1728 generis
432 1677 626 1716 claritatem
654 1677 725 1715 haec
748 1683 860 1726 utpote
886 1675 1014 1715 viliora
1036 1673 1258 1726 dedignentur
1278 1704 1290 1721 ,
1317 1680 1381 1712 aut
1397 1673 1513 1724 opibus
1525 1686 1566 1712 ac
1579 1675 1746 1725 potentia
1748 1670 1864 1723 freti,
1879 1673 1965 1713 talia
1981 1687 2044 1712 cm-

228 1735 331 1775 deant
351 1767 364 1785 ,
394 1738 412 1774 ὲ
437 1735 561 1789 quibus
591 1732 730 1774 dedecus
746 1736 820 1786 regi
836 1766 848 1783 ,
888 1747 928 1772 ac
964 1733 1201 1773 detrimentem
1231 1740 1423 1773 crearetur.
1511 1733 1591 1771 Cor
1627 1732 1812 1785 Principis
1846 1744 2043 1784 nunquam

227 1796 307 1835 fine
323 1797 498 1847 periculo
519 1793 574 1835 est
594 1796 631 1834 in
655 1805 771 1834 manu
791 1793 929 1833 subditi
946 1823 958 1842 ,
989 1805 1105 1845 quem
1137 1794 1188 1833 ob
1219 1793 1403 1845 sanguinis
1424 1793 1633 1832 claritatem
1658 1823 1671 1840 ,
1702 1792 1740 1832 δε
1760 1793 1947 1845 potentiae
1963 1805 2042 1832 am·

229 1856 458 1908 plitudinem
481 1857 540 1894 alii
566 1854 782 1903 suspiciunt.
846 1853 1078 1905 Quanquam
1093 1877 1104 1885 -
1136 1853 1164 1893 fi
1193 1855 1310 1905 gratia
1342 1854 1404 1892 illa
1428 1852 1539 1892 cadat
1560 1854 1596 1892 in
1614 1852 1756 1892 Virum*
1781 1854 1946 1904 aliquem
1966 1864 2044 1894 ma-

229 1928 345 1967 gnum
363 1945 376 1962 ‚
406 1915 574 1956 zelosum
599 1913 636 1952 δε
660 1922 850 1951 attentum
883 1911 930 1950 ad
951 1912 1176 1963 obsequium
1192 1941 1204 1959 ‚
1236 1912 1273 1950 &
1295 1912 1485 1959 honorem
1509 1913 1562 1951 sui
1584 1912 1767 1964 Principis
1791 1943 1805 1962 ,
1836 1913 1874 1953 &
1892 1912 1944 1952 aad
1971 1913 2044 1952 bo«

227 1987 321 2015 num
350 1972 574 2025 publicum,
607 1973 730 2011 minus
758 1972 874 2010 habet
894 1972 1081 2022 periculi:
1113 1972 1150 2009 in
1179 1981 1227 2009 eo
1244 1971 1344 2008 enim
1370 1971 1455 2009 casu
1483 1982 1561 2009 non
1590 1979 1694 2009 tanta
1712 1973 1783 2009 erit
1808 1971 1976 2019 invidia,
2001 1971 2040 2011 &

230 2034 362 2075 odium
390 2035 523 2084 populi
544 2062 556 2080 ,
588 2032 624 2071 &
655 2031 898 2070 obedientior
918 2029 982 2069 fiet
1005 2032 1171 2082 imperiis
1185 2059 1197 2077 ,
1230 2041 1313 2080 quae
1328 2041 1397 2081 per
1415 2029 1494 2079 ejus
1510 2041 1641 2068 manus
1665 2039 1757 2068 eunt
1776 2030 1823 2069 ad
1845 2032 1954 2075 alios.
1994 2030 2042 2070 11.

229 2094 297 2134 lud
327 2104 455 2133 tamen
477 2104 670 2143 nunquam
693 2103 772 2130 non
789 2091 860 2128 erit
877 2091 1039 2142 perutile
1062 2119 1075 2137 ‚
1106 2089 1132 2128 si
1162 2089 1344 2139 Princeps
1377 2089 1478 2127 suain
1509 2089 1823 2128 benevolentiam
1850 2091 1949 2130 inter
1974 2103 2039 2129 au·
2100 2127 2101 2130 ,

229 2153 448 2194 §toritatem
474 2152 574 2190 suam
588 2181 600 2198 ,
632 2151 669 2189 &
683 2151 809 2190 Amici
824 2150 958 2188 merita
975 2149 1079 2201 quasi
1097 2150 1136 2188 in
1151 2148 1360 2198 aequilibrio
1377 2148 1603 2186 conservare
1622 2149 1777 2187 noverit
1795 2178 1808 2196 ,
1838 2151 1876 2188 in
1893 2160 2042 2201 partem
2100 2166 2101 2172 ¹

229 2213 378 2254 tantum
401 2211 684 2264 gubernationis
702 2239 716 2259 ,
745 2221 858 2261 quam
879 2208 978 2249 solus
1006 2207 1184 2249 sustinere
1206 2219 1286 2246 non
1313 2205 1442 2259 potest
1460 2237 1472 2255 ,
1503 2218 1591 2245 eum
1619 2206 1873 2247 admittendo.
1933 2207 2042 2248 Nam

228 2274 257 2316 fi
275 2283 402 2314 totum
425 2269 477 2312 illi
504 2271 703 2311 commitat
724 2299 736 2319 ,
766 2269 893 2309 officio
912 2267 1096 2322 Principis
1121 2267 1158 2307 se
1175 2276 1312 2315 exuet,
1332 2267 1629 2318 experieturque
1649 2268 1897 2308 incommoda
1913 2298 1926 2317 ,
1955 2281 2042 2320 quae

229 2334 319 2374 Rex
342 2331 518 2373 Affuerus
538 2331 733 2383 quondam
758 2338 939 2380 expertus
955 2327 1030 2368 fuit
1053 2358 1066 2377 ,
1097 2325 1299 2380 postquam
1319 2326 1491 2366 subditos
1508 2326 1593 2365 suos
1619 2337 1754 2366 omnes
1780 2327 1916 2368 Amani
1941 2329 2038 2369 arbi·

228 2396 303 2434 trio
326 2391 401 2447 (g)
423 2390 656 2444 permisisset.
718 2388 840 2442 Quod
856 2390 976 2441 largiri
993 2388 1071 2440 ipse
1088 2385 1218 2439 potest
1235 2416 1248 2434 ,
1279 2396 1343 2424 aut
1366 2385 1518 2425 firmare
1535 2398 1648 2425 manu
1667 2416 1680 2435 ,
1707 2385 1747 2425 id
1769 2398 1819 2426 ne
1839 2388 2038 2440 largiatur,

232 2463 296 2493 aut
316 2451 440 2492 firmet
460 2453 590 2491 aliena.
650 2449 783 2490 Oculis
801 2451 959 2488 aliorum
978 2449 1033 2488 uti
1047 2459 1126 2487 non
1144 2446 1261 2486 debet
1281 2446 1432 2498 quisuis
1448 2446 1579 2487 videre
1599 2444 1726 2497 potest
1743 2448 1878 2487 oculis.
1939 2447 2041 2501 Quae
2092 2495 2096 2501 r

230 2513 278 2553 ad
305 2512 523 2552 Tribunalia
539 2511 577 2551 δι
604 2509 757 2549 consilia
777 2509 988 2561 pertinent,
1019 2509 1056 2547 in
1074 2506 1207 2546 iisdem
1229 2505 1508 2558 pertractetur,
1532 2505 1609 2558 ipse
1627 2504 1767 2546 deinde
1785 2516 1969 2547 oretenus
1985 2507 2037 2547 de
2090 2510 2097 2549 *j

230 2575 274 2613 iis
297 2572 431 2612 statuat
448 2583 537 2611 cuin
558 2569 804 2617 Praesidibus,
835 2568 873 2608 δι
887 2569 950 2617 iis,
971 2569 1036 2621 qui
1058 2566 1078 2606 a
1095 2567 1249 2606 secretis
1263 2565 1346 2605 sunt
1360 2597 1372 2617 ,
1403 2579 1568 2618 quorum
1584 2567 1770 2606 relatione
1787 2569 2038 2619 negotiorum

228 2634 402 2674 notitiam
431 2633 608 2678 hauriet3
637 2636 750 2670 erunt
772 2638 900 2669 autem
922 2627 1097 2680 responsa
1113 2626 1229 2679 ipsius
1252 2626 1385 2665 brevia
1405 2657 1417 2675 ‚
1449 2626 1486 2666 δε
1505 2635 1689 2678 quantum
1707 2625 1789 2667 fieri
1805 2628 1957 2675 licebit,
1987 2626 2037 2667 ad
2094 2646 2095 2649 ¹
2129 2655 2132 2664 Δ

225 2693 374 2746 justitiae
395 2705 568 2731 noi-main
591 2721 604 2739 ,
636 2689 749 2741 quam
772 2691 918 2740 optima
948 2719 958 2737 ‚
989 2690 1127 2728 collata
1148 2698 1235 2726 cum
1264 2686 1307 2724 iis
1329 2686 1440 2737 ipsis,
1464 2699 1534 2738 per
1550 2698 1648 2737 quos
1675 2689 1830 2739 negotia
1851 2687 1917 2727 ista
1934 2685 2036 2741 gesta
2093 2703 2095 2708 ’
2124 2685 2126 2691 ’

228 2753 382 2793 fuerint.
444 2752 499 2790 lta
526 2750 732 2790 Pontifices
755 2749 877 2789 solent
893 2778 905 2795 ,
937 2748 975 2788 &
1000 2743 1276 2800 Imperatores,
1306 2745 1344 2784 &
1366 2747 1459 2786 olim
1486 2745 1537 2786 sic
1555 2745 1748 2786 faciebant
1771 2745 2038 2800 Hispaniarum
2092 2761 2093 2765 ¹
2128 2747 2130 2750 ’

225 2813 353 2864 Reges
382 2811 509 2850 donec
538 2811 733 2861 Philippus
772 2807 1002 2856 Secundus,
1041 2817 1181 2860 utpote
1207 2807 1339 2844 calami
1363 2808 1480 2859 gloria
1506 2806 1657 2859 insignis
1674 2838 1685 2856 ,
1721 2807 1961 2855 introduxit,
1992 2815 2035 2845 ut

227 2872 524 2912 consultationes
546 2870 595 2910 de
610 2871 749 2922 scripto
769 2868 906 2910 fierent
928 2898 940 2918 ,
972 2870 1037 2920 qui
1061 2880 1146 2908 mos
1168 2865 1349 2917 deinceps
1374 2868 1534 2907 invaluit
1554 2896 1567 2916 ,
1599 2867 1637 2906 δε
1661 2868 1819 2919 privatae
1846 2867 2034 2906 familiari-

1967 2937 2037 2965 tari

436 2993 489 3000 „—

324 3012 380 3059 (a)
407 3008 606 3047 Multimdo
622 3019 742 3046 autem
759 3008 936 3045 homimem
967 3007 1122 3045 abduc‘t'a
1131 3017 1194 3059 per
1207 3005 1353 3058 speciem
1369 3008 1476 3059 operis
1491 3033 1499 3046 ,
1528 3020 1605 3042 eum
1619 3007 1679 3057 qui
1698 3016 1783 3041 astte
1798 3015 1940 3056 tenpus,
1955 3015 2037 3042 tani--
2092 3049 2094 3057 .

225 3078 333 3118 quam
353 3061 448 3099 homo
467 3060 654 3098 honoratus
665 3061 816 3111 fuerat,
841 3075 931 3097 nunc
942 3067 1054 3098 Deum
1068 3058 1340 3110 aestimaverant.
1365 3072 1420 3108 14.
1441 3073 1501 3095 20.
1556 3060 1616 3106 (b)
1651 3056 1826 3093 Tiberium
1840 3059 1960 3094 variis
1975 3072 2035 3095 ar-
2091 3060 2093 3090 ἕ

225 3116 318 3154 tibus
332 3115 504 3154 devinxit
517 3143 527 3159 ,
555 3113 639 3150 adeo
659 3124 701 3149 ut
716 3112 888 3159 obfiurum
910 3111 1079 3159 adverstts
1096 3111 1183 3147 alios
1199 3138 1207 3152 ‚
1223 3109 1295 3160 fibi
1314 3113 1378 3147 uni
1398 3113 1581 3148 incautum
1594 3136 1603 3149 ‚
1627 3110 1864 3162 intecJumqae
1878 3109 2032 3160 efficeret.
2091 3119 2092 3137 ³
2130 3134 2132 3143 1

225 3171 312 3206 Tae.
330 3169 391 3205 lib.
418 3182 445 3207 1.
476 3168 608 3204 Annal.
658 3167 715 3213 (c)
741 3166 857 3203 Multi
869 3167 1055 3218 requirunt
1067 3162 1207 3215 faciem
1226 3165 1394 3216 Principis
1410 3190 1419 3205 ,
1441 3162 1487 3206 όν
1502 3161 1680 3212 judicium
1700 3164 1724 3198 ,εὶ
1739 3164 1883 3199 Domino
1900 3163 2033 3215 egredi·
2090 3171 2092 3195 ἑ

226 3232 289 3259 tur
305 3219 534 3272 fingulorum.
563 3221 672 3257 Prov.
691 3231 752 3263 29.
774 3223 833 3256 26.
905 3220 965 3266 (d)
980 3221 1066 3255 Tac.
1087 3217 1110 3253 l.
1137 3230 1173 3264 4.
1192 3217 1320 3258 Annal,
1376 3220 1435 3261 (c)
1462 3213 1794 3265 Mar.hist0r.Hii'p.
1811 3216 1836 3251 l.
1854 3228 1915 3252 20.
1933 3228 2030 3261 c.15.
2089 3215 2091 3218 ⁴
2124 3220 2132 3258 ἦ

227 3274 279 3321 (l)
299 3274 336 3311 L.
361 3287 392 3310 2.
418 3285 459 3310 tt.
481 3286 518 3319 9.
546 3284 624 3322 pag.
652 3285 686 3309 2.
711 3271 771 3319 (g)
799 3270 972 3323 Depopulo
992 3283 1064 3323 *age
1087 3296 1096 3310 ,
1120 3268 1211 3322 quod
1234 3266 1303 3306 tibi
1318 3268 1449 3321 placet.
1470 3268 1536 3304 Est.
1556 3281 1591 3307 2.
1615 3278 1672 3308 11,
2089 3270 2090 3276 ’
2129 3264 2132 3274 ⁴
