2132 3730
251 236 333 276 11'2
681 225 1035 270 DIDACI
1089 224 1631 275 SAAVEDR‘AE.

248 291 760 306 Μ
778 290 1291 300 Q

249 328 356 359 mnes
371 315 454 356 istas
464 311 645 362 temporis
660 308 889 349 differentias
904 311 941 348 in
961 309 1202 351 Eniblemate
1218 312 1390 364 praesenti
1401 313 1551 365 serpens
1565 318 1828 368 repraescntat3
1843 319 2055 359 Prudentiae

246 373 494 428 Symbolum,
514 370 621 421 supra
636 369 872 421 clepsydram
898 372 1125 420 arenariam,
1138 383 1223 422 qua:
1240 373 1432 424 praesentis
1445 376 1898 430 currentisquetemporis
1910 378 1963 417 est
1974 379 2054 418 hie·

248 434 516 490 soglyphicum
526 443 538 478 ;
548 431 738 481 sceptrum
756 429 860 484 spiris
870 429 941 470 suis
956 430 1148 480 ambiens,
1177 430 1215 471 &
1225 432 1491 485 contemplans
1502 434 1578 475 sese
1593 436 1631 475 in
1642 435 1783 488 duplici
1796 435 1949 489 speculo
1964 451 2055 488 prae-

248 497 347 537 teriti
365 490 548 542 temporis
566 489 603 529 δι
631 488 750 529 futuri
767 500 782 543 3
812 501 885 542 pro
906 493 1084 530 lemmate
1107 489 1205 530 vero
1226 493 1382 543 ponitur
1406 493 1499 533 illud
1521 493 1685 535 Homeri
1703 508 1855 538 carmen
1883 498 1904 538 a
1931 497 2056 552 Virgi-

244 557 297 597 lio
318 549 554 599 traductum,
585 549 694 602 quod
725 550 857 592 omnia
884 550 954 591 tria
981 548 1253 604 complectitur
1271 560 1473 606 tempora:
1505 553 1581 610 (a)

388 648 504 718 Qae
514 644 618 714 fint
633 685 648 706 ‚
683 647 1020 719 quaejuerint‚
1040 666 1148 720 quae
1175 667 1296 702 mox
1320 663 1532 706 ventura
1551 652 1827 711 trahantur.

240 745 286 789 In
302 758 385 800 quae
407 747 558 786 intuens
570 746 817 788 Providentia
835 749 916 787 suas
945 747 1168 789 moderatur
1186 747 1370 792 actiones.

394 805 482 846 Tria
502 805 567 846 ista
597 817 772 859 tempora
796 807 994 860 speculum
1018 809 1103 850 sunt
1126 810 1413 863 gubernationis
1430 840 1443 860 ,
1471 812 1511 852 in
1533 823 1613 864 quo
1629 814 1816 861 maculaS,
1847 811 1885 851 δε
1905 822 2056 851 errores

242 868 456 920 praeteritos
478 868 618 919 pariter
634 897 646 916 ,
679 879 723 907 ac
742 869 947 920 praesentes
970 869 1214 910 observando
1235 899 1249 922 ,
1278 869 1354 911 sese
1364 880 1476 910 ornat
1492 870 1529 911 δι
1549 873 1698 924 expolit
1715 902 1729 922 ,
1760 871 1884 923 adjuta
1907 872 2056 924 experi—

242 929 345 968 entia
365 928 519 979 propria
533 956 545 976 ,
577 927 713 979 &ipso
734 939 862 968 rerum
885 928 953 967 usu
970 939 1204 983 comparata.
1263 929 1331 971 De
1364 931 1521 983 propria
1537 942 1609 983 ago
1632 932 1743 972 alibi:
1774 931 1874 985 Quae
1896 942 2053 983 compa-

240 996 344 1028 ratur
359 1017 371 1037 ,
404 996 469 1026 aut
494 988 846 1028 communicatione
869 1000 957 1029 cum
984 990 1086 1039 aliis,
1117 999 1182 1030 aut
1198 1001 1249 1030 ex
1264 988 1445 1031 Historiis
1460 991 1680 1042 acquiritur.
1737 991 2052 1031 Communicatio

242 1059 332 1087 cum
359 1048 436 1085 aliis
460 1058 646 1099 perquam
668 1048 768 1088 utilis
789 1047 870 1099 est,
901 1048 970 1089 etfi
987 1047 1213 1099 restridtior3
1244 1062 1333 1091 nam
1358 1050 1506 1090 facilius
1521 1051 1860 1102 comprehenditur
1877 1080 1891 1100 ,
1920 1050 1957 1091 &
1991 1051 2054 1089 ab·

241 1105 346 1146 unde
371 1107 488 1158 magis
511 1106 688 1147 satisfacit
709 1107 833 1148 dubiis
862 1109 1041 1149 omnibus
1069 1121 1114 1150 ac
1140 1108 1413 1163 quaestionibus
1430 1141 1442 1158 ,
1474 1109 1578 1150 unde
1604 1110 1817 1161 Principem
1839 1110 1973 1150 melius
1999 1111 2055 1148 in·

240 1166 360 1207 struit.
419 1165 587 1206 Historia
606 1179 739 1209 omnes
759 1167 864 1220 quasl
883 1168 1015 1210 mundi
1035 1178 1166 1208 aetates
1188 1169 1366 1220 subjicit,
1395 1169 1573 1222 illiusque
1588 1168 1781 1210 beneficio
1800 1170 1984 1209 memoria
1998 1170 2056 1208 vin

240 1237 320 1267 tam
340 1225 538 1278 Majorum
562 1228 675 1271 vivit.
735 1226 870 1268 Errata
892 1240 1027 1270 eorum
1044 1258 1057 1279 ,
1088 1230 1154 1281 qui
1180 1228 1338 1270 fuerunt
1364 1230 1592 1282 aliquando»,
1612 1241 1681 1269 eos
1698 1259 1711 1278 ,
1745 1230 1808 1281 qui
1836 1241 1939 1269 nunc
1957 1229 2053 1276 sunt,

240 1286 433 1331 erudiunt.
494 1286 627 1341 Quare
651 1287 846 1330 necessum
863 1287 918 1330 est
931 1319 943 1339 ‚
974 1298 1018 1328 ut
1045 1288 1229 1342 Princeps
1254 1292 1399 1330 amicos
1420 1289 1554 1330 fideles
1587 1289 1624 1329 δε
1645 1301 1802 1329 veraces
1825 1289 2054 1340 conquirat,

241 1348 307 1398 qui
329 1343 474 1387 sincere
492 1346 598 1387 illum
627 1346 675 1387 de
700 1349 864 1389 veritate
894 1348 1086 1389 edoceant
1109 1350 1148 1389 in
1175 1350 1355 1390 omnibus
1377 1359 1455 1389 tam
1488 1349 1707 1402 praeteritis,
1737 1346 1849 1400 quam
1867 1348 2053 1399 praesenri-

239 1407 341 1454 bus3
372 1406 410 1447 &
428 1408 608 1458 quoniam
639 1406 722 1457 isti,
749 1417 793 1448 ut
817 1408 963 1449 solebat
983 1408 1113 1449 dicere
1133 1409 1355 1460 Alphonsus
1372 1407 1566 1460 Neapolis
1585 1408 1624 1447 δε
1654 1408 1855 1459 Aragoniae
1881 1407 1991 1456 Rex,
2010 1407 2054 1446 li-

239 1467 298 1508 bri
317 1466 421 1519 quasi
446 1466 531 1507 sunt
546 1465 734 1517 historici,
766 1469 831 1519 qui
851 1480 978 1522 neque
1002 1467 1203 1509 adulantur
1223 1499 1236 1519 ,
1266 1480 1396 1521 neque
1421 1470 1547 1509 celant
1571 1477 1635 1507 aut
1663 1467 1886 1507 diffiniulant
1914 1468 2053 1506 verita-

239 1536 341 1576 tem,
373 1537 441 1566 eos
463 1527 694 1578 potiffimum
712 1529 751 1568 in
773 1527 972 1569 consilium
991 1528 1171 1568 adhibeat
1188 1558 1202 1578 ,
1232 1527 1476 1569 observando
1499 1528 1745 1580 negligentias
1765 1527 1801 1565 δε
1823 1528 1953 1577 culpas
1974 1527 2053 1565 An-

239 1584 469 1627 tecefforum
492 1598 506 1633 ς
532 1585 687 1626 fraudes
702 1617 715 1636 ,
738 1588 877 1639 quibus
894 1588 1149 1628 circumventi
1164 1587 1350 1636 fuerunt3
1380 1598 1478 1628 artes
1498 1589 1659 1635 aulicas3
1686 1585 1859 1626 intestina
1874 1586 1911 1625 δε
1929 1595 2053 1624 exter-

237 1659 288 1688 na
308 1656 514 1698 regnorum
539 1646 662 1693 mala,
695 1646 734 1685 &
762 1647 1040 1698 circumspiciat
1064 1647 1275 1699 diligenter,
1297 1660 1389 1689 num
1411 1648 1480 1688 fibi
1500 1659 1657 1699 quoque
1675 1647 1722 1685 ab
1749 1646 1882 1685 iisdem
1898 1643 2054 1695 aliquod

235 1706 450 1760 periculum
474 1703 533 1744 sit.
620 1703 805 1756 Optimus
824 1706 1040 1757 Principum
1059 1705 1244 1758 Magister
1260 1736 1273 1756 ,
1304 1717 1458 1759 tempus
1479 1705 1546 1746 est.
1608 1705 1754 1746 Saecula
1775 1706 1965 1757 praeterita
1986 1716 2053 1743 ve-

236 1766 308 1806 luti
332 1762 573 1804 Nosocomia
594 1764 769 1817 quaedam
784 1766 869 1806 sunt
884 1795 897 1815 ,
926 1766 992 1805 ubi
1010 1765 1200 1806 cadavera
1215 1766 1603 1818 Rerumpublicarum
1616 1795 1628 1814 ,
1659 1764 2019 1805 &Monarchiarum
2037 1793 2051 1816 ‚

238 1837 324 1878 quae
341 1822 544 1875 aliquando
563 1823 778 1865 floruerunt
797 1855 811 1875 ,
836 1824 1043 1865 incidendo
1061 1826 1264 1877 inspiciunt
1281 1826 1317 1866 δε
1331 1828 1514 1867 rimantur
1528 1855 1542 1874 ‚
1571 1825 1812 1873 Anatomici,
1831 1832 1874 1864 ut
1895 1823 2054 1877 praesen-

238 1893 298 1926 tes
315 1884 423 1924 tanto
452 1892 588 1923 curent
613 1884 763 1924 melius.
823 1883 977 1923 Chartae
999 1886 1161 1924 nauticae
1188 1886 1295 1932 sunt,
1315 1886 1354 1925 in
1383 1886 1523 1935 quibus
1551 1895 1640 1924 cum
1658 1885 1787 1925 alienis
1822 1881 2055 1937 tempestati-

238 1945 311 1984 bus
334 1942 505 1982 secundis
536 1941 809 1996 investigantur
826 1944 954 1982 littora
970 1971 983 1991 ,
1012 1940 1146 1981 bolide
1170 1944 1419 1993 explorantur
1435 1944 1550 1982 maria
1568 1971 1581 1989 ,
1617 1943 1751 1982 brevia
1793 1942 2024 1995 deteguntur
2039 1972 2054 1992 ,

240 2002 581 2055 deprehenduntur
608 2003 756 2054 scopuli
776 2032 796 2051 ⁷,
827 2001 866 2042 &
887 2001 1067 2054 regnandi
1084 2003 1192 2041 lineae
1213 2001 1467 2054 designantur.
1526 2000 1631 2040 Hinc
1656 2001 2055 2046 AlexanderSeverus

237 2064 451 2114 Imperator
479 2060 550 2114 (b)
572 2060 790 2115 praeficiebat
807 2062 908 2101 rebus
929 2062 1104 2109 liserasos,
1135 2060 1186 2104 &9
1217 2062 1359 2100 maxim&
1378 2092 1390 2109 ,
1420 2062 1481 2113 qui
1501 2059 1673 2111 historiam
1687 2059 1814 2100 adram·
1831 2091 1841 2109 ,
1870 2063 2052 2114 requirens

237 2122 324 2177 quid
341 2124 377 2162 in
399 2121 525 2160 talibus
561 2121 667 2172 causis
680 2152 692 2169 ,
717 2120 833 2174 quales
864 2123 900 2160 in
915 2118 1145 2171 diffamatione
1176 2116 1410 2169 versabantur
1429 2149 1439 2166 ,
1468 2126 1605 2158 veteres
1636 2119 1866 2171 Imperatores
1882 2118 2051 2173 fecg'fflmt.

237 2183 387 2223 Verum
408 2193 488 2221 non
504 2192 640 2221 omnes
669 2181 829 2221 omnino
853 2178 937 2219 libri
957 2179 1051 2219 boni
1070 2178 1267 2219 consiliarii
1302 2177 1415 2217 sunt:
1446 2179 1620 2218 nonnulli
1649 2180 1751 2218 enim
1775 2179 1956 2219 malitiam
1973 2180 2052 2219 sua-

238 2243 332 2283 dent
353 2241 392 2281 &
415 2239 569 2282 fraudes
583 2270 597 2290 ,
627 2252 712 2292 quae
728 2241 816 2293 quia
835 2240 953 2293 magiS
970 2240 1007 2279 in
1029 2237 1096 2279 usu
1110 2238 1215 2288 sunt,
1232 2250 1345 2289 quam
1360 2238 1522 2286 veritas,
1550 2238 1652 2278 bene
1664 2240 1774 2278 multi
1793 2251 1861 2279 eos
1877 2236 1942 2294 (c)
1957 2252 2056 2280 con·

238 2305 375 2345 Iulunt.
435 2300 490 2340 Illi
506 2297 672 2341 maxime
700 2300 819 2340 securi
839 2330 852 2349 ,
885 2311 983 2351 quos
1010 2299 1192 2351 sapientia
1214 2297 1343 2338 divina
1360 2294 1535 2340 dietavit.
1592 2297 1635 2338 In
1650 2298 1708 2338 his
1728 2299 1897 2351 reperire
1918 2300 2050 2340 licebit

235 2361 403 2412 Principi
420 2373 494 2412 pro
512 2360 660 2400 casibus
675 2360 856 2400 omnibus
870 2358 1070 2412 politicam
1093 2357 1284 2411 quandam
1305 2355 1520 2409 perfectam
1537 2388 1550 2405 ,
1579 2356 1618 2399 &
1646 2356 1880 2399 documenta
1910 2368 2013 2399 certa
2035 2389 2050 2412 ,

239 2424 378 2476 quibus
394 2420 431 2460 se
449 2419 524 2475 (d)
544 2419 583 2461 δε
608 2420 701 2460 alios
726 2417 798 2460 rite
827 2420 1028 2472 gubernet,
1090 2416 1149 2460 Ea
1179 2418 1229 2458 de
1250 2417 1358 2458 causa
1379 2417 1551 2470 Regibus
1575 2416 1684 2458 Istae'l
1706 2418 1744 2458 in
1772 2416 1960 2459 mandatis
1983 2419 2050 2460 de-

239 2484 376 2531 derat,
407 2491 450 2520 ut
471 2480 768 2521 Deuteronomii
796 2479 935 2520 librum
967 2479 1116 2533 semper
1137 2490 1258 2531 penes
1283 2477 1321 2518 se
1352 2477 1539 2519 haberent
1555 2507 1570 2529 ,
1598 2477 1699 2518 &ex
1724 2490 1775 2519 eo
1792 2477 1967 2532 quotidie
1993 2480 2048 2519 le-

237 2553 374 2597 gerent
404 2540 474 2596 (e)
503 2540 659 2596 aliquid.
718 2539 854 2582 Deum
877 2540 1051 2582 audimus
1068 2572 1080 2591 ,
1110 2538 1237 2581 aDeo
1264 2537 1466 2590 discimus,
1496 2539 1647 2596 quoties
1666 2538 1797 2581 divina
1813 2541 1876 2580 illa
1894 2541 2048 2580 oracula

239 2604 475 2645 evolvimus,

391 2658 428 2711 §.
461 2660 560 2699 Cum
579 2659 658 2699 hoc
683 2656 864 2699 historico
883 2656 1010 2698 studio
1030 2655 1161 2699 secure
1176 2655 1252 2698 sese
1268 2657 1412 2710 poterit
1431 2656 1621 2699 Serenitas
1641 2656 1780 2700 Vestra
1806 2659 2048 2713 gubernatio-

237 2723 297 2762 nis
319 2721 412 2760 mari
440 2720 685 2760 committere
705 2749 717 2769 ,
749 2718 964 2758 dummodo
993 2732 1065 2772 pro
1083 2718 1264 2759 nauclero
1288 2716 1333 2756 fit
1356 2729 1480 2759 rerum
1505 2719 1780 2770 praeteritarum
1810 2719 2048 2771 experientia

240 2781 289 2821 ad
305 2779 542 2832 praesentium
573 2777 824 2819 directionem
843 2808 856 2827 ,
886 2791 978 2830 quas
999 2778 1251 2819 Serenitatem
1275 2775 1452 2818 Vestram
1477 2779 1529 2818 ita
1546 2778 1735 2819 moderari
1759 2778 1977 2831 oportebit,
2002 2787 2047 2817 ut
2107 2778 2111 2793 ⁴

241 2842 378 2880 oculos
400 2840 488 2880 suos
508 2839 655 2893 semper
680 2840 718 2880 in
734 2838 867 2879 futuro
885 2838 1027 2894 defigat
1051 2869 1063 2891 ,
1093 2839 1293 2893 ipsumque
1319 2837 1407 2878 ante
1423 2838 1657 2892 praevideat,
1675 2838 1721 2879 ad
1740 2838 1909 2891 pericula
1930 2837 2046 2936 deogi-

1920 2909 1994 2936 nan
2025 2909 2046 2936 a

241 2974 1531 2985 m——Q—-uw

338 3019 397 3067 (a)
422 3016 553 3065 virgil.
607 3019 674 3066 (b)
702 3019 826 3068 Lamp.
881 3020 941 3065 (c)
1012 3018 1052 3054 ui
1066 3017 1260 3069 exquirunt
1279 3016 1510 3069 prudentiam
1532 3044 1542 3060 ,
1571 3030 1639 3071 quae
1661 3015 1703 3054 de
1719 3025 1820 3052 terra
1847 3012 1894 3067 est
1915 3043 1924 3057 ‚
1946 3030 2046 3068 nego·

239 3071 390 3108 tiatores
418 3065 588 3110 Merrhae,
612 3068 659 3111 &-
714 3068 853 3107 hemam
870 3097 881 3115 ,
907 3068 1009 3120 &fa
1031 3068 1200 3110 alatores,
1223 3067 1268 3112 ὠ
1284 3068 1513 3123 exqar‘fitores'»
1518 3069 1706 3123 prudentiae
1726 3066 1772 3110 &¹
1786 3068 2044 3120 intelllgentiaei

240 3123 347 3160 viam
360 3132 481 3159 autem
488 3120 665 3173 sapientia
688 3121 892 3167 nestierunt.
920 3124 1069 3159 Baruch.
1090 3134 1121 3168 3.
1137 3133 1198 3168 23.
1252 3123 1319 3169 (d)
1347 3125 1467 3160 Omnis
1474 3122 1547 3170 sc'ri
1567 3130 1653 3158 tura
1672 3119 1853 3158 divinitus
1870 3118 2045 3175 inspirata

241 3173 398 3227 utiliscst
418 3174 470 3211 ad
480 3172 663 3211 docendum
683 3200 692 3214 ,
719 3173 770 3210 ad
784 3174 1020 3227 arguendum,
1045 3172 1097 3211 ad
1109 3173 1359 3225 corripiendum
1372 3201 1381 3216 ‚
1393 3174 1445 3212 ad
1456 3132 1566 3212 ενιιιιζ

232 3224 416 3278 fic‘lusfit
428 3225 524 3263 homo
543 3227 628 3266 Dei,
652 3225 704 3262 ad
724 3237 820 3263 omne
838 3237 915 3279 opus
928 3224 1050 3264 bonum
1071 3225 1272 3278 instruam.
1300 3241 1336 3267 2-
1355 3228 1450 3266 Tim.
1474 3242 1506 3276 3.
1527 3231 1583 3265 16.
1601 3227 1637 3264 &
1654 3238 1711 3274 17.
1762 3228 1820 3274 (e)
1845 3230 1950 3281 Leges
1959 3226 2047 3266 imm(

242 3277 395 3317 omnibus
420 3277 539 3317 dubus
552 3275 722 3324 vitaeficae.
750 3280 860 3316 Deut.
888 3292 945 3327 17.
969 3291 1025 3326 19.

1557 3172 1682 3211 endum
1697 3172 1885 3225 injustitia
1896 3199 1905 3215 ‚
1922 3184 2045 3226 utper-
2108 3193 2121 3221 ,-
