2132 3730
479 215 1454 263 SYMBOLAPOLJTICA.
1770 223 1854 268 287

63 312 154 351 rosae
174 310 283 361 spinis
301 306 576 355 involvuntur,
606 314 649 344 ut
664 305 808 354 absque
826 303 978 351 laeflone
998 313 1129 343 manus
1153 312 1215 341 eas
1236 302 1460 355 contingere
1486 309 1665 352 nequeat.
1724 300 1856 351 Atque

62 369 153 410 illud
174 358 262 408 ideo
279 364 418 404 accidit
430 385 458 412 ‚f
473 365 560 415 quia
577 364 691 404 rebus
716 360 800 402 fere
819 363 1020 411 omnibus,
1050 373 1135 413 quae
1161 359 1314 413 quidem
1331 361 1378 401 ad
1396 361 1542 400 bonum
1560 358 1769 399 universale
1787 370 1858 411 pu-

11 463 24 470 ,
61 438 185 468 tantur
200 423 439 473 conducere⁹
469 424 602 474 aliquis
623 422 799 462 miscetur
817 433 923 462 error
950 423 1059 462 bono
1083 422 1238 472 privato
1259 421 1410 460 noxius.
1472 419 1857 471 Rerumpublicarum

60 496 222 538 corpora
242 483 398 523 diverfis
422 481 596 522 constant
626 481 796 533 partibus
814 481 852 522 δε
883 481 1069 534 oppositis
1084 481 1182 519 inter
1201 479 1259 527 se,
1288 479 1396 531 quod
1427 479 1475 518 ad
1501 481 1700 530 qualitates
1725 477 1761 518 &
1787 478 1858 517 hu-

59 556 186 586 mores
203 544 360 591 attinet3
390 542 428 582 &
449 541 688 590 remedium,
719 541 826 592 quod
852 543 926 582 toti
944 541 1147 581 adhibetur
1169 540 1324 590 corpori
1347 541 1575 591 plerumque
1603 539 1713 578 alicui
1740 547 1859 578 nocet

57 605 171 657 parti:
202 603 379 654 adeoque
407 601 580 655 singulari
598 601 800 653 prudentia
823 613 922 653 opus
943 600 997 641 est
1016 601 1145 647 ineo,
1177 599 1241 649 qui
1256 597 1334 638 aliis
1356 600 1539 650 imperat,
1569 609 1611 637 ut
1630 597 1859 637 detrimenta

57 663 95 704 ἃ
116 663 321 703 commoda
335 660 510 702 conferat
526 662 624 700 inter
656 660 692 699 se
710 660 746 698 δε
769 661 988 711 expendat,
1018 669 1157 712 magno
1179 659 1272 698 item
1295 659 1422 699 animo
1441 656 1489 697 ad
1503 656 1793 710 exequendum,
1807 668 1857 697 ne

55 722 206 764 illorum
221 720 326 765 forte
349 731 456 764 metu
472 721 556 761 haec
581 717 695 774 plane
725 720 901 773 negligat.

475 836 1434 972 SYMBOLUMALXVI.

111 2361 317 2406 Nnovatio
332 2364 447 2407 rebus
466 2374 601 2407 natura
625 2363 780 2406 caducis
801 2362 1101 2418 perpetuitatem
1133 2363 1278 2406 tribuit.
1340 2363 1381 2405 In
1411 2361 1640 2415 individuis,
1671 2361 1763 2406 dum
1787 2366 1859 2406 alia

144 2426 220 2464 aliis
238 2427 458 2467 continuata
482 2426 573 2467 serie
594 2425 828 2476 succedunt,
858 2435 1071 2478 perennant
1099 2426 1254 2478 species.
1314 2423 1410 2465 Eam
1428 2426 1480 2465 ob
1495 2437 1575 2466 rem
1604 2426 1766 2479 agricola
1803 2426 1859 2466 se·

143 2485 191 2523 rit
212 2486 384 2535 arbores,
414 2497 506 2538 quas
528 2489 566 2526 in
591 2485 876 2528 demortuarum
904 2487 1035 2526 locum
1049 2486 1160 2538 poffit
1182 2486 1375 2528 sufficere:
1405 2497 1484 2525 non
1504 2497 1587 2525 eam
1610 2497 1737 2525 curam
1759 2485 1859 2526 casui

56 2543 255 2595 relinquit,
283 2547 370 2595 quia
391 2555 457 2592 aut
472 2539 608 2597 plantae
630 2558 719 2587 eum
736 2544 968 2594 deficerent,
999 2553 1064 2584 aut
1089 2544 1194 2585 certe
1226 2557 1300 2585 nec
1329 2541 1447 2585 essent
1474 2554 1529 2585 eae
1553 2544 1690 2596 quibus
1717 2546 1859 2597 indige·

54 2615 133 2651 ret,
162 2615 236 2642 nec
251 2604 345 2643 locis
365 2607 710 2655 convenientibus,
740 2617 867 2657 neque
897 2604 934 2643 se
967 2603 1055 2656 ipfis
1076 2604 1179 2644 reeta
1200 2603 1338 2644 sursum
1367 2603 1617 2656 affurgerent‚
1648 2602 1714 2643 nist
1736 2616 1792 2642 ars
1818 2603 1858 2643 ὃς

54 2662 232 2704 industria
243 2694 255 2713 ,
286 2663 377 2703 dum
394 2673 536 2703 tenerae
559 2666 681 2705 adhuc
707 2665 802 2714 sunt,
818 2676 881 2705 eas
899 2662 1097 2715 dirigeret:
1117 2662 1250 2716 postea
1267 2666 1367 2704 enim
1389 2662 1490 2702 nulla
1506 2665 1547 2703 vi
1563 2661 1665 2703 flecti
1682 2666 1718 2703 se
1732 2662 1858 2703 finunt

55 2724 94 2764 δι
117 2725 264 2774 corrigi.
325 2721 422 2763 Non
440 2725 563 2763 minor
582 2735 670 2772 cura
695 2725 908 2775 juventutis
929 2722 1003 2763 effe
1021 2723 1160 2772 debet,
1190 2732 1232 2763 ut
1259 2723 1342 2763 hoec
1361 2721 1382 2763 a
1404 2724 1541 2763 teneris
1561 2720 1748 2763 formetur
1770 2735 1859 2775 pro·

56 2783 128 2832 be,
160 2785 196 2822 in
212 2785 254 2822 iis
271 2783 473 2835 praesertim
491 2783 726 2834 Provinciis,
755 2784 822 2823 ubi
843 2785 918 2836 ipsa
944 2783 1027 2823 coeli
1056 2782 1277 2823 constitutio
1295 2794 1429 2836 magna
1455 2784 1601 2837 ingenia
1624 2781 1859 2835 praestantes-

59 2855 135 2896 que
149 2853 299 2882 naturas
321 2852 525 2895 procreat,
555 2855 639 2894 quae
664 2852 844 2896 tanquam
866 2844 940 2896 agri
957 2842 1109 2895 quidam
1132 2841 1276 2883 fertiles
1302 2841 1414 2883 facile
1441 2843 1655 2893 sylvescunt
1670 2872 1684 2892 ,
1713 2843 1780 2882 nisi
1800 2854 1858 2882 ars

59 2904 97 2943 &
125 2905 271 2943 cultura
286 2902 572 2943 foecunchtatem
590 2913 677 2943 cum
699 2912 876 2956 tempore
901 2905 1101 2955 corrigant.
1163 2902 1257 2956 Quo
1282 2903 1428 2955 spiritus
1449 2902 1568 2955 major
1599 2901 1672 2952 est,
1702 2902 1751 2942 eo
1778 2914 1860 2954 gra-

55 2964 142 3003 vius
162 2974 280 3003 nocet
305 2963 563 3015 Reipublicae,
595 2962 622 3002 ss
650 2974 736 3003 eum
754 2963 931 3003 educatio
950 2975 1030 3003 non
1050 2965 1215 3015 tempori
1245 2962 1480 3004 moderetur.
1538 2964 1698 3003 Animus
1732 2959 1858 3001 excel-

56 3023 115 3063 sus
132 3053 144 3072 ,
173 3024 210 3063 &
233 3023 280 3063 ad
302 3033 435 3076 magna
456 3024 657 3063 connitens
674 3023 912 3075 semetipsum
935 3023 1036 3064 ferre
1050 3035 1130 3063 non
1158 3022 1321 3064 sustinet.
1382 3023 1530 3076 Legum
1558 3022 1715 3063 fraenum
1741 3032 1858 3060 excu-

24 3085 128 3133 tit,
157 3084 193 3123 &
210 3084 256 3124 ad
273 3082 487 3124 libertatem
514 3082 670 3136 aspirat,
699 3082 874 3135 adeoque
892 3092 1068 3136 oportet,
1098 3093 1141 3123 ut
1163 3095 1219 3124 ars
1242 3084 1278 3133 δι
1304 3081 1512 3133 institutio,
1542 3091 1622 3122 tum
1648 3082 1856 3132 occupatio

59 3143 97 3183 in
130 3144 317 3184 exercitiis
340 3143 530 3197 gloriofiS,
564 3155 652 3183 eum
681 3144 845 3195 graviter
882 3138 1074 3184 excolant.
1135 3143 1217 3185 Ubi
1237 3144 1420 3197 juventus
1441 3176 1452 3193 ‚
1483 3142 1713 3194 aliquantum
1746 3150 1856 3180 aetate

14 3247 15 3250 Ἰ
59 3202 302 3255 processerit,
332 3204 506 3258 proderit
527 3203 630 3247 haud
653 3215 787 3258 parum
800 3204 946 3244 levitati
970 3204 1048 3255 eJ'us
1068 3205 1242 3247 curandae
1257 3234 1268 3255 ‚
1298 3205 1328 3248 si
1349 3202 1571 3246 adhibeatur
1594 3202 1641 3242 ad
1665 3200 1859 3243 tractanda

836 3263 1004 3305 Ccccz
1736 3252 1855 3325 ‘o-
