<?xml version="1.0" encoding="UTF-8"?>
<!DOCTYPE html PUBLIC "-//W3C//DTD XHTML 1.0 Transitional//EN"
    "http://www.w3.org/TR/xhtml1/DTD/xhtml1-transitional.dtd">
<html xmlns="http://www.w3.org/1999/xhtml" xml:lang="en" lang="en">
 <head>
  <title>
</title>
<meta http-equiv="Content-Type" content="text/html;charset=utf-8" />
  <meta name='ocr-system' content='tesseract 3.04.00' />
  <meta name='ocr-capabilities' content='ocr_page ocr_carea ocr_par ocr_line ocrx_word'/>
</head>
<body>
  <div class='ocr_page' id='page_1' title='image "./didacisaavedraef00saav_0371.png"; bbox 0 0 2132 3730; ppageno 0'>
   <div class='ocr_carea' id='block_1_1' title="bbox 0 511 25 3730">
    <p class='ocr_par' dir='ltr' id='par_1_1' title="bbox 0 511 25 3730">
     <span class='ocr_line' id='line_1_1' title="bbox 0 511 25 3730; baseline 0 0"><span class='ocrx_word' id='word_1_1' title='bbox 0 511 25 3730; x_wconf 95' lang='lat' dir='ltr'><strong> </strong></span> 
     </span>
    </p>
   </div>
   <div class='ocr_carea' id='block_1_2' title="bbox 451 210 1850 294">
    <p class='ocr_par' dir='ltr' id='par_1_2' title="bbox 451 210 1850 294">
     <span class='ocr_line' id='line_1_2' title="bbox 451 210 1850 294; baseline 0.002 -10"><span class='ocrx_word' id='word_1_2' title='bbox 451 210 1419 286; x_wconf 76' lang='lat' dir='ltr'><em>SYMBOLAPOLJTICA.</em></span> <span class='ocrx_word' id='word_1_3' title='bbox 1772 254 1850 294; x_wconf 76' lang='lat'><strong>331</strong></span> 
     </span>
    </p>
   </div>
   <div class='ocr_carea' id='block_1_3' title="bbox 838 303 1857 315">
    <p class='ocr_par' dir='ltr' id='par_1_3' title="bbox 838 303 1857 315">
     <span class='ocr_line' id='line_1_3' title="bbox 838 303 1857 315; baseline 0 -3"><span class='ocrx_word' id='word_1_4' title='bbox 838 303 1857 315; x_wconf 52' lang='lat'><strong><em>——.—-——-——-—.-———-——————-—————-.-⁴</em></strong></span> 
     </span>
    </p>
   </div>
   <div class='ocr_carea' id='block_1_4' title="bbox 0 324 1861 1032">
    <p class='ocr_par' dir='ltr' id='par_1_4' title="bbox 0 324 1861 668">
     <span class='ocr_line' id='line_1_4' title="bbox 209 324 1858 377; baseline -0.001 -10"><span class='ocrx_word' id='word_1_5' title='bbox 209 326 340 367; x_wconf 77' lang='lat' dir='ltr'><strong>Franci</strong></span> <span class='ocrx_word' id='word_1_6' title='bbox 368 326 522 366; x_wconf 86' lang='lat' dir='ltr'><strong>humani</strong></span> <span class='ocrx_word' id='word_1_7' title='bbox 550 326 635 366; x_wconf 87' lang='lat' dir='ltr'><strong>sunt</strong></span> <span class='ocrx_word' id='word_1_8' title='bbox 655 357 666 374; x_wconf 92' lang='lat'><strong>,</strong></span> <span class='ocrx_word' id='word_1_9' title='bbox 697 326 867 366; x_wconf 89' lang='lat' dir='ltr'><strong>affabiles</strong></span> <span class='ocrx_word' id='word_1_10' title='bbox 884 357 894 375; x_wconf 88' lang='lat'>‚</span> <span class='ocrx_word' id='word_1_11' title='bbox 926 326 964 366; x_wconf 90' lang='lat'>&amp;</span> <span class='ocrx_word' id='word_1_12' title='bbox 986 325 1170 367; x_wconf 90' lang='lat' dir='ltr'><strong>bellicosi.</strong></span> <span class='ocrx_word' id='word_1_13' title='bbox 1227 325 1374 365; x_wconf 89' lang='lat' dir='ltr'><strong>Eadem</strong></span> <span class='ocrx_word' id='word_1_14' title='bbox 1400 324 1618 375; x_wconf 89' lang='lat' dir='ltr'><strong>celeritate,</strong></span> <span class='ocrx_word' id='word_1_15' title='bbox 1648 336 1721 377; x_wconf 90' lang='lat' dir='ltr'><strong>qua</strong></span> <span class='ocrx_word' id='word_1_16' title='bbox 1746 326 1858 376; x_wconf 81' lang='lat' dir='ltr'><strong>primi</strong></span> 
     </span>
     <span class='ocr_line' id='line_1_5' title="bbox 0 383 1858 438; baseline -0.002 -10"><span class='ocrx_word' id='word_1_17' title='bbox 0 403 10 428; x_wconf 61' lang='grc' dir='ltr'><strong>ι</strong></span> <span class='ocrx_word' id='word_1_18' title='bbox 56 398 193 427; x_wconf 85' lang='lat' dir='ltr'><strong>eorum</strong></span> <span class='ocrx_word' id='word_1_19' title='bbox 215 384 492 424; x_wconf 87' lang='lat' dir='ltr'><strong>succenduntur</strong></span> <span class='ocrx_word' id='word_1_20' title='bbox 521 387 710 437; x_wconf 82' lang='lat' dir='ltr'><strong>impetuS,</strong></span> <span class='ocrx_word' id='word_1_21' title='bbox 740 386 979 438; x_wconf 85' lang='lat' dir='ltr'><strong>intepescunt</strong></span> <span class='ocrx_word' id='word_1_22' title='bbox 996 388 1146 426; x_wconf 89' lang='lat' dir='ltr'><strong>iterum.</strong></span> <span class='ocrx_word' id='word_1_23' title='bbox 1206 383 1298 424; x_wconf 91' lang='lat' dir='ltr'><strong>Nec</strong></span> <span class='ocrx_word' id='word_1_24' title='bbox 1319 387 1416 424; x_wconf 89' lang='lat' dir='ltr'><strong>intra</strong></span> <span class='ocrx_word' id='word_1_25' title='bbox 1440 384 1567 437; x_wconf 86' lang='lat' dir='ltr'>Regni</span> <span class='ocrx_word' id='word_1_26' title='bbox 1588 385 1642 425; x_wconf 92' lang='lat' dir='ltr'><strong>sui</strong></span> <span class='ocrx_word' id='word_1_27' title='bbox 1674 386 1858 424; x_wconf 83' lang='lat' dir='ltr'><strong>terminos</strong></span> 
     </span>
     <span class='ocr_line' id='line_1_6' title="bbox 56 443 1861 496; baseline -0.001 -11"><span class='ocrx_word' id='word_1_28' title='bbox 56 448 254 486; x_wconf 88' lang='lat' dir='ltr'><strong>continere</strong></span> <span class='ocrx_word' id='word_1_29' title='bbox 275 443 314 483; x_wconf 89' lang='lat' dir='ltr'><strong>se</strong></span> <span class='ocrx_word' id='word_1_30' title='bbox 339 443 517 496; x_wconf 81' lang='lat' dir='ltr'><strong>possunt,</strong></span> <span class='ocrx_word' id='word_1_31' title='bbox 546 457 621 484; x_wconf 92' lang='lat' dir='ltr'><strong>nec</strong></span> <span class='ocrx_word' id='word_1_32' title='bbox 645 444 728 483; x_wconf 86' lang='lat' dir='ltr'><strong>satis</strong></span> <span class='ocrx_word' id='word_1_33' title='bbox 757 445 795 485; x_wconf 88' lang='lat' dir='ltr'><strong>se</strong></span> <span class='ocrx_word' id='word_1_34' title='bbox 817 448 973 485; x_wconf 57' lang='lat' dir='ltr'><strong>tuerissin</strong></span> <span class='ocrx_word' id='word_1_35' title='bbox 988 445 1070 485; x_wconf 95' lang='lat' dir='ltr'><strong>solo</strong></span> <span class='ocrx_word' id='word_1_36' title='bbox 1094 447 1239 491; x_wconf 80' lang='lat' dir='ltr'><strong>alien03</strong></span> <span class='ocrx_word' id='word_1_37' title='bbox 1268 446 1509 496; x_wconf 81' lang='lat' dir='ltr'>impatientes</span> <span class='ocrx_word' id='word_1_38' title='bbox 1544 457 1588 483; x_wconf 88' lang='lat' dir='ltr'><strong>ac</strong></span> <span class='ocrx_word' id='word_1_39' title='bbox 1622 447 1747 484; x_wconf 86' lang='lat' dir='ltr'><strong>leves:</strong></span> <span class='ocrx_word' id='word_1_40' title='bbox 1778 444 1861 483; x_wconf 86' lang='lat' dir='ltr'><strong>visu</strong></span> 
     </span>
     <span class='ocr_line' id='line_1_7' title="bbox 0 499 1859 557; baseline -0.001 -12"><span class='ocrx_word' id='word_1_41' title='bbox 0 499 11 553; x_wconf 69' lang='grc'><strong>’,</strong></span> <span class='ocrx_word' id='word_1_42' title='bbox 56 505 252 551; x_wconf 85' lang='lat' dir='ltr'><strong>amabiles,</strong></span> <span class='ocrx_word' id='word_1_43' title='bbox 281 505 538 543; x_wconf 82' lang='lat' dir='ltr'>intolerabiles</span> <span class='ocrx_word' id='word_1_44' title='bbox 555 504 752 544; x_wconf 85' lang='lat' dir='ltr'><strong>moribus:</strong></span> <span class='ocrx_word' id='word_1_45' title='bbox 789 508 958 557; x_wconf 75' lang='lat' dir='ltr'><strong>quippe!</strong></span> <span class='ocrx_word' id='word_1_46' title='bbox 968 517 1130 557; x_wconf 91' lang='lat' dir='ltr'><strong>quorum</strong></span> <span class='ocrx_word' id='word_1_47' title='bbox 1159 505 1345 544; x_wconf 85' lang='lat' dir='ltr'><strong>vivacitas</strong></span> <span class='ocrx_word' id='word_1_48' title='bbox 1375 503 1414 543; x_wconf 88' lang='lat'>&amp;</span> <span class='ocrx_word' id='word_1_49' title='bbox 1444 505 1482 543; x_wconf 92' lang='lat' dir='ltr'><strong>in</strong></span> <span class='ocrx_word' id='word_1_50' title='bbox 1519 505 1668 555; x_wconf 87' lang='lat' dir='ltr'><strong>agendo</strong></span> <span class='ocrx_word' id='word_1_51' title='bbox 1705 504 1859 543; x_wconf 86' lang='lat' dir='ltr'><strong>libertas</strong></span> 
     </span>
     <span class='ocr_line' id='line_1_8' title="bbox 5 559 1860 617; baseline 0 -14"><span class='ocrx_word' id='word_1_52' title='bbox 5 559 10 576; x_wconf 65' lang='lat'><em>²</em></span> <span class='ocrx_word' id='word_1_53' title='bbox 56 577 143 603; x_wconf 89' lang='lat' dir='ltr'><strong>cum</strong></span> <span class='ocrx_word' id='word_1_54' title='bbox 160 564 313 603; x_wconf 87' lang='lat' dir='ltr'><strong>aliarum</strong></span> <span class='ocrx_word' id='word_1_55' title='bbox 337 562 554 604; x_wconf 89' lang='lat' dir='ltr'><strong>Nationum</strong></span> <span class='ocrx_word' id='word_1_56' title='bbox 576 566 761 617; x_wconf 87' lang='lat' dir='ltr'><strong>gravitate</strong></span> <span class='ocrx_word' id='word_1_57' title='bbox 776 564 932 606; x_wconf 79' lang='lat' dir='ltr'><strong>minime</strong></span> <span class='ocrx_word' id='word_1_58' title='bbox 958 566 1156 606; x_wconf 90' lang='lat' dir='ltr'><strong>convenit.</strong></span> <span class='ocrx_word' id='word_1_59' title='bbox 1216 561 1374 604; x_wconf 84' lang='lat' dir='ltr'>Florem:</span> <span class='ocrx_word' id='word_1_60' title='bbox 1388 564 1487 604; x_wconf 90' lang='lat' dir='ltr'><strong>inter</strong></span> <span class='ocrx_word' id='word_1_61' title='bbox 1510 574 1579 604; x_wconf 90' lang='lat' dir='ltr'><strong>eos</strong></span> <span class='ocrx_word' id='word_1_62' title='bbox 1606 576 1703 604; x_wconf 87' lang='lat' dir='ltr'><strong>artes</strong></span> <span class='ocrx_word' id='word_1_63' title='bbox 1725 575 1860 604; x_wconf 83' lang='lat' dir='ltr'><strong>omnes</strong></span> 
     </span>
     <span class='ocr_line' id='line_1_9' title="bbox 7 623 299 668; baseline -0.01 -4"><span class='ocrx_word' id='word_1_64' title='bbox 7 624 13 668; x_wconf 71' lang='grc' dir='ltr'>ἒ</span> <span class='ocrx_word' id='word_1_65' title='bbox 56 636 101 663; x_wconf 80' lang='lat' dir='ltr'><strong>ac</strong></span> <span class='ocrx_word' id='word_1_66' title='bbox 122 623 299 663; x_wconf 81' lang='lat' dir='ltr'><strong>scientiae.</strong></span> 
     </span>
    </p>

    <p class='ocr_par' dir='ltr' id='par_1_5' title="bbox 54 681 1859 907">
     <span class='ocr_line' id='line_1_10' title="bbox 205 681 1859 736; baseline 0 -14"><span class='ocrx_word' id='word_1_67' title='bbox 205 682 319 735; x_wconf 87' lang='lat' dir='ltr'>Angli</span> <span class='ocrx_word' id='word_1_68' title='bbox 341 693 477 734; x_wconf 84' lang='lat' dir='ltr'><strong>graves</strong></span> <span class='ocrx_word' id='word_1_69' title='bbox 502 681 589 722; x_wconf 88' lang='lat' dir='ltr'><strong>sunt</strong></span> <span class='ocrx_word' id='word_1_70' title='bbox 608 695 653 723; x_wconf 89' lang='lat' dir='ltr'><strong>ac</strong></span> <span class='ocrx_word' id='word_1_71' title='bbox 680 683 822 734; x_wconf 87' lang='lat' dir='ltr'><strong>severi,</strong></span> <span class='ocrx_word' id='word_1_72' title='bbox 852 683 1089 736; x_wconf 71' lang='lat' dir='ltr'><strong>sibimetipsis</strong></span> <span class='ocrx_word' id='word_1_73' title='bbox 1112 683 1325 734; x_wconf 87' lang='lat' dir='ltr'><strong>placentes,</strong></span> <span class='ocrx_word' id='word_1_74' title='bbox 1359 681 1523 735; x_wconf 86' lang='lat' dir='ltr'><strong>gloriose</strong></span> <span class='ocrx_word' id='word_1_75' title='bbox 1552 682 1685 721; x_wconf 88' lang='lat' dir='ltr'><strong>mortis</strong></span> <span class='ocrx_word' id='word_1_76' title='bbox 1715 682 1859 722; x_wconf 86' lang='lat' dir='ltr'><strong>adeunt</strong></span> 
     </span>
     <span class='ocr_line' id='line_1_11' title="bbox 54 741 1859 795; baseline 0 -13"><span class='ocrx_word' id='word_1_77' title='bbox 54 742 242 795; x_wconf 89' lang='lat' dir='ltr'><strong>pericula,</strong></span> <span class='ocrx_word' id='word_1_78' title='bbox 273 741 343 781; x_wconf 81' lang='lat' dir='ltr'><strong>etsi</strong></span> <span class='ocrx_word' id='word_1_79' title='bbox 368 741 559 782; x_wconf 88' lang='lat' dir='ltr'><strong>interdum</strong></span> <span class='ocrx_word' id='word_1_80' title='bbox 585 744 733 794; x_wconf 87' lang='lat' dir='ltr'><strong>impetu</strong></span> <span class='ocrx_word' id='word_1_81' title='bbox 765 745 893 795; x_wconf 83' lang='lat' dir='ltr'><strong>aliquo</strong></span> <span class='ocrx_word' id='word_1_82' title='bbox 928 742 1052 783; x_wconf 85' lang='lat' dir='ltr'><strong>feroci</strong></span> <span class='ocrx_word' id='word_1_83' title='bbox 1078 742 1116 782; x_wconf 88' lang='lat'>&amp;</span> <span class='ocrx_word' id='word_1_84' title='bbox 1139 743 1340 780; x_wconf 82' lang='lat' dir='ltr'><strong>temerario</strong></span> <span class='ocrx_word' id='word_1_85' title='bbox 1372 742 1543 781; x_wconf 81' lang='lat' dir='ltr'><strong>ferantur</strong></span> <span class='ocrx_word' id='word_1_86' title='bbox 1562 742 1713 792; x_wconf 90' lang='lat' dir='ltr'><strong>potius,</strong></span> <span class='ocrx_word' id='word_1_87' title='bbox 1745 743 1859 793; x_wconf 75' lang='lat' dir='ltr'><strong>quam</strong></span> 
     </span>
     <span class='ocr_line' id='line_1_12' title="bbox 55 799 1856 854; baseline 0.001 -14"><span class='ocrx_word' id='word_1_88' title='bbox 55 801 259 845; x_wconf 61' lang='lat' dir='ltr'><strong>electione.</strong></span> <span class='ocrx_word' id='word_1_89' title='bbox 318 799 408 854; x_wconf 73' lang='lat' dir='ltr'><strong>Qua</strong></span> <span class='ocrx_word' id='word_1_90' title='bbox 428 801 552 851; x_wconf 75' lang='lat' dir='ltr'><strong>terra,</strong></span> <span class='ocrx_word' id='word_1_91' title='bbox 581 801 657 854; x_wconf 70' lang='lat' dir='ltr'><strong>qua</strong></span> <span class='ocrx_word' id='word_1_92' title='bbox 680 805 773 843; x_wconf 87' lang='lat' dir='ltr'><strong>mari</strong></span> <span class='ocrx_word' id='word_1_93' title='bbox 788 803 910 843; x_wconf 90' lang='lat' dir='ltr'><strong>fortes</strong></span> <span class='ocrx_word' id='word_1_94' title='bbox 928 815 973 843; x_wconf 89' lang='lat' dir='ltr'><strong>ac</strong></span> <span class='ocrx_word' id='word_1_95' title='bbox 999 803 1114 843; x_wconf 89' lang='lat' dir='ltr'><strong>validi</strong></span> <span class='ocrx_word' id='word_1_96' title='bbox 1129 802 1288 849; x_wconf 85' lang='lat' dir='ltr'><strong>milites,</strong></span> <span class='ocrx_word' id='word_1_97' title='bbox 1319 800 1348 841; x_wconf 85' lang='lat' dir='ltr'>fi</span> <span class='ocrx_word' id='word_1_98' title='bbox 1370 803 1488 854; x_wconf 88' lang='lat' dir='ltr'><strong>longo</strong></span> <span class='ocrx_word' id='word_1_99' title='bbox 1509 801 1575 840; x_wconf 91' lang='lat' dir='ltr'><strong>usu</strong></span> <span class='ocrx_word' id='word_1_100' title='bbox 1598 802 1708 841; x_wconf 90' lang='lat' dir='ltr'><strong>armis</strong></span> <span class='ocrx_word' id='word_1_101' title='bbox 1741 801 1856 841; x_wconf 84' lang='lat' dir='ltr'><strong>affue-</strong></span> 
     </span>
     <span class='ocr_line' id='line_1_13' title="bbox 57 872 197 907; baseline 0.007 -7"><span class='ocrx_word' id='word_1_102' title='bbox 57 872 197 907; x_wconf 79' lang='lat' dir='ltr'><strong>verint.</strong></span> 
     </span>
    </p>

    <p class='ocr_par' dir='ltr' id='par_1_6' title="bbox 9 917 1861 1032">
     <span class='ocr_line' id='line_1_14' title="bbox 229 917 1861 973; baseline -0.001 -14"><span class='ocrx_word' id='word_1_103' title='bbox 229 918 392 959; x_wconf 89' lang='lat' dir='ltr'><strong>Hiberni</strong></span> <span class='ocrx_word' id='word_1_104' title='bbox 411 917 586 960; x_wconf 86' lang='lat' dir='ltr'><strong>laborum</strong></span> <span class='ocrx_word' id='word_1_105' title='bbox 604 922 688 962; x_wconf 87' lang='lat' dir='ltr'><strong>sunt</strong></span> <span class='ocrx_word' id='word_1_106' title='bbox 711 923 939 971; x_wconf 80' lang='lat' dir='ltr'><strong>toleranteS‚</strong></span> <span class='ocrx_word' id='word_1_107' title='bbox 957 922 1070 961; x_wconf 86' lang='lat' dir='ltr'><strong>Artes</strong></span> <span class='ocrx_word' id='word_1_108' title='bbox 1101 920 1366 973; x_wconf 79' lang='lat' dir='ltr'><strong>aspernantur3</strong></span> <span class='ocrx_word' id='word_1_109' title='bbox 1395 918 1654 960; x_wconf 77' lang='lat' dir='ltr'><strong>Nobilitatem</strong></span> <span class='ocrx_word' id='word_1_110' title='bbox 1674 918 1775 960; x_wconf 88' lang='lat' dir='ltr'><strong>suam</strong></span> <span class='ocrx_word' id='word_1_111' title='bbox 1805 920 1861 960; x_wconf 89' lang='lat' dir='ltr'><strong>su-</strong></span> 
     </span>
     <span class='ocr_line' id='line_1_15' title="bbox 9 976 380 1032; baseline 0 -14"><span class='ocrx_word' id='word_1_112' title='bbox 9 976 23 1000; x_wconf 58' lang='lat'><strong>·&#39;</strong></span> <span class='ocrx_word' id='word_1_113' title='bbox 54 976 177 1032; x_wconf 77' lang='lat' dir='ltr'><strong>perbe</strong></span> <span class='ocrx_word' id='word_1_114' title='bbox 195 977 380 1030; x_wconf 63' lang='lat' dir='ltr'><strong>jactitant.</strong></span> 
     </span>
    </p>
   </div>
   <div class='ocr_carea' id='block_1_5' title="bbox 56 1056 1861 1232">
    <p class='ocr_par' dir='ltr' id='par_1_7' title="bbox 56 1056 1861 1232">
     <span class='ocr_line' id='line_1_16' title="bbox 206 1056 1859 1112; baseline -0.001 -14"><span class='ocrx_word' id='word_1_115' title='bbox 206 1058 314 1098; x_wconf 84' lang='lat' dir='ltr'><strong>Scoti</strong></span> <span class='ocrx_word' id='word_1_116' title='bbox 338 1056 554 1099; x_wconf 86' lang='lat' dir='ltr'><strong>constantes</strong></span> <span class='ocrx_word' id='word_1_117' title='bbox 569 1058 607 1099; x_wconf 85' lang='lat'>&amp;</span> <span class='ocrx_word' id='word_1_118' title='bbox 632 1059 802 1112; x_wconf 82' lang='lat' dir='ltr'><strong>Regibus</strong></span> <span class='ocrx_word' id='word_1_119' title='bbox 822 1060 895 1099; x_wconf 92' lang='lat' dir='ltr'><strong>suis</strong></span> <span class='ocrx_word' id='word_1_120' title='bbox 914 1058 1067 1108; x_wconf 83' lang='lat' dir='ltr'><strong>fideles,</strong></span> <span class='ocrx_word' id='word_1_121' title='bbox 1097 1058 1185 1099; x_wconf 78' lang='lat' dir='ltr'><strong>ciim</strong></span> <span class='ocrx_word' id='word_1_122' title='bbox 1214 1060 1251 1099; x_wconf 91' lang='lat' dir='ltr'><strong>in</strong></span> <span class='ocrx_word' id='word_1_123' title='bbox 1277 1058 1375 1097; x_wconf 88' lang='lat' dir='ltr'><strong>hanc</strong></span> <span class='ocrx_word' id='word_1_124' title='bbox 1391 1069 1514 1110; x_wconf 86' lang='lat' dir='ltr'><strong>usque</strong></span> <span class='ocrx_word' id='word_1_125' title='bbox 1543 1066 1691 1097; x_wconf 86' lang='lat' dir='ltr'><strong>aetatem</strong></span> <span class='ocrx_word' id='word_1_126' title='bbox 1714 1068 1784 1109; x_wconf 90' lang='lat' dir='ltr'><strong>per</strong></span> <span class='ocrx_word' id='word_1_127' title='bbox 1806 1057 1859 1102; x_wconf 87' lang='lat' dir='ltr'><strong>se-</strong></span> 
     </span>
     <span class='ocr_line' id='line_1_17' title="bbox 57 1117 1861 1176; baseline 0.001 -19"><span class='ocrx_word' id='word_1_128' title='bbox 57 1119 143 1157; x_wconf 88' lang='lat' dir='ltr'><strong>cula</strong></span> <span class='ocrx_word' id='word_1_129' title='bbox 157 1120 293 1176; x_wconf 81' lang='lat' dir='ltr'><strong>viginti</strong></span> <span class='ocrx_word' id='word_1_130' title='bbox 316 1118 509 1158; x_wconf 86' lang='lat' dir='ltr'><strong>Coronam</strong></span> <span class='ocrx_word' id='word_1_131' title='bbox 526 1120 564 1158; x_wconf 90' lang='lat' dir='ltr'><strong>in</strong></span> <span class='ocrx_word' id='word_1_132' title='bbox 592 1131 667 1159; x_wconf 87' lang='lat' dir='ltr'><strong>una</strong></span> <span class='ocrx_word' id='word_1_133' title='bbox 690 1119 829 1159; x_wconf 88' lang='lat' dir='ltr'><strong>familia</strong></span> <span class='ocrx_word' id='word_1_134' title='bbox 855 1120 1178 1160; x_wconf 84' lang='lat' dir='ltr'><strong>conservaverint.</strong></span> <span class='ocrx_word' id='word_1_135' title='bbox 1237 1119 1380 1158; x_wconf 88' lang='lat' dir='ltr'><strong>Irarum</strong></span> <span class='ocrx_word' id='word_1_136' title='bbox 1406 1117 1444 1157; x_wconf 88' lang='lat'>&amp;</span> <span class='ocrx_word' id='word_1_137' title='bbox 1475 1117 1654 1158; x_wconf 63' lang='lat' dir='ltr'><strong>vindictae</strong></span> <span class='ocrx_word' id='word_1_138' title='bbox 1679 1117 1861 1158; x_wconf 84' lang='lat' dir='ltr'><strong>Tribunal</strong></span> 
     </span>
     <span class='ocr_line' id='line_1_18' title="bbox 56 1177 905 1232; baseline 0.001 -15"><span class='ocrx_word' id='word_1_139' title='bbox 56 1177 157 1217; x_wconf 85' lang='lat' dir='ltr'><strong>aliud</strong></span> <span class='ocrx_word' id='word_1_140' title='bbox 172 1179 338 1227; x_wconf 87' lang='lat' dir='ltr'><strong>nullum,</strong></span> <span class='ocrx_word' id='word_1_141' title='bbox 372 1190 486 1229; x_wconf 87' lang='lat' dir='ltr'><strong>quam</strong></span> <span class='ocrx_word' id='word_1_142' title='bbox 504 1178 670 1231; x_wconf 84' lang='lat' dir='ltr'><strong>gladium</strong></span> <span class='ocrx_word' id='word_1_143' title='bbox 685 1181 905 1232; x_wconf 74' lang='lat' dir='ltr'><strong>agnoscunt,</strong></span> 
     </span>
    </p>
   </div>
   <div class='ocr_carea' id='block_1_6' title="bbox 9 1254 1865 2560">
    <p class='ocr_par' dir='ltr' id='par_1_8' title="bbox 9 1254 1864 1666">
     <span class='ocr_line' id='line_1_19' title="bbox 232 1254 1860 1308; baseline -0.001 -13"><span class='ocrx_word' id='word_1_144' title='bbox 232 1256 357 1308; x_wconf 81' lang='lat' dir='ltr'><strong>Beigae</strong></span> <span class='ocrx_word' id='word_1_145' title='bbox 372 1254 540 1297; x_wconf 90' lang='lat' dir='ltr'><strong>industrii</strong></span> <span class='ocrx_word' id='word_1_146' title='bbox 561 1257 645 1296; x_wconf 90' lang='lat' dir='ltr'><strong>sunt</strong></span> <span class='ocrx_word' id='word_1_147' title='bbox 662 1287 675 1306; x_wconf 90' lang='lat'><strong>,</strong></span> <span class='ocrx_word' id='word_1_148' title='bbox 705 1258 835 1297; x_wconf 86' lang='lat' dir='ltr'><strong>animis</strong></span> <span class='ocrx_word' id='word_1_149' title='bbox 857 1255 1026 1296; x_wconf 86' lang='lat' dir='ltr'><strong>candidis</strong></span> <span class='ocrx_word' id='word_1_150' title='bbox 1047 1255 1084 1295; x_wconf 87' lang='lat'>&amp;</span> <span class='ocrx_word' id='word_1_151' title='bbox 1102 1255 1276 1306; x_wconf 88' lang='lat' dir='ltr'><strong>sinceris,</strong></span> <span class='ocrx_word' id='word_1_152' title='bbox 1307 1254 1438 1296; x_wconf 90' lang='lat' dir='ltr'><strong>idonei</strong></span> <span class='ocrx_word' id='word_1_153' title='bbox 1462 1255 1509 1295; x_wconf 89' lang='lat' dir='ltr'><strong>ad</strong></span> <span class='ocrx_word' id='word_1_154' title='bbox 1530 1264 1629 1294; x_wconf 89' lang='lat' dir='ltr'><strong>artes</strong></span> <span class='ocrx_word' id='word_1_155' title='bbox 1649 1263 1724 1294; x_wconf 88' lang='lat' dir='ltr'><strong>tam</strong></span> <span class='ocrx_word' id='word_1_156' title='bbox 1741 1256 1860 1307; x_wconf 84' lang='lat' dir='ltr'><strong>pacis,</strong></span> 
     </span>
     <span class='ocr_line' id='line_1_20' title="bbox 56 1314 1858 1368; baseline -0.001 -13"><span class='ocrx_word' id='word_1_157' title='bbox 56 1314 171 1367; x_wconf 74' lang='lat' dir='ltr'><strong>quam</strong></span> <span class='ocrx_word' id='word_1_158' title='bbox 204 1315 319 1364; x_wconf 90' lang='lat' dir='ltr'><strong>belli,</strong></span> <span class='ocrx_word' id='word_1_159' title='bbox 349 1317 387 1355; x_wconf 89' lang='lat' dir='ltr'><strong>in</strong></span> <span class='ocrx_word' id='word_1_160' title='bbox 410 1317 547 1366; x_wconf 92' lang='lat' dir='ltr'><strong>quibus</strong></span> <span class='ocrx_word' id='word_1_161' title='bbox 568 1329 725 1368; x_wconf 89' lang='lat' dir='ltr'><strong>magnos</strong></span> <span class='ocrx_word' id='word_1_162' title='bbox 742 1317 889 1368; x_wconf 86' lang='lat' dir='ltr'><strong>semper</strong></span> <span class='ocrx_word' id='word_1_163' title='bbox 905 1318 1010 1355; x_wconf 88' lang='lat' dir='ltr'><strong>viros</strong></span> <span class='ocrx_word' id='word_1_164' title='bbox 1027 1325 1126 1354; x_wconf 88' lang='lat' dir='ltr'><strong>terra</strong></span> <span class='ocrx_word' id='word_1_165' title='bbox 1143 1317 1204 1354; x_wconf 86' lang='lat' dir='ltr'><strong>illa</strong></span> <span class='ocrx_word' id='word_1_166' title='bbox 1221 1316 1394 1367; x_wconf 82' lang='lat' dir='ltr'><strong>protulit.</strong></span> <span class='ocrx_word' id='word_1_167' title='bbox 1454 1316 1596 1355; x_wconf 86' lang='lat' dir='ltr'><strong>Amant</strong></span> <span class='ocrx_word' id='word_1_168' title='bbox 1616 1315 1858 1366; x_wconf 87' lang='lat' dir='ltr'><strong>Religionem</strong></span> 
     </span>
     <span class='ocr_line' id='line_1_21' title="bbox 55 1373 1858 1423; baseline -0.001 -8"><span class='ocrx_word' id='word_1_169' title='bbox 55 1376 93 1415; x_wconf 90' lang='lat'>&amp;</span> <span class='ocrx_word' id='word_1_170' title='bbox 122 1377 349 1415; x_wconf 87' lang='lat' dir='ltr'><strong>libertatem.</strong></span> <span class='ocrx_word' id='word_1_171' title='bbox 407 1373 501 1413; x_wconf 90' lang='lat' dir='ltr'><strong>Nec</strong></span> <span class='ocrx_word' id='word_1_172' title='bbox 532 1374 652 1413; x_wconf 89' lang='lat' dir='ltr'><strong>sciunt</strong></span> <span class='ocrx_word' id='word_1_173' title='bbox 685 1374 817 1414; x_wconf 87' lang='lat' dir='ltr'><strong>fallere</strong></span> <span class='ocrx_word' id='word_1_174' title='bbox 837 1404 850 1423; x_wconf 90' lang='lat'><strong>,</strong></span> <span class='ocrx_word' id='word_1_175' title='bbox 878 1386 952 1414; x_wconf 90' lang='lat' dir='ltr'><strong>nec</strong></span> <span class='ocrx_word' id='word_1_176' title='bbox 983 1374 1061 1413; x_wconf 89' lang='lat' dir='ltr'><strong>falli</strong></span> <span class='ocrx_word' id='word_1_177' title='bbox 1086 1375 1123 1413; x_wconf 91' lang='lat' dir='ltr'><strong>se</strong></span> <span class='ocrx_word' id='word_1_178' title='bbox 1151 1374 1287 1414; x_wconf 81' lang='lat' dir='ltr'><strong>sinunt.</strong></span> <span class='ocrx_word' id='word_1_179' title='bbox 1352 1373 1514 1414; x_wconf 86' lang='lat' dir='ltr'><strong>Naturae</strong></span> <span class='ocrx_word' id='word_1_180' title='bbox 1546 1386 1680 1414; x_wconf 89' lang='lat' dir='ltr'><strong>eorum</strong></span> <span class='ocrx_word' id='word_1_181' title='bbox 1710 1374 1858 1413; x_wconf 84' lang='lat' dir='ltr'><strong>blandae</strong></span> 
     </span>
     <span class='ocr_line' id='line_1_22' title="bbox 9 1432 1863 1485; baseline -0.002 -10"><span class='ocrx_word' id='word_1_182' title='bbox 9 1436 11 1438; x_wconf 73' lang='grc'><strong>’</strong></span> <span class='ocrx_word' id='word_1_183' title='bbox 54 1436 206 1475; x_wconf 88' lang='lat' dir='ltr'><strong>metalla</strong></span> <span class='ocrx_word' id='word_1_184' title='bbox 226 1433 311 1473; x_wconf 90' lang='lat' dir='ltr'><strong>sunt</strong></span> <span class='ocrx_word' id='word_1_185' title='bbox 328 1434 489 1485; x_wconf 88' lang='lat' dir='ltr'><strong>liquata,</strong></span> <span class='ocrx_word' id='word_1_186' title='bbox 520 1445 604 1482; x_wconf 82' lang='lat' dir='ltr'><strong>quae</strong></span> <span class='ocrx_word' id='word_1_187' title='bbox 632 1432 868 1473; x_wconf 81' lang='lat' dir='ltr'><strong>coniolidata</strong></span> <span class='ocrx_word' id='word_1_188' title='bbox 890 1432 1030 1471; x_wconf 88' lang='lat' dir='ltr'><strong>deinde</strong></span> <span class='ocrx_word' id='word_1_189' title='bbox 1045 1432 1300 1484; x_wconf 86' lang='lat' dir='ltr'><strong>suspicionum</strong></span> <span class='ocrx_word' id='word_1_190' title='bbox 1317 1432 1462 1472; x_wconf 88' lang='lat' dir='ltr'><strong>suarum</strong></span> <span class='ocrx_word' id='word_1_191' title='bbox 1493 1434 1748 1484; x_wconf 86' lang='lat' dir='ltr'><strong>impressiones</strong></span> <span class='ocrx_word' id='word_1_192' title='bbox 1769 1434 1863 1472; x_wconf 88' lang='lat' dir='ltr'><strong>sem-</strong></span> 
     </span>
     <span class='ocr_line' id='line_1_23' title="bbox 54 1491 1864 1548; baseline -0.001 -14"><span class='ocrx_word' id='word_1_193' title='bbox 54 1507 125 1548; x_wconf 88' lang='lat' dir='ltr'><strong>per</strong></span> <span class='ocrx_word' id='word_1_194' title='bbox 149 1495 335 1541; x_wconf 85' lang='lat' dir='ltr'><strong>retinent,</strong></span> <span class='ocrx_word' id='word_1_195' title='bbox 365 1504 444 1545; x_wconf 91' lang='lat' dir='ltr'><strong>quo</strong></span> <span class='ocrx_word' id='word_1_196' title='bbox 464 1492 580 1545; x_wconf 65' lang='lat' dir='ltr'><strong>patio</strong></span> <span class='ocrx_word' id='word_1_197' title='bbox 601 1494 793 1543; x_wconf 83' lang='lat' dir='ltr'><strong>ingenium</strong></span> <span class='ocrx_word' id='word_1_198' title='bbox 819 1492 857 1531; x_wconf 63' lang='grc' dir='ltr'>ἃ</span> <span class='ocrx_word' id='word_1_199' title='bbox 880 1504 938 1531; x_wconf 87' lang='lat' dir='ltr'><strong>ars</strong></span> <span class='ocrx_word' id='word_1_200' title='bbox 959 1491 1133 1532; x_wconf 87' lang='lat' dir='ltr'><strong>Mauritii</strong></span> <span class='ocrx_word' id='word_1_201' title='bbox 1165 1492 1328 1532; x_wconf 82' lang='lat' dir='ltr'><strong>Comitis</strong></span> <span class='ocrx_word' id='word_1_202' title='bbox 1356 1493 1552 1543; x_wconf 84' lang='lat' dir='ltr'><strong>impellere</strong></span> <span class='ocrx_word' id='word_1_203' title='bbox 1580 1504 1649 1531; x_wconf 88' lang='lat' dir='ltr'><strong>eos</strong></span> <span class='ocrx_word' id='word_1_204' title='bbox 1671 1493 1799 1544; x_wconf 90' lang='lat' dir='ltr'><strong>potuit</strong></span> <span class='ocrx_word' id='word_1_205' title='bbox 1824 1493 1864 1532; x_wconf 91' lang='lat' dir='ltr'><strong>in</strong></span> 
     </span>
     <span class='ocr_line' id='line_1_24' title="bbox 57 1551 1864 1605; baseline -0.002 -11"><span class='ocrx_word' id='word_1_206' title='bbox 57 1554 190 1594; x_wconf 90' lang='lat' dir='ltr'><strong>odium</strong></span> <span class='ocrx_word' id='word_1_207' title='bbox 223 1563 357 1592; x_wconf 88' lang='lat' dir='ltr'><strong>contra</strong></span> <span class='ocrx_word' id='word_1_208' title='bbox 377 1551 587 1603; x_wconf 88' lang='lat' dir='ltr'><strong>Hispanos,</strong></span> <span class='ocrx_word' id='word_1_209' title='bbox 618 1551 657 1591; x_wconf 86' lang='lat'>&amp;</span> <span class='ocrx_word' id='word_1_210' title='bbox 679 1552 747 1591; x_wconf 90' lang='lat' dir='ltr'><strong>sub</strong></span> <span class='ocrx_word' id='word_1_211' title='bbox 772 1551 899 1603; x_wconf 90' lang='lat' dir='ltr'><strong>specie</strong></span> <span class='ocrx_word' id='word_1_212' title='bbox 914 1552 1097 1590; x_wconf 85' lang='lat' dir='ltr'><strong>libertatis</strong></span> <span class='ocrx_word' id='word_1_213' title='bbox 1123 1551 1275 1591; x_wconf 85' lang='lat' dir='ltr'><strong>induxit</strong></span> <span class='ocrx_word' id='word_1_214' title='bbox 1296 1552 1335 1590; x_wconf 91' lang='lat' dir='ltr'><strong>in</strong></span> <span class='ocrx_word' id='word_1_215' title='bbox 1369 1551 1463 1590; x_wconf 90' lang='lat' dir='ltr'><strong>illud</strong></span> <span class='ocrx_word' id='word_1_216' title='bbox 1490 1553 1682 1593; x_wconf 83' lang='lat' dir='ltr'><strong>servitutis</strong></span> <span class='ocrx_word' id='word_1_217' title='bbox 1708 1551 1864 1605; x_wconf 86' lang='lat' dir='ltr'><strong>jugum,</strong></span> 
     </span>
     <span class='ocr_line' id='line_1_25' title="bbox 45 1610 1134 1666; baseline -0.005 -13"><span class='ocrx_word' id='word_1_218' title='bbox 45 1614 122 1654; x_wconf 69' lang='lat' dir='ltr'><strong>‘sub</strong></span> <span class='ocrx_word' id='word_1_219' title='bbox 146 1625 225 1666; x_wconf 89' lang='lat' dir='ltr'><strong>quo</strong></span> <span class='ocrx_word' id='word_1_220' title='bbox 245 1613 450 1651; x_wconf 87' lang='lat' dir='ltr'><strong>etiamnum</strong></span> <span class='ocrx_word' id='word_1_221' title='bbox 473 1611 591 1651; x_wconf 89' lang='lat' dir='ltr'><strong>hodie</strong></span> <span class='ocrx_word' id='word_1_222' title='bbox 616 1612 755 1651; x_wconf 91' lang='lat' dir='ltr'><strong>vivunt</strong></span> <span class='ocrx_word' id='word_1_223' title='bbox 774 1610 986 1650; x_wconf 81' lang='lat' dir='ltr'><strong>Provinciae</strong></span> <span class='ocrx_word' id='word_1_224' title='bbox 1007 1612 1134 1649; x_wconf 87' lang='lat' dir='ltr'><strong>unitae.</strong></span> 
     </span>
    </p>

    <p class='ocr_par' dir='ltr' id='par_1_9' title="bbox 56 1668 1864 1783">
     <span class='ocr_line' id='line_1_26' title="bbox 208 1668 1864 1724; baseline -0.002 -12"><span class='ocrx_word' id='word_1_225' title='bbox 208 1673 382 1723; x_wconf 85' lang='lat' dir='ltr'><strong>Reliquae</strong></span> <span class='ocrx_word' id='word_1_226' title='bbox 407 1670 601 1711; x_wconf 89' lang='lat' dir='ltr'><strong>Nationes</strong></span> <span class='ocrx_word' id='word_1_227' title='bbox 619 1670 944 1724; x_wconf 87' lang='lat' dir='ltr'><strong>Septentrionales</strong></span> <span class='ocrx_word' id='word_1_228' title='bbox 965 1668 1131 1709; x_wconf 86' lang='lat' dir='ltr'><strong>effetatae</strong></span> <span class='ocrx_word' id='word_1_229' title='bbox 1162 1671 1246 1710; x_wconf 91' lang='lat' dir='ltr'><strong>sunt</strong></span> <span class='ocrx_word' id='word_1_230' title='bbox 1269 1669 1307 1709; x_wconf 89' lang='lat'>&amp;</span> <span class='ocrx_word' id='word_1_231' title='bbox 1333 1668 1540 1710; x_wconf 88' lang='lat' dir='ltr'><strong>indomitae.</strong></span> <span class='ocrx_word' id='word_1_232' title='bbox 1601 1668 1770 1710; x_wconf 90' lang='lat' dir='ltr'><strong>Vincere</strong></span> <span class='ocrx_word' id='word_1_233' title='bbox 1792 1682 1864 1709; x_wconf 89' lang='lat' dir='ltr'><strong>no-</strong></span> 
     </span>
     <span class='ocr_line' id='line_1_27' title="bbox 56 1731 508 1783; baseline -0.009 -10"><span class='ocrx_word' id='word_1_234' title='bbox 56 1740 173 1782; x_wconf 83' lang='lat' dir='ltr'><strong>runt,</strong></span> <span class='ocrx_word' id='word_1_235' title='bbox 204 1731 242 1772; x_wconf 88' lang='lat'>&amp;</span> <span class='ocrx_word' id='word_1_236' title='bbox 269 1739 378 1783; x_wconf 87' lang='lat' dir='ltr'><strong>parta</strong></span> <span class='ocrx_word' id='word_1_237' title='bbox 397 1733 508 1775; x_wconf 73' lang='lat' dir='ltr'><strong>tueri,</strong></span> 
     </span>
    </p>

    <p class='ocr_par' dir='ltr' id='par_1_10' title="bbox 61 1785 1864 1895">
     <span class='ocr_line' id='line_1_28' title="bbox 235 1785 1864 1843; baseline -0.003 -11"><span class='ocrx_word' id='word_1_238' title='bbox 235 1791 374 1832; x_wconf 87' lang='lat' dir='ltr'><strong>Poloni</strong></span> <span class='ocrx_word' id='word_1_239' title='bbox 401 1790 597 1841; x_wconf 82' lang='lat' dir='ltr'><strong>bellicosi,</strong></span> <span class='ocrx_word' id='word_1_240' title='bbox 627 1792 745 1843; x_wconf 90' lang='lat' dir='ltr'><strong>magis</strong></span> <span class='ocrx_word' id='word_1_241' title='bbox 778 1799 908 1829; x_wconf 86' lang='lat' dir='ltr'><strong>tamen</strong></span> <span class='ocrx_word' id='word_1_242' title='bbox 939 1788 988 1828; x_wconf 87' lang='lat' dir='ltr'><strong>ad</strong></span> <span class='ocrx_word' id='word_1_243' title='bbox 1020 1787 1342 1837; x_wconf 87' lang='lat' dir='ltr'><strong>conservandum,</strong></span> <span class='ocrx_word' id='word_1_244' title='bbox 1369 1788 1482 1840; x_wconf 78' lang='lat' dir='ltr'><strong>quam</strong></span> <span class='ocrx_word' id='word_1_245' title='bbox 1511 1785 1560 1826; x_wconf 90' lang='lat' dir='ltr'><strong>ad</strong></span> <span class='ocrx_word' id='word_1_246' title='bbox 1592 1786 1864 1840; x_wconf 86' lang='lat' dir='ltr'><strong>acquirendum</strong></span> 
     </span>
     <span class='ocr_line' id='line_1_29' title="bbox 61 1851 206 1895; baseline 0.014 -3"><span class='ocrx_word' id='word_1_247' title='bbox 61 1851 206 1895; x_wconf 84' lang='lat' dir='ltr'><strong>idonei.</strong></span> 
     </span>
    </p>

    <p class='ocr_par' dir='ltr' id='par_1_11' title="bbox 58 1905 1865 2083">
     <span class='ocr_line' id='line_1_30' title="bbox 235 1905 1865 1963; baseline -0.004 -12"><span class='ocrx_word' id='word_1_248' title='bbox 235 1909 408 1962; x_wconf 87' lang='lat' dir='ltr'><strong>Hungari</strong></span> <span class='ocrx_word' id='word_1_249' title='bbox 429 1911 527 1950; x_wconf 87' lang='lat' dir='ltr'><strong>altos</strong></span> <span class='ocrx_word' id='word_1_250' title='bbox 544 1918 681 1963; x_wconf 89' lang='lat' dir='ltr'><strong>gerunt</strong></span> <span class='ocrx_word' id='word_1_251' title='bbox 697 1911 865 1957; x_wconf 87' lang='lat' dir='ltr'><strong>animos,</strong></span> <span class='ocrx_word' id='word_1_252' title='bbox 896 1907 934 1948; x_wconf 86' lang='lat'>&amp;</span> <span class='ocrx_word' id='word_1_253' title='bbox 957 1909 1160 1961; x_wconf 88' lang='lat' dir='ltr'><strong>privilegia</strong></span> <span class='ocrx_word' id='word_1_254' title='bbox 1182 1908 1243 1947; x_wconf 90' lang='lat' dir='ltr'><strong>sua</strong></span> <span class='ocrx_word' id='word_1_255' title='bbox 1273 1916 1409 1948; x_wconf 89' lang='lat' dir='ltr'><strong>tenent</strong></span> <span class='ocrx_word' id='word_1_256' title='bbox 1441 1906 1652 1951; x_wconf 78' lang='lat' dir='ltr'><strong>mordiciis.</strong></span> <span class='ocrx_word' id='word_1_257' title='bbox 1709 1905 1865 1946; x_wconf 86' lang='lat' dir='ltr'><strong>Multos</strong></span> 
     </span>
     <span class='ocr_line' id='line_1_31' title="bbox 58 1965 1863 2021; baseline -0.003 -9"><span class='ocrx_word' id='word_1_258' title='bbox 58 1972 152 2012; x_wconf 89' lang='lat' dir='ltr'><strong>item</strong></span> <span class='ocrx_word' id='word_1_259' title='bbox 179 1983 308 2011; x_wconf 89' lang='lat' dir='ltr'><strong>mores</strong></span> <span class='ocrx_word' id='word_1_260' title='bbox 336 1971 503 2010; x_wconf 88' lang='lat' dir='ltr'><strong>retinent</strong></span> <span class='ocrx_word' id='word_1_261' title='bbox 530 1981 662 2010; x_wconf 87' lang='lat' dir='ltr'><strong>earum</strong></span> <span class='ocrx_word' id='word_1_262' title='bbox 683 1968 921 2018; x_wconf 89' lang='lat' dir='ltr'><strong>Nationum,</strong></span> <span class='ocrx_word' id='word_1_263' title='bbox 953 1980 1037 2021; x_wconf 89' lang='lat' dir='ltr'><strong>quae</strong></span> <span class='ocrx_word' id='word_1_264' title='bbox 1066 1979 1131 2007; x_wconf 90' lang='lat' dir='ltr'><strong>aut</strong></span> <span class='ocrx_word' id='word_1_265' title='bbox 1157 1977 1291 2008; x_wconf 90' lang='lat' dir='ltr'><strong>contra</strong></span> <span class='ocrx_word' id='word_1_266' title='bbox 1317 1968 1442 2020; x_wconf 87' lang='lat' dir='ltr'><strong>ipsos,</strong></span> <span class='ocrx_word' id='word_1_267' title='bbox 1464 1977 1537 2011; x_wconf 59' lang='lat' dir='ltr'><strong>,aut</strong></span> <span class='ocrx_word' id='word_1_268' title='bbox 1550 1980 1623 2019; x_wconf 90' lang='lat' dir='ltr'><strong>pro</strong></span> <span class='ocrx_word' id='word_1_269' title='bbox 1647 1965 1736 2018; x_wconf 89' lang='lat' dir='ltr'><strong>ipsis</strong></span> <span class='ocrx_word' id='word_1_270' title='bbox 1761 1977 1863 2006; x_wconf 84' lang='lat' dir='ltr'><strong>arma</strong></span> 
     </span>
     <span class='ocr_line' id='line_1_32' title="bbox 60 2031 320 2083; baseline -0.012 -11"><span class='ocrx_word' id='word_1_271' title='bbox 60 2031 320 2083; x_wconf 84' lang='lat' dir='ltr'><strong>susceperunt.</strong></span> 
     </span>
    </p>

    <p class='ocr_par' dir='ltr' id='par_1_12' title="bbox 210 2086 694 2132">
     <span class='ocr_line' id='line_1_33' title="bbox 210 2086 694 2132; baseline -0.006 -1"><span class='ocrx_word' id='word_1_272' title='bbox 210 2089 400 2132; x_wconf 87' lang='lat' dir='ltr'><strong>Dalmatae</strong></span> <span class='ocrx_word' id='word_1_273' title='bbox 421 2089 505 2128; x_wconf 88' lang='lat' dir='ltr'><strong>sunt</strong></span> <span class='ocrx_word' id='word_1_274' title='bbox 528 2086 694 2128; x_wconf 89' lang='lat' dir='ltr'><strong>feroces.</strong></span> 
     </span>
    </p>

    <p class='ocr_par' dir='ltr' id='par_1_13' title="bbox 60 2141 1865 2250">
     <span class='ocr_line' id='line_1_34' title="bbox 235 2141 1865 2200; baseline -0.003 -11"><span class='ocrx_word' id='word_1_275' title='bbox 235 2149 361 2189; x_wconf 86' lang='lat' dir='ltr'><strong>Graeci</strong></span> <span class='ocrx_word' id='word_1_276' title='bbox 388 2149 500 2197; x_wconf 88' lang='lat' dir='ltr'><strong>vani,</strong></span> <span class='ocrx_word' id='word_1_277' title='bbox 530 2146 801 2200; x_wconf 79' lang='lat' dir='ltr'><strong>superstitiosi,</strong></span> <span class='ocrx_word' id='word_1_278' title='bbox 829 2148 967 2187; x_wconf 87' lang='lat' dir='ltr'><strong>nullius</strong></span> <span class='ocrx_word' id='word_1_279' title='bbox 991 2145 1115 2196; x_wconf 90' lang='lat' dir='ltr'><strong>fidei,</strong></span> <span class='ocrx_word' id='word_1_280' title='bbox 1145 2147 1256 2188; x_wconf 89' lang='lat' dir='ltr'><strong>obliti</strong></span> <span class='ocrx_word' id='word_1_281' title='bbox 1273 2158 1394 2194; x_wconf 89' lang='lat' dir='ltr'><strong>nunc,</strong></span> <span class='ocrx_word' id='word_1_282' title='bbox 1422 2145 1490 2198; x_wconf 91' lang='lat' dir='ltr'><strong>qui</strong></span> <span class='ocrx_word' id='word_1_283' title='bbox 1524 2143 1565 2186; x_wconf 71' lang='grc' dir='ltr'><strong>δι</strong></span> <span class='ocrx_word' id='word_1_284' title='bbox 1598 2145 1728 2197; x_wconf 83' lang='lat' dir='ltr'><strong>quales</strong></span> <span class='ocrx_word' id='word_1_285' title='bbox 1751 2141 1865 2184; x_wconf 70' lang='lat' dir='ltr'><strong>antea</strong></span> 
     </span>
     <span class='ocr_line' id='line_1_35' title="bbox 60 2208 216 2250; baseline -0.013 0"><span class='ocrx_word' id='word_1_286' title='bbox 60 2208 216 2250; x_wconf 88' lang='lat' dir='ltr'><strong>fuerint.</strong></span> 
     </span>
    </p>

    <p class='ocr_par' dir='ltr' id='par_1_14' title="bbox 59 2262 1865 2442">
     <span class='ocr_line' id='line_1_36' title="bbox 234 2262 1865 2319; baseline -0.004 -11"><span class='ocrx_word' id='word_1_287' title='bbox 234 2266 390 2308; x_wconf 85' lang='lat' dir='ltr'><strong>Asiatici</strong></span> <span class='ocrx_word' id='word_1_288' title='bbox 411 2267 599 2319; x_wconf 85' lang='lat' dir='ltr'><strong>mancipia</strong></span> <span class='ocrx_word' id='word_1_289' title='bbox 618 2265 703 2306; x_wconf 89' lang='lat' dir='ltr'><strong>sunt</strong></span> <span class='ocrx_word' id='word_1_290' title='bbox 725 2277 881 2314; x_wconf 86' lang='lat' dir='ltr'><strong>eorum,</strong></span> <span class='ocrx_word' id='word_1_291' title='bbox 922 2277 1086 2319; x_wconf 85' lang='lat' dir='ltr'><strong>quorum</strong></span> <span class='ocrx_word' id='word_1_292' title='bbox 1109 2263 1260 2306; x_wconf 87' lang='lat' dir='ltr'><strong>subsunt</strong></span> <span class='ocrx_word' id='word_1_293' title='bbox 1285 2265 1471 2317; x_wconf 88' lang='lat' dir='ltr'><strong>imperio,</strong></span> <span class='ocrx_word' id='word_1_294' title='bbox 1500 2263 1681 2303; x_wconf 89' lang='lat' dir='ltr'><strong>vitiorum</strong></span> <span class='ocrx_word' id='word_1_295' title='bbox 1711 2263 1802 2302; x_wconf 86' lang='lat' dir='ltr'><strong>item</strong></span> <span class='ocrx_word' id='word_1_296' title='bbox 1827 2262 1865 2302; x_wconf 76' lang='grc' dir='ltr'><strong>δε</strong></span> 
     </span>
     <span class='ocr_line' id='line_1_37' title="bbox 59 2321 1865 2381; baseline -0.004 -12"><span class='ocrx_word' id='word_1_297' title='bbox 59 2326 377 2381; x_wconf 86' lang='lat' dir='ltr'><strong>superstitionum.</strong></span> <span class='ocrx_word' id='word_1_298' title='bbox 435 2327 522 2367; x_wconf 90' lang='lat' dir='ltr'><strong>Plus</strong></span> <span class='ocrx_word' id='word_1_299' title='bbox 552 2328 683 2365; x_wconf 86' lang='lat' dir='ltr'><strong>evexit</strong></span> <span class='ocrx_word' id='word_1_300' title='bbox 704 2324 743 2364; x_wconf 89' lang='lat'>&amp;</span> <span class='ocrx_word' id='word_1_301' title='bbox 768 2328 978 2366; x_wconf 87' lang='lat' dir='ltr'><strong>etiamnum</strong></span> <span class='ocrx_word' id='word_1_302' title='bbox 993 2324 1172 2365; x_wconf 90' lang='lat' dir='ltr'><strong>sustentat</strong></span> <span class='ocrx_word' id='word_1_303' title='bbox 1207 2325 1349 2378; x_wconf 85' lang='lat' dir='ltr'><strong>grande</strong></span> <span class='ocrx_word' id='word_1_304' title='bbox 1382 2322 1475 2363; x_wconf 91' lang='lat' dir='ltr'><strong>illud</strong></span> <span class='ocrx_word' id='word_1_305' title='bbox 1500 2323 1703 2374; x_wconf 82' lang='lat' dir='ltr'><strong>imperium</strong></span> <span class='ocrx_word' id='word_1_306' title='bbox 1738 2321 1865 2362; x_wconf 87' lang='lat' dir='ltr'><strong>nostra</strong></span> 
     </span>
     <span class='ocr_line' id='line_1_38' title="bbox 60 2382 1806 2442; baseline -0.005 -13"><span class='ocrx_word' id='word_1_307' title='bbox 60 2389 231 2442; x_wconf 80' lang='lat' dir='ltr'><strong>ignavia,</strong></span> <span class='ocrx_word' id='word_1_308' title='bbox 261 2388 374 2439; x_wconf 73' lang='lat' dir='ltr'><strong>quam</strong></span> <span class='ocrx_word' id='word_1_309' title='bbox 397 2388 519 2440; x_wconf 81' lang='lat' dir='ltr'><strong>gentis</strong></span> <span class='ocrx_word' id='word_1_310' title='bbox 548 2385 644 2425; x_wconf 90' lang='lat' dir='ltr'><strong>illius</strong></span> <span class='ocrx_word' id='word_1_311' title='bbox 670 2384 882 2434; x_wconf 86' lang='lat' dir='ltr'><strong>fortitudo,</strong></span> <span class='ocrx_word' id='word_1_312' title='bbox 911 2389 997 2438; x_wconf 85' lang='lat' dir='ltr'><strong>plus</strong></span> <span class='ocrx_word' id='word_1_313' title='bbox 1019 2397 1131 2437; x_wconf 86' lang='lat' dir='ltr'><strong>poena</strong></span> <span class='ocrx_word' id='word_1_314' title='bbox 1149 2384 1300 2434; x_wconf 88' lang='lat' dir='ltr'><strong>nostra,</strong></span> <span class='ocrx_word' id='word_1_315' title='bbox 1331 2383 1445 2436; x_wconf 73' lang='lat' dir='ltr'><strong>quam</strong></span> <span class='ocrx_word' id='word_1_316' title='bbox 1471 2382 1640 2434; x_wconf 89' lang='lat' dir='ltr'><strong>ejusdem</strong></span> <span class='ocrx_word' id='word_1_317' title='bbox 1660 2383 1806 2423; x_wconf 88' lang='lat' dir='ltr'><strong>merita.</strong></span> 
     </span>
    </p>

    <p class='ocr_par' dir='ltr' id='par_1_15' title="bbox 61 2440 1864 2560">
     <span class='ocr_line' id='line_1_39' title="bbox 228 2440 1864 2496; baseline -0.004 -9"><span class='ocrx_word' id='word_1_318' title='bbox 228 2446 462 2487; x_wconf 83' lang='lat' dir='ltr'><strong>Moscovitae</strong></span> <span class='ocrx_word' id='word_1_319' title='bbox 491 2447 529 2485; x_wconf 74' lang='grc' dir='ltr'><strong>δε</strong></span> <span class='ocrx_word' id='word_1_320' title='bbox 551 2444 693 2484; x_wconf 85' lang='lat' dir='ltr'><strong>Tartari</strong></span> <span class='ocrx_word' id='word_1_321' title='bbox 713 2444 760 2485; x_wconf 91' lang='lat' dir='ltr'><strong>ad</strong></span> <span class='ocrx_word' id='word_1_322' title='bbox 785 2444 1025 2486; x_wconf 89' lang='lat' dir='ltr'><strong>serviendum</strong></span> <span class='ocrx_word' id='word_1_323' title='bbox 1040 2447 1141 2495; x_wconf 84' lang='lat' dir='ltr'><strong>nati,</strong></span> <span class='ocrx_word' id='word_1_324' title='bbox 1171 2446 1368 2484; x_wconf 83' lang='lat' dir='ltr'><strong>celerrime</strong></span> <span class='ocrx_word' id='word_1_325' title='bbox 1396 2452 1512 2483; x_wconf 89' lang='lat' dir='ltr'><strong>ruunt</strong></span> <span class='ocrx_word' id='word_1_326' title='bbox 1540 2445 1579 2482; x_wconf 90' lang='lat' dir='ltr'><strong>in</strong></span> <span class='ocrx_word' id='word_1_327' title='bbox 1599 2453 1766 2496; x_wconf 85' lang='lat' dir='ltr'><strong>pugnam</strong></span> <span class='ocrx_word' id='word_1_328' title='bbox 1783 2473 1796 2492; x_wconf 86' lang='lat'>‚</span> <span class='ocrx_word' id='word_1_329' title='bbox 1826 2440 1864 2481; x_wconf 88' lang='lat'>&amp;</span> 
     </span>
     <span class='ocr_line' id='line_1_40' title="bbox 61 2504 843 2560; baseline -0.003 -15"><span class='ocrx_word' id='word_1_330' title='bbox 61 2517 156 2546; x_wconf 83' lang='lat' dir='ltr'><strong>mox</strong></span> <span class='ocrx_word' id='word_1_331' title='bbox 172 2507 211 2545; x_wconf 91' lang='lat' dir='ltr'><strong>in</strong></span> <span class='ocrx_word' id='word_1_332' title='bbox 235 2515 387 2558; x_wconf 85' lang='lat' dir='ltr'><strong>turpem</strong></span> <span class='ocrx_word' id='word_1_333' title='bbox 409 2507 539 2560; x_wconf 86' lang='lat' dir='ltr'><strong>fugam</strong></span> <span class='ocrx_word' id='word_1_334' title='bbox 559 2505 596 2544; x_wconf 91' lang='lat' dir='ltr'><strong>se</strong></span> <span class='ocrx_word' id='word_1_335' title='bbox 619 2504 843 2554; x_wconf 82' lang='lat' dir='ltr'><strong>conjiciunt.</strong></span> 
     </span>
    </p>
   </div>
   <div class='ocr_carea' id='block_1_7' title="bbox 61 2574 1867 3340">
    <p class='ocr_par' dir='ltr' id='par_1_16' title="bbox 61 2574 1867 3289">
     <span class='ocr_line' id='line_1_41' title="bbox 214 2574 1865 2636; baseline -0.005 -13"><span class='ocrx_word' id='word_1_336' title='bbox 214 2583 251 2635; x_wconf 78' lang='lat'><strong>§.</strong></span> <span class='ocrx_word' id='word_1_337' title='bbox 282 2586 412 2636; x_wconf 87' lang='lat' dir='ltr'><strong>Atque</strong></span> <span class='ocrx_word' id='word_1_338' title='bbox 434 2585 492 2623; x_wconf 82' lang='lat' dir='ltr'><strong>hae</strong></span> <span class='ocrx_word' id='word_1_339' title='bbox 509 2582 798 2622; x_wconf 87' lang='lat' dir='ltr'><strong>observationes</strong></span> <span class='ocrx_word' id='word_1_340' title='bbox 815 2581 1010 2633; x_wconf 87' lang='lat' dir='ltr'><strong>generales</strong></span> <span class='ocrx_word' id='word_1_341' title='bbox 1031 2592 1111 2619; x_wconf 90' lang='lat' dir='ltr'><strong>non</strong></span> <span class='ocrx_word' id='word_1_342' title='bbox 1133 2581 1261 2619; x_wconf 89' lang='lat' dir='ltr'><strong>omnia</strong></span> <span class='ocrx_word' id='word_1_343' title='bbox 1290 2578 1439 2630; x_wconf 88' lang='lat' dir='ltr'><strong>semper</strong></span> <span class='ocrx_word' id='word_1_344' title='bbox 1456 2574 1790 2628; x_wconf 88' lang='lat' dir='ltr'><strong>comprehendunt</strong></span> <span class='ocrx_word' id='word_1_345' title='bbox 1810 2577 1865 2615; x_wconf 85' lang='lat' dir='ltr'><strong>in-</strong></span> 
     </span>
     <span class='ocr_line' id='line_1_42' title="bbox 62 2636 1865 2692; baseline -0.005 -9"><span class='ocrx_word' id='word_1_346' title='bbox 62 2642 237 2683; x_wconf 82' lang='lat' dir='ltr'><strong>dividua:</strong></span> <span class='ocrx_word' id='word_1_347' title='bbox 266 2656 353 2683; x_wconf 88' lang='lat' dir='ltr'><strong>nain</strong></span> <span class='ocrx_word' id='word_1_348' title='bbox 371 2645 483 2683; x_wconf 86' lang='lat' dir='ltr'><strong>etiam</strong></span> <span class='ocrx_word' id='word_1_349' title='bbox 506 2644 544 2682; x_wconf 90' lang='lat' dir='ltr'><strong>in</strong></span> <span class='ocrx_word' id='word_1_350' title='bbox 568 2641 742 2681; x_wconf 85' lang='lat' dir='ltr'><strong>Natione</strong></span> <span class='ocrx_word' id='word_1_351' title='bbox 767 2639 935 2681; x_wconf 74' lang='lat' dir='ltr'><strong>maxime</strong></span> <span class='ocrx_word' id='word_1_352' title='bbox 948 2639 1090 2679; x_wconf 84' lang='lat' dir='ltr'><strong>infideli</strong></span> <span class='ocrx_word' id='word_1_353' title='bbox 1107 2639 1144 2678; x_wconf 68' lang='grc' dir='ltr'><strong>δι</strong></span> <span class='ocrx_word' id='word_1_354' title='bbox 1165 2641 1307 2692; x_wconf 85' lang='lat' dir='ltr'><strong>ingrata</strong></span> <span class='ocrx_word' id='word_1_355' title='bbox 1332 2638 1573 2689; x_wconf 83' lang='lat' dir='ltr'><strong>reperiuntur</strong></span> <span class='ocrx_word' id='word_1_356' title='bbox 1597 2636 1772 2676; x_wconf 87' lang='lat' dir='ltr'><strong>homines</strong></span> <span class='ocrx_word' id='word_1_357' title='bbox 1802 2637 1865 2674; x_wconf 89' lang='lat' dir='ltr'><strong>ali-</strong></span> 
     </span>
     <span class='ocr_line' id='line_1_43' title="bbox 62 2695 1865 2754; baseline -0.005 -11"><span class='ocrx_word' id='word_1_358' title='bbox 62 2715 129 2754; x_wconf 85' lang='lat' dir='ltr'><strong>qui</strong></span> <span class='ocrx_word' id='word_1_359' title='bbox 144 2705 238 2754; x_wconf 82' lang='lat' dir='ltr'><strong>grati</strong></span> <span class='ocrx_word' id='word_1_360' title='bbox 257 2715 300 2743; x_wconf 88' lang='lat' dir='ltr'><strong>ac</strong></span> <span class='ocrx_word' id='word_1_361' title='bbox 318 2703 450 2743; x_wconf 85' lang='lat' dir='ltr'><strong>fideles</strong></span> <span class='ocrx_word' id='word_1_362' title='bbox 463 2733 475 2752; x_wconf 86' lang='lat'>‚</span> <span class='ocrx_word' id='word_1_363' title='bbox 505 2701 689 2753; x_wconf 81' lang='lat' dir='ltr'><strong>siquidem</strong></span> <span class='ocrx_word' id='word_1_364' title='bbox 722 2701 985 2741; x_wconf 87' lang='lat' dir='ltr'><strong>dominatuum</strong></span> <span class='ocrx_word' id='word_1_365' title='bbox 1003 2700 1242 2746; x_wconf 86' lang='lat' dir='ltr'><strong>immutatio,</strong></span> <span class='ocrx_word' id='word_1_366' title='bbox 1273 2698 1548 2747; x_wconf 88' lang='lat' dir='ltr'><strong>transmigratio</strong></span> <span class='ocrx_word' id='word_1_367' title='bbox 1569 2696 1616 2735; x_wconf 88' lang='lat' dir='ltr'><strong>ab</strong></span> <span class='ocrx_word' id='word_1_368' title='bbox 1635 2707 1708 2735; x_wconf 84' lang='lat' dir='ltr'><strong>una</strong></span> <span class='ocrx_word' id='word_1_369' title='bbox 1725 2695 1865 2735; x_wconf 85' lang='lat' dir='ltr'><strong>Natio·</strong></span> 
     </span>
     <span class='ocr_line' id='line_1_44' title="bbox 61 2754 1865 2811; baseline -0.005 -8"><span class='ocrx_word' id='word_1_370' title='bbox 61 2775 112 2803; x_wconf 92' lang='lat' dir='ltr'><strong>ne</strong></span> <span class='ocrx_word' id='word_1_371' title='bbox 132 2762 182 2803; x_wconf 88' lang='lat' dir='ltr'><strong>ad</strong></span> <span class='ocrx_word' id='word_1_372' title='bbox 207 2765 315 2803; x_wconf 85' lang='lat' dir='ltr'><strong>aliam</strong></span> <span class='ocrx_word' id='word_1_373' title='bbox 344 2793 356 2811; x_wconf 92' lang='lat'>‚</span> <span class='ocrx_word' id='word_1_374' title='bbox 387 2761 651 2811; x_wconf 87' lang='lat' dir='ltr'><strong>conversatio,</strong></span> <span class='ocrx_word' id='word_1_375' title='bbox 678 2761 715 2802; x_wconf 91' lang='lat'>&amp;</span> <span class='ocrx_word' id='word_1_376' title='bbox 737 2761 976 2801; x_wconf 88' lang='lat' dir='ltr'><strong>matrimonia</strong></span> <span class='ocrx_word' id='word_1_377' title='bbox 990 2789 1002 2808; x_wconf 93' lang='lat'>‚</span> <span class='ocrx_word' id='word_1_378' title='bbox 1033 2759 1176 2798; x_wconf 91' lang='lat' dir='ltr'><strong>bellum</strong></span> <span class='ocrx_word' id='word_1_379' title='bbox 1198 2758 1234 2797; x_wconf 72' lang='grc' dir='ltr'><strong>δε</strong></span> <span class='ocrx_word' id='word_1_380' title='bbox 1252 2770 1348 2809; x_wconf 81' lang='lat' dir='ltr'><strong>pax,</strong></span> <span class='ocrx_word' id='word_1_381' title='bbox 1378 2766 1495 2808; x_wconf 88' lang='lat' dir='ltr'><strong>atque</strong></span> <span class='ocrx_word' id='word_1_382' title='bbox 1510 2754 1608 2795; x_wconf 72' lang='lat' dir='ltr'><strong>adet»</strong></span> <span class='ocrx_word' id='word_1_383' title='bbox 1628 2755 1668 2796; x_wconf 88' lang='lat' dir='ltr'><strong>hi</strong></span> <span class='ocrx_word' id='word_1_384' title='bbox 1689 2756 1758 2809; x_wconf 86' lang='lat' dir='ltr'><strong>ipsi</strong></span> <span class='ocrx_word' id='word_1_385' title='bbox 1781 2767 1865 2795; x_wconf 90' lang='lat' dir='ltr'><strong>mo-</strong></span> 
     </span>
     <span class='ocr_line' id='line_1_45' title="bbox 65 2813 1867 2874; baseline -0.004 -13"><span class='ocrx_word' id='word_1_386' title='bbox 65 2832 127 2862; x_wconf 87' lang='lat' dir='ltr'><strong>tus</strong></span> <span class='ocrx_word' id='word_1_387' title='bbox 145 2822 351 2864; x_wconf 75' lang='lat' dir='ltr'><strong>coelestium</strong></span> <span class='ocrx_word' id='word_1_388' title='bbox 368 2823 612 2874; x_wconf 65' lang='lat' dir='ltr'><strong>sphaerarum,</strong></span> <span class='ocrx_word' id='word_1_389' title='bbox 642 2832 726 2873; x_wconf 79' lang='lat' dir='ltr'><strong>quae</strong></span> <span class='ocrx_word' id='word_1_390' title='bbox 743 2820 763 2860; x_wconf 77' lang='grc' dir='ltr'>ὲ</span> <span class='ocrx_word' id='word_1_391' title='bbox 782 2821 905 2873; x_wconf 88' lang='lat' dir='ltr'><strong>polis,</strong></span> <span class='ocrx_word' id='word_1_392' title='bbox 937 2819 958 2858; x_wconf 75' lang='lat' dir='ltr'><strong>a</strong></span> <span class='ocrx_word' id='word_1_393' title='bbox 977 2818 1139 2859; x_wconf 87' lang='lat' dir='ltr'><strong>zodiaco</strong></span> <span class='ocrx_word' id='word_1_394' title='bbox 1168 2818 1281 2870; x_wconf 89' lang='lat' dir='ltr'><strong>primi</strong></span> <span class='ocrx_word' id='word_1_395' title='bbox 1309 2816 1464 2856; x_wconf 88' lang='lat' dir='ltr'><strong>mobilis</strong></span> <span class='ocrx_word' id='word_1_396' title='bbox 1491 2816 1670 2867; x_wconf 86' lang='lat' dir='ltr'><strong>imagines</strong></span> <span class='ocrx_word' id='word_1_397' title='bbox 1698 2813 1867 2856; x_wconf 87' lang='lat' dir='ltr'><strong>coelestes</strong></span> 
     </span>
     <span class='ocr_line' id='line_1_46' title="bbox 62 2874 1866 2931; baseline -0.004 -10"><span class='ocrx_word' id='word_1_398' title='bbox 62 2884 102 2922; x_wconf 92' lang='lat' dir='ltr'><strong>in</strong></span> <span class='ocrx_word' id='word_1_399' title='bbox 128 2884 210 2923; x_wconf 86' lang='lat' dir='ltr'><strong>haee</strong></span> <span class='ocrx_word' id='word_1_400' title='bbox 230 2883 410 2924; x_wconf 81' lang='lat' dir='ltr'><strong>inferiora</strong></span> <span class='ocrx_word' id='word_1_401' title='bbox 427 2881 622 2931; x_wconf 85' lang='lat' dir='ltr'><strong>derivant,</strong></span> <span class='ocrx_word' id='word_1_402' title='bbox 652 2882 853 2920; x_wconf 88' lang='lat' dir='ltr'><strong>immutant</strong></span> <span class='ocrx_word' id='word_1_403' title='bbox 877 2878 1119 2919; x_wconf 89' lang='lat' dir='ltr'><strong>habitudines</strong></span> <span class='ocrx_word' id='word_1_404' title='bbox 1142 2889 1185 2916; x_wconf 88' lang='lat' dir='ltr'><strong>ac</strong></span> <span class='ocrx_word' id='word_1_405' title='bbox 1204 2888 1331 2916; x_wconf 89' lang='lat' dir='ltr'><strong>mores</strong></span> <span class='ocrx_word' id='word_1_406' title='bbox 1345 2906 1356 2925; x_wconf 91' lang='lat'><strong>,</strong></span> <span class='ocrx_word' id='word_1_407' title='bbox 1384 2875 1502 2915; x_wconf 69' lang='lat' dir='ltr'><strong>imm‘o</strong></span> <span class='ocrx_word' id='word_1_408' title='bbox 1519 2875 1633 2927; x_wconf 90' lang='lat' dir='ltr'><strong>ipsam</strong></span> <span class='ocrx_word' id='word_1_409' title='bbox 1650 2878 1763 2916; x_wconf 88' lang='lat' dir='ltr'><strong>etiam</strong></span> <span class='ocrx_word' id='word_1_410' title='bbox 1783 2874 1866 2914; x_wconf 90' lang='lat' dir='ltr'><strong>Na-</strong></span> 
     </span>
     <span class='ocr_line' id='line_1_47' title="bbox 63 2934 1867 2994; baseline -0.004 -13"><span class='ocrx_word' id='word_1_411' title='bbox 63 2952 200 2982; x_wconf 86' lang='lat' dir='ltr'><strong>turam.</strong></span> <span class='ocrx_word' id='word_1_412' title='bbox 261 2941 367 2983; x_wconf 85' lang='lat' dir='ltr'><strong>Nam</strong></span> <span class='ocrx_word' id='word_1_413' title='bbox 388 2942 415 2982; x_wconf 88' lang='lat' dir='ltr'><strong>fi</strong></span> <span class='ocrx_word' id='word_1_414' title='bbox 446 2940 617 2981; x_wconf 85' lang='lat' dir='ltr'><strong>historias</strong></span> <span class='ocrx_word' id='word_1_415' title='bbox 639 2941 836 2980; x_wconf 89' lang='lat' dir='ltr'><strong>consulere</strong></span> <span class='ocrx_word' id='word_1_416' title='bbox 850 2940 1027 2988; x_wconf 82' lang='lat' dir='ltr'><strong>libuerit,</strong></span> <span class='ocrx_word' id='word_1_417' title='bbox 1060 2939 1293 2990; x_wconf 89' lang='lat' dir='ltr'><strong>reperiemus</strong></span> <span class='ocrx_word' id='word_1_418' title='bbox 1333 2945 1489 2976; x_wconf 88' lang='lat' dir='ltr'><strong>notatos</strong></span> <span class='ocrx_word' id='word_1_419' title='bbox 1515 2936 1613 2994; x_wconf 30' lang='lat' dir='ltr'><strong>olim.</strong></span> <span class='ocrx_word' id='word_1_420' title='bbox 1629 2934 1737 2976; x_wconf 87' lang='lat' dir='ltr'><strong>fuisse</strong></span> <span class='ocrx_word' id='word_1_421' title='bbox 1770 2934 1867 2974; x_wconf 86' lang='lat' dir='ltr'><strong>Ger-</strong></span> 
     </span>
     <span class='ocr_line' id='line_1_48' title="bbox 64 2994 1865 3055; baseline -0.005 -12"><span class='ocrx_word' id='word_1_422' title='bbox 64 3015 220 3051; x_wconf 88' lang='lat' dir='ltr'><strong>manos,</strong></span> <span class='ocrx_word' id='word_1_423' title='bbox 249 3002 355 3055; x_wconf 79' lang='lat' dir='ltr'><strong>quod</strong></span> <span class='ocrx_word' id='word_1_424' title='bbox 373 3003 482 3042; x_wconf 89' lang='lat' dir='ltr'><strong>nimis</strong></span> <span class='ocrx_word' id='word_1_425' title='bbox 500 3003 578 3041; x_wconf 88' lang='lat' dir='ltr'><strong>alto</strong></span> <span class='ocrx_word' id='word_1_426' title='bbox 600 2998 718 3041; x_wconf 87' lang='lat' dir='ltr'><strong>essent</strong></span> <span class='ocrx_word' id='word_1_427' title='bbox 736 3002 881 3040; x_wconf 82' lang='lat' dir='ltr'><strong>animo:</strong></span> <span class='ocrx_word' id='word_1_428' title='bbox 911 2999 1025 3039; x_wconf 87' lang='lat' dir='ltr'><strong>Italos</strong></span> <span class='ocrx_word' id='word_1_429' title='bbox 1047 3007 1200 3046; x_wconf 89' lang='lat' dir='ltr'><strong>contra,</strong></span> <span class='ocrx_word' id='word_1_430' title='bbox 1231 2995 1339 3048; x_wconf 91' lang='lat' dir='ltr'><strong>quod</strong></span> <span class='ocrx_word' id='word_1_431' title='bbox 1358 2996 1469 3035; x_wconf 89' lang='lat' dir='ltr'><strong>nimis</strong></span> <span class='ocrx_word' id='word_1_432' title='bbox 1489 2994 1638 3044; x_wconf 64' lang='lat' dir='ltr'><strong>abjecto</strong></span> <span class='ocrx_word' id='word_1_433' title='bbox 1659 2996 1697 3035; x_wconf 70' lang='grc' dir='ltr'><strong>δε</strong></span> <span class='ocrx_word' id='word_1_434' title='bbox 1713 2995 1865 3034; x_wconf 86' lang='lat' dir='ltr'><strong>humili:</strong></span> 
     </span>
     <span class='ocr_line' id='line_1_49' title="bbox 68 3052 1865 3113; baseline -0.005 -12"><span class='ocrx_word' id='word_1_435' title='bbox 68 3074 152 3113; x_wconf 88' lang='lat' dir='ltr'><strong>quae</strong></span> <span class='ocrx_word' id='word_1_436' title='bbox 186 3063 400 3103; x_wconf 86' lang='lat' dir='ltr'><strong>differentia</strong></span> <span class='ocrx_word' id='word_1_437' title='bbox 416 3061 535 3102; x_wconf 90' lang='lat' dir='ltr'><strong>hodie</strong></span> <span class='ocrx_word' id='word_1_438' title='bbox 553 3072 634 3100; x_wconf 91' lang='lat' dir='ltr'><strong>non</strong></span> <span class='ocrx_word' id='word_1_439' title='bbox 655 3061 832 3099; x_wconf 86' lang='lat' dir='ltr'><strong>cernitur.</strong></span> <span class='ocrx_word' id='word_1_440' title='bbox 892 3058 1087 3098; x_wconf 87' lang='lat' dir='ltr'><strong>Nationes</strong></span> <span class='ocrx_word' id='word_1_441' title='bbox 1103 3069 1172 3108; x_wconf 84' lang='lat' dir='ltr'><strong>per</strong></span> <span class='ocrx_word' id='word_1_442' title='bbox 1187 3057 1293 3096; x_wconf 87' lang='lat' dir='ltr'><strong>vices</strong></span> <span class='ocrx_word' id='word_1_443' title='bbox 1311 3055 1549 3095; x_wconf 87' lang='lat' dir='ltr'><strong>dominatum</strong></span> <span class='ocrx_word' id='word_1_444' title='bbox 1565 3052 1796 3100; x_wconf 72' lang='lat' dir='ltr'><strong>exercuere,</strong></span> <span class='ocrx_word' id='word_1_445' title='bbox 1827 3052 1865 3092; x_wconf 87' lang='lat'>&amp;</span> 
     </span>
     <span class='ocr_line' id='line_1_50' title="bbox 69 3118 1867 3173; baseline -0.006 -13"><span class='ocrx_word' id='word_1_446' title='bbox 69 3122 214 3162; x_wconf 82' lang='lat' dir='ltr'><strong>durnin</strong></span> <span class='ocrx_word' id='word_1_447' title='bbox 240 3124 283 3163; x_wconf 91' lang='lat' dir='ltr'><strong>iis</strong></span> <span class='ocrx_word' id='word_1_448' title='bbox 306 3122 535 3162; x_wconf 84' lang='lat' dir='ltr'><strong>Monarchia</strong></span> <span class='ocrx_word' id='word_1_449' title='bbox 553 3119 794 3173; x_wconf 83' lang='lat' dir='ltr'><strong>perduravit,</strong></span> <span class='ocrx_word' id='word_1_450' title='bbox 813 3118 1026 3159; x_wconf 87' lang='lat' dir='ltr'><strong>floruerunt</strong></span> <span class='ocrx_word' id='word_1_451' title='bbox 1045 3119 1232 3166; x_wconf 83' lang='lat' dir='ltr'><strong>virtutes,</strong></span> <span class='ocrx_word' id='word_1_452' title='bbox 1263 3126 1362 3155; x_wconf 86' lang='lat' dir='ltr'><strong>artes</strong></span> <span class='ocrx_word' id='word_1_453' title='bbox 1394 3124 1509 3166; x_wconf 86' lang='lat' dir='ltr'><strong>atque</strong></span> <span class='ocrx_word' id='word_1_454' title='bbox 1532 3126 1652 3162; x_wconf 67' lang='lat' dir='ltr'><strong>arma,</strong></span> <span class='ocrx_word' id='word_1_455' title='bbox 1685 3127 1768 3165; x_wconf 82' lang='lat' dir='ltr'><strong>quae</strong></span> <span class='ocrx_word' id='word_1_456' title='bbox 1794 3125 1867 3164; x_wconf 84' lang='lat' dir='ltr'><strong>po-.</strong></span> 
     </span>
     <span class='ocr_line' id='line_1_51' title="bbox 66 3172 1865 3230; baseline -0.005 -10"><span class='ocrx_word' id='word_1_457' title='bbox 66 3180 145 3221; x_wconf 75' lang='lat' dir='ltr'><strong>stea</strong></span> <span class='ocrx_word' id='word_1_458' title='bbox 169 3183 356 3222; x_wconf 89' lang='lat' dir='ltr'><strong>cineribus</strong></span> <span class='ocrx_word' id='word_1_459' title='bbox 378 3182 448 3222; x_wconf 89' lang='lat' dir='ltr'><strong>suis</strong></span> <span class='ocrx_word' id='word_1_460' title='bbox 470 3182 599 3221; x_wconf 90' lang='lat' dir='ltr'><strong>obruit</strong></span> <span class='ocrx_word' id='word_1_461' title='bbox 617 3180 723 3219; x_wconf 87' lang='lat' dir='ltr'><strong>ruina</strong></span> <span class='ocrx_word' id='word_1_462' title='bbox 745 3180 914 3230; x_wconf 85' lang='lat' dir='ltr'><strong>imperii,</strong></span> <span class='ocrx_word' id='word_1_463' title='bbox 942 3178 980 3218; x_wconf 87' lang='lat'>&amp;</span> <span class='ocrx_word' id='word_1_464' title='bbox 995 3177 1103 3217; x_wconf 88' lang='lat' dir='ltr'><strong>simul</strong></span> <span class='ocrx_word' id='word_1_465' title='bbox 1128 3189 1214 3216; x_wconf 90' lang='lat' dir='ltr'><strong>cuin</strong></span> <span class='ocrx_word' id='word_1_466' title='bbox 1234 3175 1373 3216; x_wconf 89' lang='lat' dir='ltr'><strong>eodem</strong></span> <span class='ocrx_word' id='word_1_467' title='bbox 1395 3174 1482 3215; x_wconf 90' lang='lat' dir='ltr'><strong>alibi</strong></span> <span class='ocrx_word' id='word_1_468' title='bbox 1501 3172 1629 3212; x_wconf 74' lang='lat' dir='ltr'><strong>denuo</strong></span> <span class='ocrx_word' id='word_1_469' title='bbox 1655 3173 1716 3213; x_wconf 87' lang='lat' dir='ltr'><strong>illa</strong></span> <span class='ocrx_word' id='word_1_470' title='bbox 1736 3181 1865 3212; x_wconf 87' lang='lat' dir='ltr'><strong>renata</strong></span> 
     </span>
     <span class='ocr_line' id='line_1_52' title="bbox 70 3232 1865 3289; baseline -0.006 -8"><span class='ocrx_word' id='word_1_471' title='bbox 70 3241 155 3282; x_wconf 88' lang='lat' dir='ltr'><strong>sunt</strong></span> <span class='ocrx_word' id='word_1_472' title='bbox 176 3251 189 3286; x_wconf 65' lang='grc' dir='ltr'><strong>ε</strong></span> <span class='ocrx_word' id='word_1_473' title='bbox 219 3241 356 3283; x_wconf 78' lang='lat' dir='ltr'><strong>verum</strong></span> <span class='ocrx_word' id='word_1_474' title='bbox 365 3243 422 3285; x_wconf 88' lang='lat' dir='ltr'><strong>his</strong></span> <span class='ocrx_word' id='word_1_475' title='bbox 435 3253 516 3284; x_wconf 87' lang='lat' dir='ltr'><strong>nori</strong></span> <span class='ocrx_word' id='word_1_476' title='bbox 527 3239 763 3282; x_wconf 86' lang='lat' dir='ltr'><strong>obstantibus</strong></span> <span class='ocrx_word' id='word_1_477' title='bbox 772 3239 811 3280; x_wconf 88' lang='lat' dir='ltr'><strong>in</strong></span> <span class='ocrx_word' id='word_1_478' title='bbox 825 3237 1059 3278; x_wconf 88' lang='lat' dir='ltr'><strong>Nationibus</strong></span> <span class='ocrx_word' id='word_1_479' title='bbox 1072 3238 1251 3278; x_wconf 89' lang='lat' dir='ltr'><strong>omnibus</strong></span> <span class='ocrx_word' id='word_1_480' title='bbox 1269 3238 1417 3289; x_wconf 83' lang='lat' dir='ltr'><strong>semper</strong></span> <span class='ocrx_word' id='word_1_481' title='bbox 1427 3242 1622 3274; x_wconf 87' lang='lat' dir='ltr'><strong>remanent</strong></span> <span class='ocrx_word' id='word_1_482' title='bbox 1641 3232 1865 3287; x_wconf 82' lang='lat' dir='ltr'><strong>propensio-</strong></span> 
     </span>
    </p>

    <p class='ocr_par' dir='ltr' id='par_1_17' title="bbox 882 3296 1866 3340">
     <span class='ocr_line' id='line_1_53' title="bbox 882 3296 1866 3340; baseline -0.006 -3"><span class='ocrx_word' id='word_1_483' title='bbox 882 3296 919 3337; x_wconf 95' lang='lat' dir='ltr'>T</span> <span class='ocrx_word' id='word_1_484' title='bbox 934 3308 948 3337; x_wconf 93' lang='lat' dir='ltr'><strong>t</strong></span> <span class='ocrx_word' id='word_1_485' title='bbox 964 3307 979 3337; x_wconf 92' lang='lat' dir='ltr'><strong>t</strong></span> <span class='ocrx_word' id='word_1_486' title='bbox 996 3306 1012 3337; x_wconf 85' lang='lat' dir='ltr'><strong>t</strong></span> <span class='ocrx_word' id='word_1_487' title='bbox 1040 3310 1069 3340; x_wconf 90' lang='lat'>2</span> <span class='ocrx_word' id='word_1_488' title='bbox 1797 3303 1866 3332; x_wconf 78' lang='lat' dir='ltr'><strong>nes</strong></span> 
     </span>
    </p>
   </div>
  </div>
 </body>
</html>
