2132 3730
264 252 346 290 134
687 230 1033 272 DJDACJ
1094 230 1624 274 SAAVEDRAE

253 294 770 364 m
786 313 853 351 ubi
874 325 969 352 vero
998 314 1124 351 timori
1144 313 1181 352 δε
1205 314 1421 354 diffidentiae
1442 316 1550 354 locus
1570 315 1624 355 est
1644 347 1656 364 ,
1687 317 1762 367 ipsa
1792 330 1950 368 quoque
1968 317 2064 358 fides

254 380 366 419 facile
382 377 451 430 (a)
472 373 614 419 deficit,
674 370 766 411 Hoc
791 381 918 412 tamen
945 374 982 412 in
1003 374 1046 412 iis
1067 372 1213 412 casibus
1234 377 1349 414 veliin
1372 375 1550 427 intelligi,
1583 376 1738 426 quando
1759 379 1971 428 periculum
1995 379 2065 417 dis-

254 440 448 482 simulare,
479 433 655 472 &celare
684 433 916 472 calamitates
946 431 1130 484 expedit:
1160 433 1198 472 in
1231 435 1307 474 aliis
1334 437 1434 475 enim
1461 436 1625 486 publicae
1656 434 1809 475 tristitiae
1841 437 2064 487 significatio

253 498 467 547 Principem
488 492 643 531 minime
665 490 859 540 dedecet,
891 502 933 532 ut
950 493 1000 532 sic
1021 491 1202 532 affetum]
1228 494 1331 534 suurn
1352 493 1474 547 palam
1503 493 1618 534 faciat
1643 494 1798 534 subditis
1817 528 1827 545 ‚
1859 497 1895 535 ἃ
1929 509 2065 538 eorum

253 558 322 598 sibi
335 554 512 594 conciliet
525 553 686 592 animos.
747 551 909 593 Carolus
929 553 1098 606 Quintus
1114 553 1326 604 Imperator
1346 555 1492 607 lugubri
1509 555 1664 594 indutus
1684 554 1790 599 veste
1808 558 1991 596 moerebat
2011 558 2064 596 ob

251 617 437 655 Romanae
455 613 558 651 urbis
585 612 874 663 expilationem.
935 611 1024 667 (b)
1048 613 1317 665 Apprehendens
1343 614 1477 654 David
1486 611 1588 665 scidit
1621 613 1822 668 vestimenta
1835 613 1903 666 fita
1927 649 1938 666 ,
1977 629 2066 657 cum

250 684 417 716 mortem
436 671 556 712 Saulis
574 671 613 711 &
634 671 807 723 Jonathae
826 674 1064 726 intelligeret.
1128 673 1233 713 Idem
1257 672 1350 712 fecit
1370 674 1482 726 josue
1509 684 1671 726 propter
1691 673 1838 715 cladem
1861 676 1906 714 ab
1929 678 2066 716 incolis

250 735 355 774 urbis
376 732 453 773 Hai
470 741 668 784 acceptam
684 761 695 779 ,
725 732 763 772 &
789 732 860 786 (c)
873 742 1008 785 pronus
1023 731 1139 773 cecidit
1172 735 1209 773 in
1234 741 1366 773 terram
1388 747 1599 774 commarca
1628 734 1779 774 Domini.
1839 733 1931 775 Nec
1961 738 2064 787 quic-

248 806 363 847 quam
388 792 519 846 justius
540 822 553 841 ,
584 791 697 844 quam
713 793 750 832 in
769 794 965 832 communi
983 794 1196 833 calamitate
1218 793 1269 832 slC
1297 793 1389 833 Deo
1406 793 1442 832 se
1462 794 1707 841 submittere3
1737 806 1825 833 narn
1844 796 2064 835 rebellionis

248 852 449 906 quoddam
463 864 580 905 genus
600 850 691 891 effet
707 882 717 899 ,
749 852 797 891 de
825 864 939 892 manu
962 854 1057 892 illius
1082 853 1184 892 bona
1207 853 1326 893 solum
1346 854 1449 893 velle
1467 853 1656 906 suscipere
1677 884 1689 903 ‚
1725 866 1804 893 non
1836 864 1965 895 autem
1989 855 2064 909 (d)

247 915 356 956 mala„
421 913 500 965 Qui
516 910 748 963 castigationi
775 912 852 951 sese
873 912 1038 964 subjicit,
1060 912 1192 953 Deum
1211 913 1257 953 ad
1279 912 1575 955 misericordiam
1608 923 1849 954 commovet.

402 972 437 1023 §.
468 972 720 1011 Controverti
742 972 805 1011 hic
825 972 955 1023 potest
970 1003 982 1021 ‚
1013 985 1059 1013 an
1075 982 1156 1014 tum
1176 974 1304 1014 saltem
1331 971 1391 1013 illa
1416 973 1530 1012 animi
1554 972 1762 1012 constantia
1781 973 1904 1013 minus
1923 984 2063 1026 poten-

248 1036 277 1074 ti
295 1031 486 1073 suadenda
511 1032 584 1079 fit,
618 1030 705 1070 cum
731 1033 960 1083 potentioris
985 1034 1125 1073 auxilio
1140 1033 1295 1087 indiget.
1359 1032 1436 1073 Sed
1458 1033 1557 1072 eain
1573 1044 1614 1072 re
1637 1035 1817 1083 peculiari
1840 1033 2061 1075 destinctio-

246 1105 296 1135 ne
315 1104 413 1145 opus
434 1090 502 1136 est.
565 1090 644 1143 Qui
663 1091 860 1143 oppressus
878 1093 924 1132 ab
944 1092 1115 1133 hostibus
1134 1095 1232 1145 petit
1259 1094 1471 1145 suppetias,
1500 1105 1581 1132 non
1609 1092 1644 1132 se
1665 1092 1839 1132 demittat
1870 1095 2028 1134 nimium
2048 1118 2072 1143 ,-

246 1165 320 1195 nec
345 1153 455 1193 nimis
465 1149 624 1191 sollitice
645 1152 803 1191 alienam
824 1153 1004 1205 imploret
1027 1165 1166 1205 opem,
1199 1153 1286 1193 alias
1305 1153 1511 1199 Fortunam
1530 1153 1630 1192 suam
1656 1153 1806 1205 prorsus
1825 1153 2064 1205 desperatam

248 1213 377 1254 faciet.
438 1210 582 1252 Nullus
602 1212 703 1250 enim
727 1211 781 1251 est
797 1212 978 1265 Princeps
1004 1243 1015 1262 ,
1046 1215 1111 1265 qui
1136 1214 1213 1253 sola
1240 1223 1369 1253 motus
1407 1213 1662 1253 misericordia
1684 1213 1825 1264 jacenti
1863 1212 2064 1254 dexteram

249 1273 441 1326 porrigat,
471 1278 536 1311 aut
553 1271 617 1322 qui
640 1273 737 1310 tueri
758 1274 851 1312 velit
877 1284 966 1312 eum
983 1303 995 1322 ,
1026 1276 1091 1325 qui
1115 1273 1165 1313 de
1190 1275 1226 1313 se
1252 1274 1334 1326 ipso
1354 1274 1547 1324 rebusque
1575 1273 1647 1313 suis
1659 1272 1736 1323 jam
1772 1275 1919 1324 sperare
1940 1273 2062 1315 desiit.

245 1332 422 1384 Pompeji
455 1329 565 1371 causa
582 1330 684 1369 haud
708 1331 918 1382 paullulum
955 1335 994 1373 in
1022 1334 1208 1385 opinione
1236 1335 1436 1373 Ptolomaei
1456 1333 1695 1384 deperdidit,
1728 1333 1815 1372 cum
1849 1344 1991 1373 tantam
2012 1336 2064 1373 le-

245 1403 420 1447 gatorum
445 1392 524 1442 eJus
549 1390 826 1431 submissionem
855 1404 985 1432 coram
1010 1394 1205 1445 usurparet
1227 1394 1362 1432 oculis.
1425 1392 1568 1442 Majori
1589 1393 1716 1431 animo
1738 1392 1826 1430 Rex
1848 1392 2067 1432 Cherusco-

245 1465 329 1492 rum
354 1451 426 1491 fuit
443 1482 455 1501 ,
486 1451 551 1502 qui
579 1448 711 1501 postea
733 1463 845 1502 quam
867 1464 986 1506 regno
1002 1453 1131 1504 pulsus
1154 1451 1266 1502 ess‘et,
1284 1451 1429 1491 Tiberii
1450 1451 1587 1491 favore
1621 1451 1688 1491 fibi
1709 1451 1896 1491 utendum
1926 1464 2028 1492 ratus
2049 1484 2063 1502 ‚

246 1512 295 1552 ad
319 1511 483 1552 eundem
504 1509 610 1549 dedit
641 1510 778 1550 literas.
839 1511 907 1565 (e)
937 1525 1002 1553 wan
1024 1521 1064 1552 ut
1072 1510 1276 1565 profugus,
1305 1520 1369 1552 aut
1390 1509 1532 1565 fispplex
1548 1542 1559 1559 ‚
1585 1507 1647 1561 Μ
1675 1525 1717 1551 ex
1742 1514 1899 1551 memoria
1927 1515 2064 1563 prioris

245 1573 421 1614 Forum.
480 1569 572 1610 Nec
603 1571 725 1608 minus
750 1569 890 1610 illustre
912 1571 968 1610 est
988 1574 1208 1623 exemplum
1237 1573 1353 1623 Regis
1373 1570 1608 1611 Mithridatis
1626 1602 1636 1619 ‚
1669 1572 1732 1622 qui
1760 1571 1885 1610 vietus
1911 1573 1957 1610 ab
1986 1571 2063 1610 Eu-

243 1644 348 1672 none
373 1627 728 1678 hoste,constantia
749 1629 863 1680 plane
883 1632 985 1682 regia
1000 1630 1052 1669 s1c
1073 1642 1161 1670 eum
1181 1630 1302 1670 fertur
1327 1632 1514 1671 allocutus
1537 1645 1546 1671 ε
1578 1628 1668 1684 (f)
1691 1630 1927 1671 Mithridates
1961 1639 2066 1671 terra

244 1694 399 1743 marique
417 1690 583 1729 Romanis
602 1695 666 1737 per
678 1693 728 1726 tot
743 1700 850 1727 annos
869 1689 1031 1742 qucefitus
1051 1720 1064 1738 ,
1083 1687 1201 1741 sponte
1218 1687 1332 1739 alffimz
1344 1721 1355 1739 ,
1391 1698 1486 1730 utere
1504 1697 1544 1729 ut
1562 1691 1655 1730 voles
1668 1721 1680 1739 ‚
1702 1691 1800 1741 prole
1813 1693 1926 1742 magni
1947 1692 2063 1732 Ache-

243 1752 348 1792 menis
368 1748 459 1804 quod
474 1743 667 1798 mihifhlmn
685 1744 791 1798 hcstes
807 1761 871 1787 non
890 1747 1114 1802 abstulerunt.
1176 1749 1275 1802 Quae
1295 1761 1354 1788 res
1374 1749 1579 1790 Eunonen]
1592 1752 1809 1801 permovit,
1841 1760 1882 1789 ut
1904 1753 1982 1802 iple
1998 1752 2064 1790 de-

246 1811 336 1851 inde
356 1822 428 1862 pro
455 1820 544 1860 rege
558 1806 785 1846 Mithridate
806 1807 908 1858 apud
926 1808 1202 1860 Imperatorem
1221 1808 1424 1849 Claudium
1449 1809 1518 1863 (g)
1537 1809 1807 1849 intercederet.
1869 1811 1946 1863 Qui
1960 1811 2062 1850 Prin-

242 1872 319 1923 cipi
338 1871 405 1910 suo
428 1867 554 1907 fidelia
570 1864 740 1917 praestitit
758 1867 939 1916 obsequia
957 1897 968 1915 ‚
992 1869 1170 1918 loquatur
1192 1868 1331 1917 libere,
1362 1869 1391 1908 fi
1420 1871 1593 1919 injuriam
1618 1869 1685 1909 fibi
1720 1868 1800 1909 fieri
1825 1870 2063 1910 animadver-

241 1939 306 1971 tat.
373 1929 428 1968 Ita
448 1923 576 1966 fecere
601 1924 844 1964 Hei-mannus
871 1925 1067 1965 Cortesius
1096 1926 1238 1965 Carolo
1277 1927 1451 1978 Quinto,
1482 1928 1519 1966 δε
1548 1927 1722 1979 Segestes
1752 1929 1828 1980 (h)
1862 1930 2062 1969 Germani-

241 2003 304 2030 co,
364 1989 406 2028 ln
434 1987 579 2028 casibus
606 1985 682 2023 aliis
703 1983 905 2023 Prudentia
928 1986 1205 2034 necessitatem,
1236 1994 1411 2037 ternpus,
1444 1985 1481 2025 ὃς
1502 1997 1561 2024 res
1591 1986 1685 2036 ipsas
1702 1988 1921 2038 expendat,
1953 1989 1989 2029 ἃ
2008 1990 2060 2029 se-

242 2058 405 2102 quentes
423 2047 620 2099 diligenter
639 2043 818 2083 observet
841 2046 1048 2085 maximas:
1082 2045 1188 2095 quod
1207 2046 1405 2096 potentior
1425 2045 1658 2096 intrepidum
1674 2045 1867 2085 inferioris
1889 2050 2058 2090 animum

241 2123 315 2163 pro
334 2109 464 2159 injuria
480 2104 561 2146 fere
590 2105 771 2154 accipiat,
802 2103 963 2155 perinde
994 2104 1096 2156 quasi
1127 2105 1189 2143 hic
1209 2105 1281 2143 sese
1306 2106 1356 2143 illi
1386 2116 1536 2156 aequare
1564 2105 1685 2150 velit3
1717 2114 1782 2144 aut
1806 2117 1892 2145 eum
1922 2120 2000 2159 prae
2021 2111 2058 2150 se

241 2177 477 2210 contemnat.
539 2162 661 2217 Quod
686 2164 777 2202 item
795 2163 1016 2204 inferiorem
1033 2162 1145 2203 facile
1170 2173 1414 2212 contemnat,
1445 2164 1472 2203 si
1492 2165 1651 2203 nimium
1676 2165 1705 2202 is
1736 2162 1811 2204 sese
1841 2166 1990 2216 abjiciat
2019 2168 2058 2208 δε
2123 2202 2129 2210 ,

242 2230 429 2270 demittat.
491 2224 549 2265 Ea
578 2224 626 2263 de
649 2223 755 2262 causa
783 2222 982 2272 Tiberius,
1012 2223 1216 2264 Senatores
1235 2223 1480 2272 nominabat,
1511 2225 1575 2275 qui
1603 2222 1650 2262 ad
1674 2222 1918 2266 serviendum
1944 2226 1963 2266 a
1992 2240 2058 2267 na.
2124 2276 2125 2279 Ἴ

241 2301 325 2330 tura
341 2286 432 2328 fatti
450 2284 587 2330 effent;
617 2282 654 2322 &
680 2283 825 2323 tametsi
841 2284 898 2323 his
919 2284 1054 2324 talibus
1079 2296 1178 2336 opus
1200 2284 1381 2331 haberet,
1413 2285 1513 2323 illam
1542 2292 1668 2323 tamen
1696 2285 1909 2325 animorum
1931 2288 2055 2328 vilita-

241 2360 321 2390 tem
346 2347 447 2388 ferre
479 2343 585 2385 nullo
614 2342 733 2383 modo
771 2342 857 2396 (i)
887 2353 1048 2395 poterat.
1112 2343 1273 2383 Norunt
1299 2343 1440 2383 scilicet
1467 2343 1661 2395 Principes
1694 2344 1852 2396 cujusqe
1887 2346 2055 2387 alacrita-

242 2420 323 2450 tem
339 2408 375 2448 &
395 2407 507 2446 animi
528 2405 667 2452 robur,
697 2403 734 2443 &
754 2401 865 2442 facile
883 2405 921 2443 in
937 2417 1004 2444 eos
1027 2404 1111 2444 sunt
1132 2404 1253 2455 inJ‘urii
1268 2433 1280 2452 ‚
1312 2415 1408 2456 quos
1428 2402 1547 2444 sciunt
1568 2403 1607 2443 id
1621 2401 1777 2443 minime
1804 2406 1971 2456 graviter
1993 2420 2054 2447 ac-

243 2478 440 2522 cepturos
498 2464 561 2505 Ex
594 2475 644 2503 eo
670 2462 924 2504 fundamento
952 2461 1129 2504 Vitellius
1158 2463 1316 2504 Valerio
1343 2461 1500 2503 Marino
1534 2463 1754 2515 dignitatem
1786 2465 2050 2518 consularem,

242 2541 357 2582 quam
389 2527 513 2566 Galba
534 2526 571 2564 in
593 2536 682 2563 eum
710 2525 948 2573 contulerat,
978 2533 1086 2564 tanto
1114 2533 1292 2576 tempore
1307 2523 1459 2563 liberius
1487 2522 1650 2572 distulit,
1683 2522 1790 2574 quod
1814 2519 1887 2578 (k)
1915 2529 2049 2577 mitem,

242 2589 295 2634 ἐξ)
318 2589 480 2642 injuriam
494 2582 645 2638 stgm'ter
665 2584 817 2624 laturum
848 2596 936 2624 eum
962 2584 1148 2624 crederet.
1213 2584 1478 2637 Quamobrem
1506 2582 1690 2624 modestia
1712 2584 1883 2634 quaedam
1916 2585 2049 2636 fortis,

242 2649 280 2690 &
301 2647 490 2689 fortitudo
509 2642 680 2685 modesta
703 2655 888 2696 perquam
916 2646 1015 2684 utilis
1042 2646 1112 2684 erit
1130 2644 1316 2696 principi,
1347 2643 1383 2682 δι
1415 2644 1441 2683 fi
1469 2645 1625 2684 omnino
1644 2644 1883 2694 pereundum
1907 2647 1956 2684 illi
1976 2645 2044 2694 est,

239 2708 388 2762 praestat
410 2709 536 2747 animo
557 2716 696 2757 magno
714 2703 750 2744 &
768 2704 952 2757 generoso
969 2705 1007 2744 id
1032 2704 1119 2753 fiat,
1151 2717 1264 2757 quam
1293 2702 1462 2754 abjetto,
1493 2704 1530 2744 &
1544 2705 1687 2746 humili.
1747 2703 1930 2744 Habebat
1948 2705 2042 2745 illud

241 2781 319 2822 prae
344 2769 464 2807 oculis
484 2766 642 2806 Marcus
668 2763 873 2804 Hortalus:
905 2761 978 2822 (l)
1010 2767 1120 2805 avitae
1143 2764 1329 2805 nobilitatis
1350 2765 1451 2803 etiam
1467 2766 1558 2804 inter
1583 2761 1760 2816 angustias
1775 2761 1939 2816 fortunae
1963 2766 2049 2806 reti-

241 2841 344 2877 nens,
375 2826 464 2867 cum
482 2825 658 2866 Tiberius
678 2833 859 2865 extremae
874 2825 953 2877 ejus
970 2825 1174 2866 necessitati
1191 2822 1402 2865 remedium
1422 2823 1571 2865 adferre
1587 2825 1721 2864 nollet.

1845 2881 1880 2932 ς.
1913 2884 2046 2936 Quan-

338 2993 394 3037 (α)
422 2987 518 3027 Fides
534 3000 629 3027 metu
644 2987 820 3039 infracta.
846 2991 931 3028 Tac.
950 2990 1010 3028 lib.
1031 3004 1062 3039 3.
1077 2989 1165 3026 Hist.
1195 2989 1255 3036 (b)
1284 3005 1317 3027 2.
1333 2993 1423 3039 Reg.
1444 3004 1518 3041 cap.
1543 3003 1573 3028 1.
1601 3003 1613 3027 1
1627 3004 1655 3026 1.
1676 2991 1737 3036 (c)
1762 2988 1832 3038 J0s.
1853 3000 1890 3034 7.
1910 2994 1944 3027 6.
1974 2991 2036 3035 (d)

242 3046 280 3082 Si
295 3042 383 3081 hona
393 3040 596 3094 fitsc'epimus
620 3042 660 3078 de
684 3057 792 3078 manu
807 3045 892 3084 Dei,
918 3043 1016 3080 mala
1034 3040 1484 3095 qzmreno7eficst1'p1‘anzus?
1508 3044 1588 3093 job.
1618 3056 1652 3078 2.
1674 3054 1730 3078 10.
1785 3040 1843 3087 (e)
1869 3042 1944 3078 Tac
1980 3042 2043 3080 lib.
2113 3077 2114 3085 ,

244 3109 282 3136 2.
295 3096 426 3134 Annal.
478 3101 494 3136 (
508 3094 546 3139 f)
571 3096 656 3130 Tac.
678 3094 738 3131 lib.
762 3108 801 3132 12
832 3097 962 3132 Annal.
1018 3098 1077 3144 (g)
1105 3094 1300 3131 Mutatione
1318 3110 1436 3133 rerum
1451 3094 1496 3138 ὠ
1505 3106 1602 3147 prece
1623 3092 1722 3130 haud
1735 3091 1900 3144 degenere
1910 3104 2046 3145 permo-
2111 3090 2114 3134 ῗ

244 3160 312 3190 tus,
338 3150 437 3185 Idem
463 3146 511 3184 lib
549 3159 606 3182 12.
622 3148 749 3183 Annal.
801 3150 863 3195 (h)
889 3146 1001 3185 Simul
1022 3144 1181 3198 Segestes,
1208 3146 1272 3198 ipft
1287 3150 1408 3200 ingens
1420 3146 1500 3194 visit
1515 3145 1560 3189 ὠ
1574 3147 1742 3183 memoria
1764 3144 1848 3182 bonae
1859 3146 2045 3191 societatis

244 3200 467 3253 impavidus:
492 3195 604 3236 verba
620 3202 690 3246 ejus
710 3201 748 3233 in
764 3197 854 3235 hunc
875 3199 1011 3237 modum
1026 3197 1141 3250 fuere,
1168 3200 1266 3236 Idem
1288 3200 1347 3237 lib.
1375 3214 1402 3237 1.
1427 3199 1555 3236 Annal.
1609 3197 1673 3243 (i)
1701 3199 1821 3234 Etiam
1845 3198 1959 3239 illum,
1982 3201 2044 3251 qui

242 3250 764 3351 lissrigtemlzublicsstzstnolletl‚
786 3261 863 3339 zm
872 3252 1024 3341 prlqffc‘i‘ae
1036 3249 1274 3340 servifntium
1282 3254 1463 3305 patientia
1478 3248 1637 3290 taedebat.
1664 3251 1764 3287 Idem
1779 3250 1841 3288 lib.
1858 3264 1890 3299 3.
1908 3252 2038 3290 Annali,

245 3311 286 3354 (⁷
375 3318 561 3342 emi-2.
617 3317 666 3341 ι.
719 3309 767 3348 ()
835 3310 1165 3342 erni.2.Anna.
