2132 3730
451 230 1417 274 SYMBOLAPOLITICA.
1782 248 1862 286 307

4 281 7 291 ι

4 303 7 311 ἱ
72 293 1093 304 μ-...ᾠ-ρ-κ--ξ--Ἥ

71 328 146 366 que
166 316 218 354 rei
245 314 406 352 veritate
433 312 603 361 detestas
622 313 731 354 fuiffe
747 314 967 354 Provincias
991 315 1070 355 illas
1088 325 1162 354 tam
1200 327 1386 365 remotas,
1415 328 1487 355 nec
1511 316 1654 367 absque
1674 315 1786 355 causa
1815 320 1862 356 ab

4 374 6 419 j
67 375 144 426 ipsa
162 373 308 412 Natura
331 371 534 422 interjeffis
558 373 745 412 undarum
773 375 985 423 montibus,
1017 385 1093 414 tam
1110 373 1224 426 longe
1242 374 1406 424 positas.''
1456 375 1768 415 Communicavit
1785 376 1863 415 hoe

4 426 5 429 ¹
67 432 262 473 confilium
280 429 387 471 suum
404 443 491 471 cuin
512 432 614 471 Viris
640 432 865 482 quibusdam
884 436 1136 486 principibus,
1167 444 1208 472 ut
1230 435 1392 474 subsidio
1410 435 1622 475 eorundem
1656 445 1732 474 tam
1753 435 1864 475 ardu·

65 505 147 539 um,
179 502 333 541 tamque
352 491 502 530 difficile
531 503 631 543 opus
646 490 792 531 facilius
813 494 881 532 fibi
913 494 1062 547 aggredi
1083 494 1243 540 liceret3
1275 495 1408 533 verum
1423 506 1539 533 nemo
1563 505 1737 546 repertus
1758 494 1859 544 fuit,

3 574 5 598 i
63 553 128 602 qui
145 559 258 589 tantae
279 551 443 590 novitati
459 549 576 591 fidem
596 552 767 591 haberet.
829 553 951 606 Quod
971 554 999 593 si
1019 566 1067 592 ex
1087 552 1331 604 providentia
1352 553 1514 604 quadam
1543 553 1687 593 fac‘tum
1709 553 1835 595 fuisset
1850 586 1863 604 ,

4 600 5 614 ¹
63 611 100 650 &
124 622 203 649 non
221 611 350 661 potius
367 609 418 649 ob
441 609 666 663 denegatam
684 611 822 661 fidem,
853 612 1064 664 prudentiae
1087 612 1236 652 laudem
1256 615 1466 664 promereri
1493 613 1701 665 potuiss'ent
1717 645 1727 663 ,
1750 627 1862 666 quam

62 669 266 709 consecuta
290 671 380 709 olim
401 668 475 709 fuit
491 671 725 723 Respublica
743 671 1065 724 Carthaginenfis‚
1096 672 1250 723 quando
1269 672 1498 724 jacientibus
1527 673 1565 712 se
1596 685 1724 714 coram
1749 674 1864 714 Sena-

0 734 2 779 }
63 739 104 769 tu
133 729 358 781 quibusdam
380 728 522 770 Nautis
541 730 590 770 de
613 732 770 770 inventa
797 732 960 784 quadam
989 732 1108 772 Insula
1130 732 1269 782 opibus
1304 733 1524 784 deliciisque
1553 732 1730 772 affluente
1760 733 1866 787 <Hi-

61 787 265 841 spaniolam
290 788 401 830 fuisse
418 790 614 844 credunt)
644 790 805 831 interfici
828 804 896 832 eos
913 791 1030 842 justit,
1061 790 1275 831 existimans
1297 792 1395 832 hanc
1416 793 1498 831 talis
1528 792 1656 832 Insulae
1682 792 1867 833 detectio-

0 894 2 898 *
60 861 148 890 nem
172 849 411 900 Reipublicae
429 852 516 902 plus
539 850 756 891 detrimenti
777 850 889 903 quam
912 851 1108 891 commodi
1139 852 1344 896 allaturam,
1405 852 1584 892 Recurrit
1608 851 1774 902 denique
1790 853 1868 893 Co·

60 909 212 948 lumbus
237 910 285 948 ad
315 909 441 961 Reges
462 909 707 960 Catholicos,
738 908 1019 950 Ferdinandum
1040 911 1077 950 &
1100 911 1309 960 isabellam,
1341 924 1505 963 quorum
1528 912 1700 965 generosi
1724 913 1865 960 animi,

60 970 223 1020 plurium
247 969 399 1007 orbium
427 982 608 1021 capaces,
638 982 718 1010 uno
740 970 822 1009 solo
839 972 1011 1010 contenti
1035 983 1113 1009 non
1133 981 1260 1020 erant,
1291 973 1355 1023 qui
1369 972 1533 1023 proinde
1554 971 1641 1011 cum
1678 971 1795 1011 fidem
1815 973 1865 1011 illi

60 1027 294 1076 tribuissent,
326 1029 362 1067 &
385 1029 556 1081 sumptus
574 1031 614 1069 in
634 1031 707 1069 iter
724 1029 971 1078 necessarios,
997 1030 1187 1070 immensis
1218 1031 1365 1071 Oceani
1397 1031 1573 1071 durstibus
1606 1031 1681 1070 sese
1708 1035 1862 1071 commi-

57 1088 130 1135 fit,
163 1087 201 1128 &
220 1087 307 1140 post
330 1089 525 1128 diuturnas
547 1089 824 1142 &longinquas
841 1092 1127 1142 navigationes,
1158 1092 1196 1130 in
1215 1092 1352 1142 quibus
1370 1104 1450 1131 non
1483 1093 1605 1132 minus
1634 1091 1655 1130 a
1677 1091 1867 1131 sociorum

58 1147 288 1196 diffidentia,
320 1148 435 1199 quam
462 1150 666 1202 incognitis
687 1150 799 1189 maris
823 1152 1037 1190 vorticibus
1065 1150 1138 1189 fuit
1164 1152 1344 1202 periculi,
1375 1163 1464 1191 cum
1495 1152 1657 1192 navibus
1690 1163 1782 1190 auro
1813 1164 1867 1190 ar-

55 1217 251 1260 gentoque
272 1206 416 1248 onustis
442 1209 480 1248 in
502 1208 723 1261 Hispaniam
741 1210 865 1254 rediit.
925 1211 1146 1250 Admiratus
1171 1210 1226 1250 est
1243 1212 1412 1263 populus
1435 1211 1482 1250 ad
1499 1212 1618 1262 ripam
1646 1210 1757 1250 Baetis
1781 1223 1868 1262 pre-

55 1267 172 1306 tiosos
213 1269 297 1307 illos
333 1278 444 1307 terrae
471 1278 621 1318 partus,
651 1268 832 1308 Indorum
852 1268 987 1308 sudore
1006 1268 1223 1321 protractos
1239 1272 1277 1310 in
1295 1273 1442 1319 lucem,
1474 1268 1656 1310 &nostra
1681 1270 1867 1309 advedfftos

54 1326 209 1366 audacia
230 1336 348 1377 atque
366 1326 556 1366 industria.
619 1328 767 1366 Verum
794 1337 919 1367 totum
944 1330 1021 1368 hoc
1039 1331 1197 1369 invertit
1213 1330 1348 1382 postea
1365 1340 1552 1370 tantarum
1584 1341 1705 1380 opum
1726 1328 1864 1381 posses-

53 1387 110 1426 sio
128 1386 165 1425 δε
189 1385 430 1425 abundantia.
497 1384 602 1424 Stitit
619 1385 723 1424 illico
745 1397 908 1425 aratrum
937 1389 1185 1438 agricultura,
1216 1389 1345 1439 &jam
1379 1390 1536 1429 sericum
1561 1389 1693 1427 induta
1714 1389 1866 1428 mollius

52 1447 187 1486 habuit
215 1444 369 1485 callosas
388 1443 557 1483 alabore
576 1457 721 1484 manus.
783 1444 1008 1484 Mercatura
1024 1447 1177 1485 altiores
1199 1447 1348 1487 sumens
1381 1450 1528 1487 animos
1559 1448 1703 1486 mensas
1736 1459 1867 1499 argen-

16 1512 18 1514 “
53 1508 162 1545 tarias
181 1505 437 1545 commutavit
453 1505 491 1542 in
511 1505 720 1555 ephippia,
753 1505 790 1544 ἃ
808 1517 878 1557 per
901 1507 1042 1555 plateas
1061 1507 1233 1557 publicas
1266 1508 1386 1546 otiosa
1415 1509 1542 1560 vagari
1561 1509 1690 1558 coepit.
1749 1508 1865 1547 Artes

51 1562 272 1605 fastidivere
289 1563 536 1603 instrumenta
551 1564 784 1603 mechanica.
847 1563 1026 1604 Monetae
1042 1577 1165 1604 aureae
1181 1576 1447 1618 argenteaeque
1472 1578 1627 1606 ornnem
1662 1567 1866 1617 aspernatae

52 1626 137 1665 sunt
151 1627 382 1672 mixturam,
414 1623 451 1663 &
470 1623 631 1664 exclusis
659 1623 738 1663 aliis
766 1624 947 1672 metallis,
977 1636 1081 1675 purae
1110 1625 1326 1665 manserunt
1357 1627 1394 1665 ἃ
1428 1626 1601 1674 fincerae‚
1632 1625 1809 1676 adeoque
1844 1624 1867 1665 a

51 1684 291 1725 Nationibus
309 1684 387 1723 aliis
403 1694 473 1735 per
490 1685 572 1723 vias
589 1685 710 1723 varias
729 1685 911 1735 expetitae
932 1682 1089 1722 fuerunt
1114 1683 1153 1722 δι
1180 1686 1415 1736 conquisitae.
1478 1686 1556 1724 Res
1582 1697 1717 1724 omnes
1747 1687 1785 1724 in
1806 1686 1863 1724 su-

52 1746 225 1798 perbiam
259 1744 297 1784 se
329 1741 523 1792 extulere,
554 1743 592 1784 δε
617 1743 825 1783 vilescente
861 1742 938 1793 jam
964 1755 1057 1782 auro
1089 1753 1325 1795 argentoque
1353 1746 1474 1796 pretia
1505 1745 1568 1784 sua
1599 1743 1862 1784 ascenderunt.

53 1804 207 1844 Accidit
224 1806 401 1844 nimirum
429 1804 620 1857 Regibus,
651 1803 760 1855 quod
781 1802 936 1843 Neroni
961 1802 1218 1854 Imperatori,
1249 1817 1362 1856 quem
1393 1805 1514 1845 homo
1540 1803 1692 1856 quidam
1709 1803 1805 1843 Afer
1825 1807 1867 1844 in

50 1865 225 1906 fraudem
259 1863 432 1912 induxit,
459 1863 631 1915 jaffltans
658 1865 697 1902 in
730 1862 855 1902 fundo
892 1863 961 1902 suo
988 1864 1183 1915 ingentem
1208 1864 1245 1902 se
1270 1861 1447 1916 reperiss'e
1478 1864 1715 1909 thesaurum,
1747 1875 1867 1915 quem

52 1926 200 1977 Regina
226 1923 335 1964 Dido
355 1923 408 1962 ibi
427 1922 614 1963 defodisse
637 1922 880 1970 crederetur,
910 1930 975 1961 aut
996 1934 1047 1961 ne
1071 1923 1289 1962 divitiarum
1313 1924 1503 1963 affluentia
1528 1924 1654 1962 viriles
1690 1924 1865 1962 subdito—

50 1998 134 2023 rum
154 1986 308 2024 suorum
337 1984 483 2022 animos
513 1991 736 2031 enervaret,
767 1990 832 2020 aut
859 1992 910 2020 ne
937 1982 1098 2021 aliorum
1128 1981 1233 2021 forte
1262 1983 1451 2034 cupiditas
1481 1995 1583 2022 arma
1613 1984 1651 2021 in
1680 1982 1864 2034 Regnum

51 2047 156 2087 suum
180 2045 396 2095 pelliceret:
428 2042 534 2094 quod
551 2044 637 2094 quia
652 2042 866 2095 Imperator
891 2051 1069 2091 tanquam
1089 2050 1236 2082 certum
1257 2041 1549 2094 &exploratum
1571 2042 1737 2081 habebat
1754 2071 1765 2090 ‚
1783 2042 1858 2095 (a)

46 2102 202 2160 glistebat
229 2105 366 2143 interim
387 2103 528 2143 luxuria
545 2101 597 2153 [De
611 2104 725 2150 incuti,
756 2099 1094 2154 confitmebanturque
1117 2110 1253 2142 vemet
1273 2112 1368 2153 opes,
1399 2103 1497 2155 quasi
1524 2102 1646 2142 oblatis
1671 2114 1759 2154 quas
1779 2103 1861 2141 vm!-

51 2174 103 2206 tos
111 2174 181 2217 per
206 2175 314 2203 annos
328 2160 540 2214 prodigeret.
599 2163 699 2218 ,Qash
720 2160 772 2204 &³
787 2159 862 2200 inde
876 2160 952 2212 jam
976 2160 1212 2211 largiebatur:
1241 2160 1292 2206 ὣς)
1321 2161 1528 2201 divitiarum
1554 2161 1740 2212 expeciafio
1770 2164 1862 2201 iliter

45 2222 165 2276 causas
174 2223 321 2276 publicae
335 2223 558 2274 pattpertatis
578 2229 670 2259 erat.
730 2219 877 2259 Eadem
896 2222 960 2270 spe
973 2218 1090 2258 delufi
1103 2232 1173 2258 nos
1193 2232 1351 2272 quoquc
1366 2222 1478 2260 nobis
1495 2219 1764 2272 persuasimuS,
1781 2232 1863 2259 non

49 2288 146 2327 ultra
182 2294 280 2335 opes
307 2280 381 2321 effe
407 2280 492 2321 fixis
521 2280 558 2319 δε
591 2279 693 2319 statis
723 2280 877 2327 aerariis,
909 2278 973 2318 sed
1001 2278 1168 2318 sufficere
1187 2281 1343 2320 mobilia
1371 2282 1432 2320 illa
1449 2280 1484 2320 &
1510 2282 1652 2320 incerta
1675 2279 1860 2327 claffium,

48 2358 123 2386 nec
141 2345 224 2384 satis
246 2341 526 2394 expendimus,
556 2340 771 2392 potentiam
784 2340 882 2379 hanc
900 2337 1064 2378 nostram
1082 2337 1104 2377 a
1124 2351 1330 2380 ventorum
1352 2339 1698 2392 tempestatumque
1717 2340 1864 2390 deperi*

52 2405 143 2446 dere
163 2404 339 2451 arbitrio,
369 2399 572 2453 quomodo
592 2401 712 2439 vitam
729 2400 865 2452 populi
878 2399 1044 2438 Romani
1059 2410 1109 2437 ex
1125 2399 1258 2439 iisdem
1287 2399 1506 2451 dependere
1522 2400 1645 2451 ajebat
1667 2399 1860 2446 Tiberius,

52 2465 103 2506 eb
125 2462 232 2515 quod
255 2461 512 2501 sustentationi
529 2458 728 2499 necessaria
747 2460 957 2499 Provinciae
975 2461 1228 2499 transmarinae
1250 2462 1292 2498 iis
1322 2460 1391 2515 (h)
1425 2460 1715 2506 submitterent;
1748 2460 1855 2510 quod

52 2524 265 2578 periculum
285 2523 419 2562 Aletus
436 2520 676 2575 ponderabat
700 2520 938 2572 persuasurus
959 2517 1166 2569 Gofredo,
1195 2531 1238 2559 ut
1259 2519 1279 2559 a
1302 2521 1474 2572 suscepto
1502 2521 1605 2560 bello
1632 2520 1735 2558 sacro
1765 2518 1855 2558 defi-

50 2585 176 2626 steret.

226 2677 304 2742 (c)
342 2676 429 2727 Da
449 2677 469 2727 i
488 2677 625 2727 venti
645 2673 838 2745 dunque
866 2673 907 2727 il
925 2675 1074 2725 viver
1103 2685 1184 2725 tuo
1213 2671 1448 2741 dipende?

226 2785 276 2836 A
293 2784 451 2835 ventis
471 2785 618 2853 igitur
652 2795 734 2834 tua
748 2780 916 2851 pendet
942 2783 1091 2833 vita?

226 2891 262 2944 §.
291 2890 343 2932 Et
371 2891 458 2942 quia
489 2887 529 2928 de
547 2886 781 2939 facultatibus
797 2884 869 2938 ficis
896 2889 1038 2940 amplius
1051 2920 1063 2937 ,
1092 2897 1195 2946 quam
1225 2890 1260 2927 in
1290 2889 1344 2927 his
1374 2885 1440 2942 est,
1468 2883 1697 2940 plerumque
1708 2885 1851 2943 sperant

52 2952 222 3001 homines,
253 2953 376 2992 crevit
402 2947 517 2989 fastus
535 2948 572 2988 δε
588 2962 733 3001 pompa
759 2952 877 3002 regis,
905 2948 1014 2989 aneta
1033 2950 1114 2988 sunt
1137 2948 1276 2996 salaria,
1301 2947 1504 3000 stipendia,
1535 2948 1572 2988 δε
1600 2950 1659 2988 alii
1693 2948 1858 2989 Coronae

53 3012 223 3064 sumptus
244 3011 266 3052 e
281 3012 420 3052 fiducia
440 3010 477 3049 &
493 3007 778 3060 exsp'e&atione
802 3020 1066 3050 extranearum
1091 3019 1209 3059 opum
1222 3038 1233 3056 ,
1265 3021 1347 3060 quae
1369 3007 1467 3047 male
1486 3007 1575 3047 dein
1597 3009 1859 3049 administratae

55 3080 120 3110 aut
139 3084 218 3111 non
242 3072 326 3112 satis
347 3070 579 3111 conservatae
595 3071 707 3109 tantis
728 3070 904 3123 impensis
926 3067 1081 3109 minime
1095 3078 1306 3121 potuerunt
1336 3068 1525 3117 sufficere,
1555 3068 1593 3108 ἃ.
1616 3069 1857 3109 occalionem

899 3129 941 3170 H
958 3130 984 3169 h
1001 3132 1028 3171 h
1047 3129 1074 3168 h
1104 3138 1131 3169 2
1792 3129 1857 3168 de·

162 3214 204 3251 (a
213 3219 226 3253 )
252 3211 367 3248 Tacit.
376 3212 438 3248 lib.
464 3212 521 3248 16.
537 3211 666 3246 Annal.
716 3209 777 3255 (b)
803 3215 857 3245 At
870 3209 1004 3246 hercule
1019 3222 1114 3245 nemo
1134 3205 1266 3256 refert,
1291 3207 1382 3260 quod
1395 3205 1505 3243 Italia
1519 3217 1667 3245 extem-‚c
1685 3209 1754 3259 opis
1767 3209 1860 3246 indi-

47 3271 131 3314 get,
156 3259 246 3314 quod
257 3263 345 3300 vita
351 3262 469 3317 populi
492 3264 637 3300 Romani
650 3271 714 3313 per
735 3262 872 3298 incerta
891 3264 1003 3299 maris
1021 3261 1066 3304 όν
1091 3258 1333 3311 'tempestatum
1358 3258 1514 3312 quotidie
1539 3258 1717 3295 volvitur.
1745 3262 1861 3299 Tacit.

55 3314 119 3352 lib.
149 3327 181 3362 3.
197 3314 329 3353 Annal.
385 3317 445 3365 (c)
471 3316 560 3354 Taff.
583 3322 611 3360 ς.
633 3314 670 3351 in
690 3314 850 3351 fraudem
873 3314 1022 3352 institut.
1039 3314 1168 3364 quibus
1185 3314 1220 3350 &
1239 3314 1331 3350 caus.
1355 3323 1449 3349 mans
