2132 3730
452 194 1421 243 SYMBOLAPOLITICA.
1781 220 1869 264 249

239 255 246 260 ,
406 256 413 266 ,

72 291 133 324 ret
153 283 249 323 ordo
264 277 532 328 Reipublicae3
560 280 629 321 nisi
656 281 695 318 in
718 278 996 322 existimatione
1019 282 1141 324 effent
1168 283 1387 325 obedientia
1417 284 1578 326 fidelitas
1595 315 1607 335 ,
1637 287 1831 339 integritas
1858 320 1871 339 ‚

67 343 108 383 &
135 341 228 382 fides
255 338 420 391 publica.
481 338 682 393 Cupiditas
698 340 827 391 gloriae
848 342 974 395 legum
1002 342 1268 383 ati-§toritatem
1298 347 1418 385 nutrit
1442 356 1486 385 ac
1511 345 1720 395 fovet,‚5&
1747 359 1788 387 ut
1810 350 1870 389 illa

67 403 234 454 potiatur
250 428 261 445 ‚
291 399 414 438 labori
443 399 480 438 se
496 400 559 438 dat
575 429 586 448 ‚
618 400 655 439 &
684 401 902 441 virtutibus.
960 402 1053 442 Nec
1076 403 1288 454 periculum
1309 406 1432 444 levius
1460 406 1511 445 illi
1530 408 1701 447 imminet
1722 406 1869 459 Reipu-

68 463 198 508 blicae,
227 460 266 497 in
286 470 360 510 qua
383 458 528 499 subesse
550 471 686 499 omnes
710 461 870 511 cupiunt
890 492 900 509 ‚
933 462 1046 514 qu‘am
1072 463 1133 510 ei,
1162 464 1200 501 'in
1229 475 1303 513 qua
1320 476 1437 503 nemo
1462 478 1542 506 non
1568 468 1755 519 imperare
1776 468 1871 508 defi-

65 521 180 560 derat.
239 517 418 570 Regnum
446 519 557 558 nimis
579 518 817 571 abje&u1ii&
831 522 973 562 humile
995 525 1035 561 vi
1058 522 1160 561 cedit
1180 551 1194 570 ‚
1224 522 1510 576 &obligationis
1533 525 1623 574 suae,
1642 538 1714 579 qua
1728 527 1870 569 Domi-

59 591 114 620 no
126 577 297 630 legitimo
313 576 535 618 obstrictum
547 578 614 628 est,
626 579 738 619 facile
753 580 1106 625 obliviscitur‚111ud
1125 593 1220 620 vero
1238 585 1366 633 ‚quod
1383 585 1524 623 altioris
1538 584 1592 624 est
1607 588 1731 635 animi,
1747 588 1870 639 quod-

0 651 1 659 *
60 649 136 691 que
155 638 346 677 honorem
363 639 400 677 in
418 639 544 690 pretio
566 639 683 679 habet
698 669 710 688 ,
725 640 874 680 labores
889 670 902 689 ,
916 640 954 680 &
965 642 1152 693 pericula,
1164 641 1349 682 suammet
1360 643 1478 683 immo
1493 644 1607 696 ipsius
1621 648 1766 687 ruinam
1786 650 1870 688 vili·

0 732 1 735 ,
59 696 224 751 pendit,
251 706 294 736 ut
314 698 353 736 in
371 698 590 739 obedientia
619 699 656 738 &
673 698 750 740 fide
773 711 1004 751 permaneat.
1084 701 1183 754 Quae
1206 701 1428 754 bella‚quas
1449 706 1678 745 calamitates
1694 720 1797 758 ,quae
1811 709 1866 748 in-

58 756 194 800 cendia
218 767 403 809 expertus
429 769 510 798 non
529 757 583 798 est
615 758 843 812 Burgundiae
867 759 1082 799 Comitatus
1105 790 1118 809 ‚
1149 771 1191 799 ut
1219 761 1321 801 suam
1344 773 1430 815 erga
1455 764 1604 817 Regem
1622 764 1868 809 Catholicum

61 816 321 856 obedientiam
341 830 385 857 ac
402 816 517 858 fidem
537 829 707 858 tueretur
720 819 739 858 2
769 831 842 859 nec
863 821 1031 869 tyrannis
1049 819 1086 858 &
1106 820 1263 860 barbara
1283 821 1447 862 hostium
1465 822 1667 864 crudelitas
1684 855 1697 874 ,
1725 839 1798 866 nec
1813 829 1868 868 in-

56 877 159 918 fecta
181 877 373 917 elementa
392 907 404 927 ‚
443 879 590 919 tametsi
613 880 741 918 omnia
758 878 940 918 adversus
961 877 1061 919 illam
1078 880 1301 920 viderentur
1321 883 1568 934 conspirame,
1597 884 1677 935 ejus
1695 886 1866 927 constan-

0 934 3 969 ἶ
57 939 146 978 tiam
176 936 350 988 frangere
366 935 541 988 potuere.
602 938 780 978 Fortunae
795 967 808 987 ,
836 939 984 987 Patria,
1016 940 1052 978 δι
1067 941 1145 979 vita
1163 939 1340 980 fidelibus
1357 941 1427 982 illis
1447 942 1602 983 subditis
1618 946 1712 998 eripi
1728 955 1867 998 potue-

55 1008 144 1038 runt
161 1028 173 1045 ‚
204 998 386 1050 generosa
406 997 568 1037 fidelitas
585 1026 598 1048 ,
628 998 667 1038 &
693 998 859 1038 sincerus
876 1000 915 1038 in
943 998 1159 1040 Dominum
1180 998 1391 1053 legitimum
1413 1014 1520 1043 amor
1535 1005 1649 1046 adimi
1671 1017 1866 1059 nunquam

52 1059 195 1111 potuit.

209 1116 247 1169 §.
277 1115 479 1157 Adversus
503 1118 599 1156 mala
627 1115 801 1158 intestina
819 1117 910 1157 illud
928 1117 1108 1159 soleteffe
1123 1118 1336 1159 remedium
1357 1151 1368 1168 ,
1398 1130 1440 1159 ut
1456 1122 1584 1162 honor
1600 1126 1724 1164 omnis
1741 1125 1868 1165 &exi-

53 1176 219 1217 stimatio
243 1176 356 1229 quam
377 1176 585 1229 longissime
607 1187 778 1218 arceatur
796 1177 817 1217 a
839 1181 989 1231 populo
1013 1191 1026 1226 3
1058 1191 1132 1230 qua
1156 1178 1313 1219 Politica
1335 1180 1543 1222 Chinenses
1568 1195 1726 1224 utuntur
1744 1215 1757 1234 ,
1786 1187 1867 1237 qui-

52 1238 125 1288 bus
146 1238 293 1276 nullum
324 1237 393 1277 nifi
410 1237 457 1275 ab
480 1238 620 1277 intimis
650 1238 856 1278 visceribus
877 1240 1105 1291 periculum,
1163 1239 1313 1279 Verum
1336 1241 1373 1280 in
1401 1241 1481 1280 aliis
1502 1243 1645 1296 Regnis
1663 1275 1675 1293 ‚
1707 1258 1791 1296 quae
1814 1247 1869 1286 in-

49 1296 276 1336 vafionibus
294 1297 379 1335 sunt
401 1296 602 1347 exposita,
632 1297 860 1337 existimatio
890 1299 926 1337 &
953 1298 1072 1350 gloria
1102 1298 1338 1339 subditorum
1366 1303 1525 1342 omnino
1553 1304 1637 1343 sunt
1655 1304 1872 1350 necessaria,

50 1366 95 1395 ut
117 1353 291 1396 hostibus
316 1356 390 1394 sese
412 1355 580 1404 objicere
598 1357 762 1396 audeant
780 1370 791 1394 :
823 1358 888 1396 ubi
909 1360 1011 1396 enim
1034 1358 1160 1397 honor
1180 1371 1259 1398 non
1283 1359 1364 1409 est,
1394 1373 1468 1401 nec
1481 1364 1593 1402 animi
1615 1363 1807 1403 fortitudo
1819 1365 1872 1404 es·

48 1417 87 1456 se
110 1414 253 1467 potest.
316 1413 416 1454 Non
435 1426 593 1467 magnus
628 1415 683 1455 est
704 1415 887 1468 Princeps
909 1446 922 1465 ‚
954 1419 1018 1468 qui
1046 1420 1179 1457 animis
1210 1420 1354 1471 magnis
1379 1432 1459 1460 non
1477 1422 1661 1474 imperat,
1691 1422 1729 1463 &
1757 1436 1873 1477 gene-

49 1475 170 1524 rosis,
204 1486 278 1515 nec
293 1473 439 1526 absque
459 1474 504 1513 iis
529 1474 653 1514 timeri
672 1475 709 1515 se
726 1487 892 1527 unquam
911 1475 1028 1516 faciet
1047 1507 1059 1526 ,
1090 1488 1154 1518 aut
1179 1476 1336 1518 dominii
1363 1479 1415 1518 sui
1445 1479 1540 1520 fines
1561 1482 1743 1523 dilatabit.
1804 1483 1871 1523 AE-

47 1535 213 1575 stimatio
227 1536 356 1588 gloriae
376 1563 389 1583 ,
418 1545 502 1585 quae
526 1535 564 1573 in
584 1534 739 1575 subditis
760 1534 838 1584 est,
868 1537 1030 1576 eosdem
1054 1536 1230 1586 stimulat,
1251 1548 1291 1578 ut
1317 1537 1354 1578 &
1375 1538 1558 1594 Principis
1576 1543 1766 1583 honorem
1779 1556 1870 1595 pro-

49 1604 207 1635 curent:
238 1606 289 1634 ex
304 1593 415 1644 hujiss
434 1594 535 1633 enim
555 1595 804 1646 amplitudine
823 1597 935 1637 etiarn
966 1598 1117 1636 illorum
1146 1598 1264 1649 gloria
1302 1597 1512 1650 dependet.
1600 1602 1727 1642 Unica
1749 1604 1870 1643 inanis

45 1656 208 1696 honoris
231 1653 366 1695 umbra
397 1654 435 1693 in
455 1654 650 1694 laboribus
676 1653 893 1694 constantes
911 1685 924 1704 ,
956 1656 996 1695 &
1013 1654 1136 1696 fortes
1152 1668 1219 1695 eos
1237 1657 1275 1696 in
1297 1660 1477 1707 periculis
1498 1660 1624 1702 efficit.
1688 1661 1770 1714 Qui
1785 1663 1869 1702 the-

45 1714 142 1756 sauri
163 1715 375 1755 sufficerent
397 1712 445 1753 ad
462 1714 790 1766 compensandum
815 1713 990 1755 fortunas
1014 1745 1027 1764 ‚
1072 1727 1165 1767 quas
1194 1715 1403 1769 prodigunt
1428 1719 1565 1759 subditi
1581 1751 1593 1769 ‚
1623 1721 1841 1774 sanguinem
1857 1751 1870 1771 ,

48 1788 168 1828 quem
190 1773 432 1828 profundunt
453 1786 526 1827 pro
547 1774 690 1814 tuenda
711 1776 913 1814 voluntate
929 1774 966 1816 ὅτ,
986 1775 1142 1815 arbitrio
1163 1774 1314 1816 suorum
1340 1775 1579 1830 Principum,
1608 1780 1676 1821 nifi
1696 1781 1869 1821 introdu-

47 1835 112 1876 eta
131 1834 259 1877 fuiffet
283 1845 441 1874 moneta
462 1835 524 1874 illa
547 1834 705 1874 honoris
731 1835 911 1886 publica,
941 1833 1015 1886 qua
1033 1837 1194 1887 quisque
1211 1837 1249 1875 in
1269 1835 1332 1875 sua
1356 1839 1541 1889 opinione
1569 1839 1638 1880 fibi
1669 1841 1749 1892 ipse
1768 1841 1868 1882 satis-

46 1895 140 1937 facit
160 1896 178 1935 ?
209 1894 414 1947 Optimum
427 1893 668 1935 fortunarum
687 1893 959 1945 actionumque
975 1895 1215 1934 heroicarum
1235 1897 1401 1947 pretium
1426 1896 1480 1936 est
1499 1928 1511 1946 ‚
1543 1899 1650 1950 quod
1667 1900 1864 1954 Principes

48 1958 218 2007 reperire
238 1964 453 2006 potuerunt
472 1981 485 1999 ,
508 1952 686 2004 adeoque
705 1953 862 1992 honoris
876 1949 1168 1993 'aestimationem
1187 1955 1370 2006 integram
1386 1984 1400 2004 ‚
1429 1957 1536 2008 quod
1557 1956 1639 1998 fieri
1654 1959 1807 2011 potest,
1838 1960 1866 2001 fi

46 2027 126 2056 non
145 2015 197 2054 ob
228 2012 471 2065 Majestatem
491 2011 594 2052 suam
617 2015 810 2065 propriam
828 2042 841 2062 ‚
872 2022 910 2052 at
931 2011 1038 2052 certe
1064 2024 1226 2066 propter
1240 2015 1544 2056 emolumentum
1562 2019 1693 2071 ingens
1712 2049 1726 2068 ‚
1757 2021 1864 2072 quod

44 2075 111 2116 illa
134 2074 261 2114 secum
279 2072 389 2114 affert
406 2102 419 2122 ,
448 2071 664 2112 conservari
689 2072 834 2112 debent
858 2073 957 2112 inter
988 2073 1159 2114 subditos
1178 2103 1191 2122 ,
1222 2072 1482 2115 dissimulando
1506 2079 1658 2129 penitus
1674 2109 1688 2129 ,
1718 2089 1783 2120 aut
1807 2081 1860 2121 le-

44 2135 147 2175 viter
158 2134 288 2174 saltem
304 2131 518 2186 castigando
536 2131 672 2171 delicta
693 2134 752 2172 illa
771 2162 785 2182 ‚
816 2144 900 2183 quae
925 2132 1057 2172 tuendi
1075 2134 1234 2173 honoris
1251 2134 1358 2173 causa
1370 2138 1662 2178 committuntur
1677 2168 1691 2188 ,
1712 2140 1749 2179 &
1765 2153 1857 2181 con-

45 2194 104 2234 tra
121 2195 284 2247 praemiis
302 2194 339 2233 &
363 2191 585 2232 testimoniis
613 2192 776 2243 publicis
793 2190 962 2231 affiones
980 2191 1100 2233 fortes
1117 2221 1129 2239 ‚
1160 2192 1197 2233 &
1212 2194 1412 2245 generosas
1428 2195 1698 2237 confovendo.
1757 2199 1855 2240 Illud

46 2264 176 2295 tamen
192 2253 395 2294 advertant
412 2282 424 2302 ,
454 2250 663 2291 admodum
685 2252 722 2291 in
744 2251 898 2292 subditis
932 2252 1180 2304 perniciosam
1207 2251 1281 2292 effe
1308 2255 1458 2295 inanem
1476 2256 1577 2296 illam
1615 2257 1857 2300 existimatio-

44 2327 135 2356 nem
160 2314 198 2354 &
219 2314 375 2367 gloriam
393 2342 406 2361 ‚
441 2323 526 2363 quae
544 2311 619 2351 sola
646 2312 845 2352 hominum
865 2314 1050 2364 opinione
1069 2343 1080 2361 ,
1109 2324 1189 2352 non
1212 2312 1327 2353 solida
1355 2315 1497 2356 virtute
1523 2317 1680 2356 nititur:
1721 2330 1769 2359 ex
1794 2320 1855 2360 illa

43 2377 149 2415 enim
170 2375 439 2414 contentiones
461 2371 510 2412 de
531 2374 781 2427 praerogativa
804 2373 901 2411 inter
924 2370 1122 2412 Ministros
1145 2372 1242 2412 nasci
1265 2374 1386 2415 solent
1403 2386 1491 2415 cum
1504 2374 1648 2427 jactura
1675 2377 1768 2418 boni
1784 2391 1855 2431 pu-

45 2435 137 2474 blici
158 2464 172 2484 ,
199 2433 239 2474 δι
255 2427 426 2485 obsequii
449 2431 633 2483 Principis
648 2462 662 2481 ,
691 2431 816 2473 duella
835 2462 849 2482 ,
878 2432 1018 2483 inJuriae
1038 2432 1075 2473 &
1092 2432 1297 2473 homicidia
1326 2445 1340 2482 ς
1370 2446 1419 2474 ex
1452 2435 1510 2476 his
1531 2448 1627 2477 vero
1645 2449 1775 2479 motus
1799 2440 1855 2480 in-

45 2492 173 2534 testini
191 2523 203 2542 ‚
233 2493 272 2532 &
293 2493 510 2534 seditiones.
572 2490 664 2531 Nec
684 2505 770 2533 cum
792 2493 852 2531 illa
881 2491 975 2532 stare
990 2491 1119 2545 potest
1139 2492 1359 2534 obedientia
1376 2524 1389 2543 ‚
1418 2495 1485 2535 sed
1498 2496 1689 2537 interdum
1713 2497 1852 2541 Princi-

45 2555 106 2607 pis
125 2553 301 2606 sanguine
320 2553 394 2594 sese
409 2552 657 2602 coinquinat:
682 2565 768 2593 nam
788 2551 816 2592 s1
838 2551 951 2592 semel
968 2552 1137 2593 subditus
1157 2554 1342 2605 opinione
1361 2554 1422 2594 sua
1443 2557 1622 2608 propria,
1652 2567 1717 2596 aut
1741 2570 1848 2598 com-

47 2614 154 2655 muni
188 2623 342 2653 rumore
359 2611 552 2665 persuasus
564 2641 577 2660 ,
593 2610 816 2662 Tyrannum
834 2624 922 2652 eum
937 2612 1083 2663 judicet
1096 2643 1109 2662 ‚
1125 2612 1162 2652 &
1176 2623 1301 2653 morte
1319 2613 1474 2666 dignum
1493 2645 1506 2663 ,
1536 2614 1649 2655 facile
1669 2628 1753 2657 eam
1770 2630 1848 2658 ma.

44 2671 260 2714 chinabitur
281 2701 294 2722 ‚
322 2682 366 2712 ut
389 2672 463 2713 sese
491 2683 562 2724 pro
583 2674 700 2724 patria
727 2672 865 2714 offerat
880 2703 892 2721 ‚
949 2671 988 2712 &
1004 2685 1147 2712 nomen
1169 2673 1274 2713 suum
1306 2672 1516 2725 posteritati
1537 2674 1611 2728 (a)
1636 2677 1843 2718 consecret.

0 2772 1 2780 ,
44 2732 220 2785 Oportet
237 2742 330 2784 ergo
350 2741 393 2771 ut
409 2732 588 2783 Princeps
611 2731 715 2774 istam
739 2734 865 2787 gloriae
896 2731 1198 2785 superstitionem
1218 2734 1381 2787 corrigat
1400 2735 1439 2774 in
1454 2734 1627 2785 subditis,
1647 2736 1694 2776 ad
1713 2749 1844 2779 veram

47 2793 87 2834 &
107 2791 264 2834 solidam
281 2804 349 2832 eos
364 2792 571 2833 incitando.

0 2891 3 2898 ,
198 2850 292 2892 Nec
318 2850 512 2905 indignum
531 2851 569 2891 se
590 2850 766 2903 Majestas
785 2860 962 2904 reputet,
991 2850 1020 2891 fi
1041 2849 1209 2892 subditos
1226 2853 1394 2893 honoret
1415 2885 1427 2902 ‚
1457 2853 1495 2894 &
1514 2864 1688 2896 exteros:
1717 2856 1844 2898 honor

0 2941 3 2963 r
45 2913 148 2953 enim
170 2910 238 2952 iste
267 2911 483 2964 Principum
498 2911 637 2951 honori
668 2924 745 2952 non
775 2914 892 2965 magis
915 2911 1072 2964 derogat
1091 2941 1104 2961 ,
1134 2911 1246 2964 quam
1273 2913 1434 2953 fiammae
1451 2913 1544 2954 facis
1564 2917 1702 2956 officiat
1718 2948 1731 2966 ,
1759 2916 1787 2955 fi
1808 2917 1845 2957 se

48 2975 309 3014 communicet
326 2973 576 3023 aliis‚easque
592 2972 780 3012 incendat.
842 2972 906 3011 Ob
924 2984 1037 3023 quam
1056 2973 1201 3013 causam
1219 2972 1364 3014 Ennius
1383 2976 1566 3028 pietatem
1582 2978 1690 3026 iliius,
1713 2978 1775 3028 qui
1786 2988 1844 3015 er-

0 3067 5 3076 .
46 3034 143 3074 tanti
155 3033 259 3074 viam
276 3031 548 3073 commonstrat
567 3061 581 3081 ‚
612 3031 772 3073 flammae
789 3033 1076 3131 comparavit.R
1748 3094 1777 3146 ζ
1814 3094 1840 3150 >

1087 3104 1131 3132 rr
1782 3108 1806 3134 a

1071 3170 1102 3177 ..—

143 3212 199 3251 (α)
222 3214 344 3262 Itaque
367 3205 582 3246 Monarchas
596 3234 604 3248 ,
631 3218 697 3242 non
712 3181 1029 3254 utfibi‘vendicent
1059 3201 1326 3249 Monarchiam‚
1351 3203 1533 3243 invadunt
1542 3216 1558 3247 ,·
1571 3200 1639 3249 βτί
1649 3211 1691 3238 ut
1687 3201 1839 3255 famam

0 3262 2 3270 '
22 3310 25 3312 μ
48 3256 96 3305 ῤ’
97 3257 251 3311 gloriam
263 3260 512 3313 adipistantur.
527 3259 631 3299 Arist.
641 3260 665 3296 1.
684 3268 718 3308 5.
744 3257 895 3303 Polit.c,
921 3271 979 3297 10.
