2132 3730
223 255 384 308 338.
654 246 1005 290 DJDACJ
1059 248 1631 318 SAAVEDR'AE*

220 335 292 375 bus
309 344 459 387 ponunt
489 332 565 385 (a)
595 331 781 383 laqueos?
811 331 981 386 Quoties
1002 331 1109 372 frons
1124 337 1292 376 exterior
1315 349 1486 379 amorem
1512 317 2036 391 Μ’

217 396 397 442 lentiam,
426 392 463 431 &
489 393 635 431 animus
652 393 748 431 iram
769 389 903 444 coquit
924 393 962 432 ὃς
981 392 1280 446 indignationem
1298 396 1319 436 *ἓ
1348 397 1470 451 Quod
1493 398 1686 452 finguntur
1700 398 2031 451 lachrymaefquae

218 468 270 497 ex
287 453 427 507 gaudio
454 449 527 504 (b)
550 450 786 502 profluunt?
816 452 888 506 (c)
919 450 1063 506 Periff'
1092 452 1333 496 Germanicum
1356 458 1439 498 nulli
1463 459 1662 511 justantius
1683 458 1871 500 moerehant
1883 490 1895 510 ,
1928 470 2033 513 quam

216 518 278 570 qui
293 511 433 552 mxime
453 510 679 552 la’tabzmtur.
739 514 964 552 Attulerunt
988 512 1036 551 ad
1053 512 1193 564 Juliurn
1228 513 1412 555 Caesarem
1441 517 1617 571 Pompeji
1651 529 1789 572 caput,
1819 519 1858 560 &
1882 517 2033 559 tametsi

216 577 294 615 hoc
319 572 369 669 Helii
381 569 649 671 flleecftaculum
676 582 757 612 non
774 571 1024 623 injucundum
1044 571 1389 624 effet,51achrymis
1407 584 1535 617 tamen
1560 581 1783 621 interiorem
1809 579 1924 620 animi
1940 576 2031 618 affe-

216 633 320 673 &um
367 631 378 670 i
406 632 592 671 imulavit.
1059 649 1063 652 -

382 728 474 799 (d)
511 730 634 784 Non
655 734 820 802 primo
854 729 1010 804 Caestzr
1027 732 1295 786 damnavit
1330 753 1536 788 munera
1552 734 1667 805 visit
1693 772 1710 795 ,
1759 768 1781 772 -·

389 805 682 874 Avertitque
710 804 895 862 oculos,
932 804 1106 856 vultus
1124 804 1246 856 dum
1275 805 1475 858 crederet
1511 838 1526 860 ‚
1562 802 1712 875 haesit,
1777 836 1779 839 ·
1806 835 1809 837 ·

380 876 541 945 thue
550 874 705 942 fidem
725 874 862 924 vidit
869 871 1064 941 steleris
1083 911 1098 931 ‚
1137 887 1391 946 tutumque
1416 879 1622 945 pittavit

379 948 506 1014 Jam
524 946 677 996 bonus
699 940 779 1013 effi
807 942 963 1011 socer:
995 943 1268 1014 lachrymas
1306 964 1401 997 non
1418 945 1582 1018 sponte
1603 946 1814 1003 cadentes

385 1012 602 1084 Effiaedz't,
622 1019 928 1085 gemitusque
947 1017 1159 1084 expressit
1184 1016 1367 1085 pediore
1398 1017 1523 1079 laeto'.

376 1089 439 1140 N
441 1106 500 1138 on
523 1085 666 1138 aliter
687 1086 943 1154 mam-'festa
960 1099 1137 1153 putans
1165 1086 1443 1157 abscondere
1469 1091 1644 1141 mentis

385 1156 589 1211 Gaudia
619 1195 634 1218 ,
678 1174 834 1225 quam
858 1158 1133 1226 lachrymis.

380 1282 554 1323 Multum
570 1279 619 1334 de
644 1279 744 1322 fiffls
762 1279 959 1322 Sirenibus
990 1281 1136 1322 habent
1152 1282 1340 1324 obtentus
1360 1281 1604 1335 quorundam
1631 1281 1861 1335 Principum.
1896 1276 2028 1334 Quam

206 1340 326 1383 fucati
349 1343 558 1396 Religionis
576 1342 614 1382 δε
630 1342 724 1381 boni
742 1343 887 1393 publici
910 1344 1106 1382 coloribus
1130 1343 1150 1381 ‘2
1181 1343 1311 1396 Quam
1328 1346 1462 1396 amplis
1482 1343 1609 1384 vestiti
1626 1344 1835 1395 promiffis‚
1865 1342 1903 1381 &
1922 1341 2028 1379 blan·

207 1404 264 1443 dis
283 1415 327 1441 ac
347 1404 476 1442 amicis
503 1402 740 1442 sermonibus
763 1402 782 1440 2
813 1400 913 1453 Quae
929 1400 1083 1440 fraudes
1101 1412 1246 1441 mutuae
1272 1416 1352 1442 non
1378 1405 1497 1442 latent
1526 1403 1592 1442 sub
1612 1400 1674 1442 illa
1696 1404 1822 1455 specie
1845 1431 1858 1450 ‚
1904 1400 1940 1439 ὃς
1961 1410 2028 1438 ex-

207 1464 410 1504 terioribus
437 1463 722 1502 benevolentiae
737 1460 923 1500 indiciis?
954 1463 1126 1513 Angelos
1144 1461 1220 1501 sese
1254 1463 1438 1511 exibent,
1469 1462 1505 1501 δε
1538 1462 1714 1502 desinunt
1733 1465 1770 1502 in
1793 1462 1988 1513 serpentes
2011 1483 2025 1507 >,

206 1525 271 1576 qui
298 1535 398 1561 artus
425 1519 762 1573 complectuntur,
793 1529 836 1560 ut
866 1520 1127 1560 mordeant&
1157 1531 1353 1560 venenum
1373 1523 1415 1559 iis
1455 1520 1671 1561 infundant.
1747 1520 1918 1561 Meliora
1941 1517 2039 1557 sunt..

207 1584 341 1624 sinceri
366 1583 479 1621 animi
506 1582 663 1620 vulnera
684 1609 696 1628 ‚
727 1578 842 1630 quam
875 1580 1015 1618 horum
1045 1581 1176 1618 talium
1213 1578 1311 1633 (ε)
1343 1581 1484 1620 oscula.
1560 1579 1694 1619 Verba
1722 1591 1856 1620 eorum
1888 1577 2027 1618 blanda

203 1643 314 1690 sunt,
343 1641 412 1694 ipsi
433 1640 528 1679 vero
551 1649 661 1678 acuta
679 1635 769 1691 (f)
784 1638 919 1689 jacula.
984 1639 1153 1691 Quoties
1179 1639 1352 1691 proditio
1385 1639 1433 1678 ab
1458 1639 1677 1679 honoribus
1702 1635 1879 1692 incepit?
1907 1637 2024 1677 Tibe-

203 1705 279 1744 rius
299 1700 472 1741 incensus
491 1700 734 1739 aemulatione
759 1699 889 1750 gloriae
908 1707 968 1737 tot
988 1696 1237 1739 vietoriarum
1255 1729 1268 1748 ‚
1300 1711 1394 1751 quas
1411 1697 1667 1740 Germanicus
1690 1701 1855 1748 tulerat,
1884 1710 2023 1738 necem

203 1761 376 1815 ejusdem
408 1760 638 1799 moliebatur
654 1788 666 1806 .,
697 1759 896 1809 totiusque
918 1757 1070 1798 familiae
1097 1759 1259 1812 Augusti
1292 1760 1590 1812 extirpationem
1609 1789 1625 1809 ,
1652 1759 1689 1799 δι
1715 1758 1764 1799 ad
1787 1759 2025 1810 triumphum

202 1835 292 1864 eum
317 1819 503 1862 evocavit
521 1849 534 1868 ,
566 1831 609 1858 ac
626 1819 776 1871 imperii
802 1816 1024 1858 consortem
1049 1818 1232 1861 reddidit.
1307 1817 1382 1859 His
1417 1820 1581 1872 publicis
1602 1819 1886 1860 benevolentiae
1914 1817 2025 1870 lignis

203 1885 371 1924 animum
394 1879 500 1919 suum
520 1889 651 1932 tegere
668 1878 961 1922 contendebat:
993 1877 1152 1918 ardebat
1174 1877 1397 1919 Germanici
1420 1877 1566 1920 invidia
1588 1911 1599 1929 ,
1630 1881 1825 1933 magisque
1849 1878 1927 1929 ejus
1941 1874 2024 1929 glo-

203 1942 295 1985 riam
321 1939 552 1981 incendebat
571 1968 586 1988 .,
614 1947 658 1978 ut
687 1940 930 1990 extingueret
953 1937 1173 1990 promptiiss
1197 1951 1207 1978 ε
1238 1940 1345 1990 quod
1357 1941 1480 1980 oculis
1496 1942 1679 1994 patebat,
1697 1938 1923 1980 existimatio
1940 1945 2023 1976 erat

203 2003 241 2044 &
255 2004 384 2043 honor
401 2030 412 2049 ,
444 1998 550 2050 quod
571 1996 668 2037 clam
691 1999 862 2047 suberat,
881 2010 961 2038 non
985 1997 1054 2037 nili
1075 1998 1206 2037 odium
1224 1998 1262 2039 &
1283 1995 1353 2054 (g)
1374 2001 1528 2040 malitia.
1590 2000 1684 2053 Quo
1701 2002 1818 2052 magis
1835 1999 2022 2039 sincerum
2076 2030 2088 2037 .,

203 2064 279 2104 sese
306 2073 373 2101 cor
393 2060 553 2100 exhibet
572 2087 585 2105 ‚
616 2057 666 2098 eo
697 2059 782 2110 plus
802 2057 880 2097 doli
909 2059 946 2098 in
963 2057 1108 2098 recessu
1130 2059 1249 2098 habet
1271 2059 1457 2099 abditum.
1516 2057 1616 2099 Non
1641 2058 1750 2110 aeque
1775 2058 1909 2097 fallunt
1933 2056 2023 2096 fon-

203 2133 261 2165 tes
286 2119 426 2162 turbidi
452 2148 464 2168 ,
497 2130 541 2158 ac
563 2118 822 2169 limpidiores,
853 2119 918 2169 qui
938 2129 1132 2157 venenum
1163 2117 1387 2157 diffimulant
1403 2148 1414 2166 ‚
1433 2118 1472 2157 &
1501 2121 1668 2170 puritate
1694 2116 1756 2158 sua
1780 2117 1827 2157 ad
1848 2118 2022 2157 haurien-

204 2185 294 2224 dum
316 2181 495 2220 alliciunt.
554 2176 727 2229 Oportet
745 2179 857 2230 igitur
878 2177 1078 2229 diligenter
1100 2177 1282 2229 advigilet
1302 2176 1505 2229 prudentia
1519 2207 1532 2227 ‚
1561 2188 1605 2217 ut
1623 2176 1703 2217 illas
1718 2177 1936 2229 Principum
1960 2188 2016 2215 at·

203 2254 261 2285 tes
284 2240 451 2293 tempori
466 2247 644 2290 penetret
665 2267 677 2287 ,
709 2247 897 2289 tantoque
914 2237 1032 2289 magis
1050 2236 1243 2289 suspeetos
1258 2249 1328 2277 eos
1349 2238 1518 2285 habeat,
1547 2237 1692 2289 quanto
1722 2238 1964 2291 benigniores
1979 2236 2017 2277 ὅτ.

203 2305 321 2356 magis
336 2298 554 2341 benevolos
579 2298 654 2337 sese
674 2296 881 2337 ostendunt
903 2325 916 2346 ,
948 2296 986 2336 &
1009 2309 1138 2337 mores
1162 2296 1250 2337 suos
1276 2309 1321 2337 ac
1350 2307 1523 2337 naturam
1551 2298 1783 2345 immutant3
1814 2295 2015 2348 quomodo

202 2363 412 2416 Agrippina
430 2358 524 2398 fecit
543 2357 660 2397 veriis
687 2359 829 2396 artibus
845 2386 858 2406 ‚
890 2357 927 2397 &
944 2357 1144 2409 asperitate
1167 2357 1206 2396 in
1231 2355 1528 2397 teneritudinem
1544 2386 1557 2405 ,
1593 2357 1630 2395 &
1660 2358 1915 2396 blandimenta
1932 2386 1944 2405 ,
1974 2366 2018 2396 ut

203 2424 409 2465 Neronem
437 2419 485 2457 ab
508 2419 701 2457 amoribus
719 2419 861 2459 ancillae
881 2414 950 2473 (h)
982 2416 1215 2457 abstraheret
1237 2430 1247 2455 ι
1278 2428 1363 2468 quae
1382 2417 1546 2456 mutatio
1572 2417 1640 2468 ipsi
1657 2419 1770 2457 etiam
1795 2415 2018 2464 Nemeum&

204 2483 332 2525 amicis
346 2480 424 2532 ejus
439 2476 608 2530 suspeeta
626 2475 700 2516 fuit
720 2509 732 2526 ,
762 2476 861 2516 adeo
885 2487 927 2515 ut
943 2488 1030 2516 eum
1050 2487 1274 2526 monerent,
1306 2486 1464 2516 caveret
1480 2477 1647 2516 mulieris
1673 2475 1737 2531 (i)
1759 2474 1919 2516 insidias.
1950 2475 2015 2514 Ad

203 2557 249 2585 ea
267 2541 398 2595 potius
422 2547 580 2590 oportet
603 2536 807 2577 advertere
830 2537 1019 2585 animum,
1050 2549 1135 2588 quae
1152 2538 1278 2577 celare
1299 2536 1453 2577 student
1474 2536 1689 2589 Principes,
1720 2537 1832 2588 quam
1847 2549 1931 2587 quae
1948 2547 2014 2587 pa-

203 2608 276 2646 lam
297 2600 489 2654 produnt.-
518 2598 636 2649 magis
652 2597 699 2637 ad
722 2610 765 2637 ea
780 2628 791 2646 ‚
823 2609 908 2648 quae
930 2596 1080 2636 silentio
1099 2607 1281 2649 premunt
1298 2627 1311 2647 ,
1345 2595 1459 2649 quam
1483 2597 1532 2636 ad
1550 2609 1594 2637 ea
1618 2627 1630 2646 ‚
1662 2609 1745 2649 quae
1771 2595 1938 2636 exterius
1956 2594 2016 2634 of-

204 2665 347 2706 ferunt.
416 2658 550 2699 Tradit
568 2656 727 2698 Ele6tor
747 2656 986 2697 Trevirensis
1019 2657 1313 2698 Archidioecefis
1335 2657 1408 2698 suae
1433 2656 1693 2711 Metropolim
1707 2657 1804 2711 Regi
1818 2655 1983 2697 Franciae
2000 2684 2013 2702 ,

1942 2740 1945 2742 -
1969 2725 2012 2754 ut

290 2862 350 2906 (a)
379 2864 501 2901 Homo,
515 2860 575 2913 qui
596 2837 735 2897 blandis
743 2857 909 2911 fic‘lisque
920 2856 1135 2904 sermonibus
1158 2856 1312 2911 loquitur
1340 2861 1451 2897 amico
1463 2857 1548 2906 fito,
1576 2868 1651 2896 rete
1663 2856 1836 2910 expandit
1844 2854 2010 2909 grcffibus
2082 2884 2085 2886 -

203 2914 290 2963 ejus.
319 2916 428 2951 Prov.
455 2927 516 2957 29-
547 2926 579 2956 ς.
636 2915 696 2961 (b)
724 2914 882 2949 Perac‘tis
907 2909 1060 2963 tristitiae
1075 2913 1324 2950 imitamentis.
1360 2912 1476 2951 Tacit.
1497 2913 1521 2949 1.
1557 2925 1613 2959 13.
1634 2911 1765 2948 Annal.
1843 2911 1904 2960 (c)
1922 2910 2008 2945 Tac.

205 2969 228 3006 l.
249 2981 284 3005 2.
313 2970 410 3004 Ann.
462 2967 523 3014 (d)
533 2967 667 3003 Lucan.
724 2966 747 3013 ζ
751 2976 788 3010 e)
814 2964 971 3001 Meliora
980 2963 1065 3009 simt
1073 2963 1228 3001 vulttera
1240 2963 1433 3018 diligentis,
1445 2979 1552 3019 quam
1556 2961 1802 3016 fraudulenta
1815 2960 1922 3009 oſsula
1937 2961 2009 2998 odi-

205 3021 309 3062 entis.
328 3022 437 3057 PrOV.
452 3030 512 3066 27.
531 3024 564 3054 6.
588 3019 609 3065 (
624 3018 669 3066 f)
694 3017 827 3055 Molliti
831 3016 919 3063 siem
926 3015 1099 3064 firmoncs
1114 3015 1294 3069 ejusficper
1307 3017 1436 3059 oleum,
1461 3016 1506 3061 όν
1518 3015 1675 3070 ipstfhnt
1687 3014 1825 3064 jacula.
1854 3014 2006 3063 Psal.54.

208 3087 268 3111 22.
321 3073 388 3122 (g)
416 3077 486 3110 Nec
508 3069 582 3108 ideo
594 3069 732 3120 fincerae
752 3071 924 3107 caritatis
926 3068 1037 3121 fidem
1054 3068 1232 3117 adsecutus
1246 3097 1254 3110 ,
1280 3070 1422 3108 amoliri
1424 3071 1598 3119 juvenem
1604 3067 1643 3116 s
1648 3070 1715 3106 ecie
1723 3065 1858 3105 honoris
1863 3065 2006 3119 statuit.

195 3124 404 3178 struxitque
425 3122 546 3171 causbs
564 3144 574 3164 ῃ
599 3120 771 3173 autfbrte
785 3121 923 3160 oblatas
935 3120 1100 3175 eripuit.'
1130 3121 1246 3159 Tacit.
1263 3122 1323 3161 lib.
1349 3138 1383 3161 2.
1408 3123 1539 3161 Annal.
1591 3125 1610 3170 <
1642 3124 1666 3169 5)
1700 3122 1779 3157 'siam
1810 3121 2007 3174 Agrippina
2070 3123 2091 3149 4

207 3174 316 3224 versis
332 3175 470 3214 artibus
485 3205 496 3223 ‚
515 3186 580 3229 per
593 3173 838 3213 blandimenta
849 3176 1024 3225 juvenem
1042 3169 1208 3228 aggredi,
1224 3173 1330 3221 situm
1339 3177 1455 3229 potius
1478 3173 1669 3212 cubiculum
1687 3200 1696 3213 ,
1723 3171 1887 3222 rufinum
1904 3169 2007 3225 offi’r1

206 3243 246 3266 re
265 3229 502 3282 contegendis,
529 3241 596 3283 quae
614 3230 736 3282 prima
752 3238 835 3265 atas
857 3253 867 3269 ‚
892 3226 938 3271 ό·
952 3225 1095 3274 stemma
1108 3227 1266 3278 fortuna
1293 3237 1505 3282 expeterent.
1532 3229 1619 3265 Tac.
1639 3227 1661 3263 l.
1692 3239 1747 3273 13.
1773 3226 1903 3263 Annal.
1954 3224 2005 3271 (i)

208 3285 296 3334 Qae
312 3285 463 3320 mutatio
492 3295 600 3336 neque
621 3286 788 3318 Neronem
797 3279 937 3332 fefellit
953 3309 963 3326 ,
990 3279 1035 3324 όν
1050 3283 1206 3333 proximi
1225 3283 1415 3318 amicorum
1436 3277 1655 3321 metuebant,
1678 3277 2001 3332 orabamquecave*

207 3344 265 3372 ret
280 3333 422 3384 irfidias
432 3333 729 3388 mulierisfi’mper
743 3337 874 3372 atrocis
886 3360 896 3375 ,
920 3344 999 3371 tum
1017 3333 1063 3378 ῤ’
1073 3331 1187 3384 false.
1209 3335 1294 3372 Tac.
1311 3335 1338 3376 1.
1369 3339 1425 3382 1‘3.
1436 3333 1567 3370 Annal.
