2132 3730
468 204 1447 253 SYMBOLAPOLITTCA.
1773 217 1858 261 285

67 297 334 354 Sophonistam
349 295 386 333 in
400 295 684 335 matrimonium
705 292 867 334 duxisset
885 304 900 346 ς,
932 293 1022 334 dum
1035 305 1203 335 errorem
1219 293 1328 335 istum
1350 293 1554 335 emendare
1569 294 1716 341 voluit,
1746 294 1782 332 in
1803 293 1865 332 ali·

64 371 129 400 um
151 358 362 412 graviorem
377 353 500 406 lapsus
522 353 577 394 est
595 384 608 403 ‚
639 354 766 393 herbis
785 355 987 394 venenatis
1012 366 1096 394 eam
1115 353 1289 393 tollendo
1312 353 1334 394 ὲ
1353 353 1497 394 medio.
1559 351 1630 408 (a)
1652 351 1769 392 Vitiis
1791 353 1865 392 sese

64 420 154 459 Rex
172 414 316 455 Witiza
336 413 496 453 dederat
512 443 525 462 ‚
555 413 754 453 obscurata
772 413 873 454 haud
891 426 1025 466 parum
1041 414 1160 467 gloria
1180 414 1465 466 gubernationis
1482 412 1645 454 feliciter
1661 413 1865 462 inchoatae,

63 477 101 516 &
127 487 175 516 ne
192 473 493 513 concubinarum
515 484 678 514 numero
700 504 711 521 ‚
743 485 835 524 quas
850 486 1014 514 uxorum
1030 475 1120 514 loco
1151 475 1332 525 cultuque
1358 474 1546 522 habebat,
1578 475 1739 525 aliquam
1749 474 1868 525 turpi-

61 535 200 576 tudinis
219 544 352 573 notam
383 532 629 572 contraheret
647 562 659 582 ,
688 534 814 573 voluit
841 544 884 574 ut
905 534 943 573 id
965 531 1112 574 cunetis
1134 534 1290 581 liceret,
1323 535 1413 585 quin
1440 532 1478 572 &
1496 534 1568 571 lata
1582 535 1666 586 lege
1681 533 1866 573 Ecclesia-

60 595 159 636 sticis
186 593 417 632 matrimonii
434 592 590 632 ineundi
615 591 708 632 fecit
725 592 985 645 potestatem3
1014 604 1182 644 cumque
1195 592 1314 644 porro
1333 594 1405 632 hos
1429 592 1516 632 suos
1535 604 1681 633 errores
1701 594 1868 644 Religio-

58 656 97 695 ni
120 652 306 693 adversari
329 662 505 692 cerneret
525 681 539 702 ,
567 653 748 692 Romano
773 653 952 694 Pontifici
975 652 1236 693 obedientiam
1260 652 1466 705 denegavit
1484 682 1496 702 ‚
1527 652 1630 692 unde
1651 655 1769 693 totius
1792 654 1869 693 Re·

59 715 120 766 gni
144 713 302 752 incurrit
324 711 457 752 odium
477 726 489 759 ,-
519 724 636 763 quare
659 723 702 751 ut
718 713 790 752 suae
812 713 1048 765 prospiceret
1068 713 1283 761 securitati,
1314 712 1518 764 plerasque
1541 713 1655 752 urbes
1681 714 1869 752 moenibus

59 774 97 813 δε
121 774 398 812 munitionibus
413 771 602 818 nudavit3
631 784 710 823 quo
725 770 868 813 factum
885 772 1052 824 denique
1074 802 1087 820 ,
1117 782 1160 811 ut
1177 770 1358 824 Hispania
1377 782 1459 811 tota
1478 770 1707 812 Maurorum
1731 773 1870 812 deinde

58 832 336 873 incursionibus
354 841 517 884 pateret.
577 833 708 883 Atque
722 844 856 872 omnes
877 831 936 872 isti
960 843 1108 872 errores
1133 831 1193 871 alii
1217 845 1266 873 ex
1295 833 1372 872 aliis
1395 831 1531 871 ordine
1557 833 1664 881 nati,
1695 831 1732 871 &
1751 834 1786 871 in
1804 835 1872 873 im-

57 892 226 933 mensum
263 891 363 931 aucti
382 922 393 939 ,
424 892 543 930 vitam
566 892 618 931 illi
632 901 721 932 ante
757 901 911 943 tempus
940 889 1151 932 extorsere.
1226 891 1374 932 Eadem
1397 891 1736 932 incommodorum
1761 891 1873 931 series

58 954 172 992 etiam
204 953 242 991 in
263 952 378 991 Duce
403 950 615 991 Valentino
652 962 784 992 notata
801 950 902 991 fuit:
932 950 1128 991 studuerat
1152 953 1183 991 is
1207 954 1418 993 multorum
1440 953 1547 991 ruina
1576 952 1676 991 suam
1696 949 1870 991 fabricari

55 1012 274 1059 fortunam,
304 1023 473 1063 eumque
493 1012 531 1051 in
549 1010 666 1051 finem
690 1011 782 1050 nihil
804 1011 1013 1061 tyrannidis
1033 1012 1322 1063 praetermiserat
1346 1043 1356 1060 ,
1388 1013 1517 1063 priore
1543 1011 1682 1052 Iit-vitia
1704 1011 1752 1050 ad
1777 1013 1872 1050 ulte-

57 1073 175 1111 riores
195 1071 436 1123 majoresque
457 1070 606 1123 semper
627 1070 703 1124 (b)
724 1072 907 1111 incitante
924 1101 936 1118 ‚
968 1071 1096 1111 donec
1114 1070 1251 1112 statum
1269 1070 1343 1112 una
1360 1072 1398 1111 ὅτ.
1415 1073 1536 1112 vitam
1555 1073 1747 1112 amitteret
1765 1101 1778 1122 ,
1810 1080 1874 1110 aut

56 1131 259 1182 discipulus
277 1133 398 1171 malus
417 1162 428 1179 ‚
458 1141 523 1169 aut
542 1132 660 1170 malus
675 1130 925 1170 Machiavelli
953 1130 1151 1184 Magister.

153 1193 187 1243 §.
220 1189 379 1231 Error-es
400 1190 621 1242 Principum
651 1202 730 1230 non
750 1190 818 1230 nili
839 1191 1040 1231 difficulter
1069 1189 1224 1243 possunt
1247 1191 1412 1243 corrigi,
1441 1189 1491 1230 eo
1516 1190 1622 1242 quod
1645 1188 1876 1242 plerumque

57 1250 106 1288 ad
121 1252 262 1289 multos
287 1253 310 1291 ii
329 1252 558 1303 pertineant.
624 1249 762 1290 Obstat
784 1252 898 1291 etiam
919 1250 1124 1291 obstinatio
1149 1251 1341 1290 interdum
1361 1280 1373 1299 ‚
1403 1261 1469 1290 aut
1488 1251 1706 1303 ignorantia.
1770 1250 1879 1301 lnge-

6 1333 14 1339 *
57 1312 119 1349 nia
134 1322 269 1362 magna
287 1340 298 1358 ‚
330 1322 414 1361 quae
445 1311 703 1349 communiter
730 1308 814 1348 fer‘e
831 1312 949 1361 magis
969 1312 1132 1362 ingenua
1160 1312 1243 1351 sunt
1274 1311 1311 1350 &
1340 1311 1480 1350 docilia
1500 1322 1647 1350 errores
1670 1310 1756 1349 suos
1786 1308 1879 1349 faci-

0 1371 13 1420 ]
56 1368 94 1409 le
120 1369 328 1421 agnoscunt
349 1398 360 1417 ,
390 1368 514 1418 iisque
541 1366 678 1406 melius
693 1368 842 1406 erudita
865 1368 915 1407 de
933 1370 1206 1408 emendatione
1237 1371 1334 1409 serio
1362 1371 1532 1422 cogitant
1549 1399 1562 1418 ‚
1591 1369 1741 1409 aedificii
1778 1367 1880 1408 male

0 1470 1 1473 Ἴ
57 1428 188 1469 structi
208 1430 344 1467 lateres
367 1427 504 1466 iterum
529 1424 797 1474 dissolvendo,
828 1437 870 1465 ur.
881 1429 1029 1467 meliori
1048 1428 1188 1467 deinde
1215 1440 1405 1468 caemento
1427 1428 1587 1468 eosdem
1605 1430 1744 1467 iterum
1768 1439 1880 1480 coag-

56 1499 245 1529 mentent.
308 1487 474 1538 Philippi
505 1485 627 1525 Tertii
659 1485 905 1537 Imperatoris
940 1487 1158 1537 symbolum
1184 1486 1285 1527 fuit:
1317 1487 1426 1546 Quid
1445 1489 1528 1527 mal&
1557 1495 1700 1539 captum
1720 1487 1767 1543 est
1789 1519 1801 1536 ,
1840 1501 1881 1528 ne

43 1552 166 1601 sigen?
188 1543 405 1599 conmmtqffb.
467 1545 547 1598 Qui
564 1546 635 1584 iter
655 1547 815 1597 relegit,
849 1558 929 1599 quo
955 1546 1141 1588 aberrasse
1162 1547 1201 1587 se
1235 1548 1345 1587 videt
1361 1578 1374 1597 ‚
1404 1547 1552 1588 facilius
1577 1549 1617 1587 in
1640 1549 1743 1588 viam
1768 1546 1878 1587 redit.

57 1607 208 1648 Frustra
229 1608 367 1647 erroris
379 1603 514 1658 postea
531 1602 776 1657 poenituiffet.

197 1709 273 1773 (c)
307 1706 411 1758 Nil
421 1708 582 1774 juvat
612 1723 793 1758 errores
821 1704 1111 1778 merscijam
1138 1717 1296 1777 puppe
1295 1702 1472 1773 fateri.

54 1823 173 1865 Ratio
189 1821 318 1862 Status
353 1829 488 1860 catena
507 1818 680 1872 quaedam
702 1817 757 1859 est
780 1849 792 1869 ‚
825 1831 909 1871 quae
928 1850 940 1870 ‚
972 1819 1000 1860 fi
1019 1821 1083 1860 vel
1106 1823 1241 1861 unicus
1266 1822 1304 1860 in
1323 1832 1367 1860 ea
1385 1827 1582 1872 rumpatur
1600 1820 1781 1869 annulus,
1808 1819 1877 1861 dis-

0 1879 3 1924 ἶ
57 1886 218 1925 solvitur
244 1880 367 1929 illico,
397 1881 466 1920 nisi
495 1882 633 1919 iterum
661 1879 937 1919 consolidetur.
1000 1880 1182 1933 Princeps
1202 1910 1214 1929 ‚
1246 1882 1310 1932 qui
1330 1879 1349 1919 a
1370 1881 1406 1919 se
1421 1879 1556 1919 statuta
1579 1881 1695 1918 noxia
1721 1879 1796 1920 esse
1822 1883 1880 1921 vi-

57 1945 125 1984 det
143 1974 155 1993 ‚
186 1955 260 1983 nec
286 1954 330 1982 ea
349 1942 525 1980 immutat
547 1949 676 1979 tamen
705 1969 717 1988 ,
749 1939 820 1978 suae
847 1940 965 1992 magis
987 1941 1181 1991 opinionis
1210 1952 1338 1979 amans
1368 1938 1422 1978 est
1439 1968 1452 1988 ‚
1484 1938 1597 1990 quam
1624 1940 1717 1978 boni
1752 1940 1879 1991 publi-

58 2005 94 2044 ci
113 2033 125 2050 ,
155 2004 272 2055 pluris
301 2012 440 2040 vanam
472 2001 635 2051 aliquam
657 1999 828 2051 gloriolae
841 2002 1016 2039 umbram
1041 1998 1224 2048 aestimat‚
1256 1998 1369 2051 quam
1393 1999 1609 2047 veritatem,
1637 1997 1811 2038 constans
1823 2001 1879 2039 vi-

56 2064 137 2104 deri
156 2064 240 2103 vult
269 2092 281 2110 ‚
312 2060 350 2100 &
367 2060 544 2112 pertinax
573 2058 630 2099 fit.
691 2057 889 2110 Supremae
921 2057 1193 2100 dominationis
1221 2059 1298 2098 hoc
1322 2059 1459 2098 vitium
1482 2057 1536 2097 est
1556 2088 1566 2104 ‚
1598 2069 1682 2109 quae
1713 2067 1793 2098 tum
1817 2058 1880 2099 de-

57 2136 163 2164 mum
182 2120 503 2163 existimationem
527 2118 630 2158 suam
649 2117 723 2158 rite
750 2120 848 2158 tueri
870 2118 909 2157 se
926 2128 1039 2170 putat
1059 2148 1071 2168 ,
1102 2120 1130 2160 fi
1157 2118 1301 2172 pedem
1320 2125 1516 2170 nunquam
1545 2117 1651 2158 retro
1675 2118 1829 2159 referat.

200 2245 220 2255 -
245 2247 261 2258 -
281 2243 300 2254 -
338 2212 428 2280 (d)
457 2214 719 2280 Quamque
740 2210 894 2282 regale
926 2212 1009 2265 hoc
1022 2222 1156 2280 putet
1175 2219 1194 2258 ἕ

200 2289 404 2352 Sceptris
422 2283 659 2354 superbas
691 2285 918 2352 quisquis
948 2287 1178 2336 admovit
1211 2301 1423 2343 manus,

198 2358 309 2431 Qd'
330 2362 458 2426 coepit
487 2394 501 2416 ,
540 2356 624 2406 ire.

61 2467 159 2508 Tam
177 2478 221 2506 ea
240 2470 276 2507 in
295 2478 336 2506 re
357 2465 493 2505 rationi
519 2463 645 2516 paruit
671 2461 830 2502 Carolus
850 2461 1020 2515 Quintus
1034 2460 1247 2515 Imperator
1273 2493 1286 2513 ‚
1318 2473 1362 2504 ut
1379 2460 1468 2503 cum
1486 2461 1689 2513 aliquando
1721 2463 1876 2515 privile.

61 2531 165 2582 gium
190 2527 317 2567 nescio
337 2525 442 2578 quod
465 2536 580 2565 manu
596 2522 658 2562 sua
683 2522 961 2575 consignasset3
992 2534 1294 2576 monereturque
1317 2554 1330 2574 ,
1356 2523 1507 2576 justitiae
1532 2521 1679 2575 legibus
1711 2535 1788 2563 non
1820 2525 1873 2563 sat

60 2588 137 2629 effe
159 2588 456 2627 consentaneum
476 2615 488 2633 ‚
518 2595 612 2624 mox
638 2582 746 2623 reddi
761 2583 828 2623 fibi
847 2584 970 2622 voluit
997 2612 1008 2630 ‚
1038 2583 1076 2623 δε
1096 2583 1341 2632 dilaceravit,·
1377 2582 1504 2631 Malo,
1537 2584 1711 2634 inquiens
1728 2612 1740 2631 ,
1769 2595 1875 2623 meam

62 2650 214 2690 lacerare
224 2644 437 2698 scripturam
451 2677 464 2696 ‚
492 2656 593 2700 quam
617 2644 774 2684 animum.
835 2642 1052 2694 Tyrannica
1077 2643 1282 2684 obstinatio
1299 2642 1373 2692 est,
1404 2654 1552 2682 errores
1574 2643 1776 2695 agnoscere
1793 2645 1875 2695 qui-

61 2711 154 2750 dem
173 2739 185 2757 ‚
216 2719 289 2747 nec
307 2715 434 2746 tamen
456 2702 659 2746 emendare
677 2705 779 2745 velle
801 2716 815 2753 ,⁸
845 2716 911 2744 eos
939 2703 1034 2743 vero
1057 2706 1171 2744 etiam
1193 2702 1403 2743 defendere
1426 2731 1438 2751 ‚
1470 2711 1513 2742 ut
1532 2703 1670 2742 honori
1706 2703 1875 2747 consula-

34 2805 37 2808 <
63 2780 150 2817 tur,
183 2769 274 2808 nihil
294 2766 394 2806 aliud
412 2764 466 2805 est
482 2797 494 2815 ,
529 2763 642 2816 quam
665 2776 827 2817 peccare
852 2762 950 2804 velle
978 2764 1139 2816 saepius,
1170 2764 1206 2804 &
1224 2763 1383 2804 blandiri
1403 2762 1470 2802 sibi
1498 2761 1547 2803 de
1574 2764 1873 2816 ignorantiagin.

65 2841 197 2871 aurare
220 2829 326 2875 illos,
359 2824 412 2865 est
435 2824 577 2865 ferrum
606 2836 698 2864 auro
725 2825 922 2867 obducere
942 2856 953 2875 ,
986 2824 1092 2875 quod
1109 2836 1202 2865 mox
1223 2825 1362 2864 iterum
1391 2823 1428 2863 se
1458 2823 1617 2875 prodit,
1651 2821 1872 2868 &formam

65 2889 257 2944 pristinam
275 2895 485 2938 recuperat.
544 2883 660 2924 Error
690 2884 882 2925 correctus
900 2885 937 2925 id
967 2885 1080 2924 efficit
1097 2915 1108 2933 ‚
1140 2884 1334 2925 uti-estius
1354 2893 1534 2923 curentur
1554 2893 1690 2924 caetera
1706 2914 1718 2933 ‚
1750 2883 1785 2923 &
1804 2900 1869 2934 ex-

64 2951 173 3005 pedit
196 2951 385 2991 interdum
406 2943 538 2985 errasse
559 2975 571 2994 ,
601 2957 650 2984 ne
674 2956 857 2997 peccetur
869 2945 1051 2996 deinceps
1072 2945 1235 2999 gravius.
1294 2944 1418 2984 Tanta
1439 2942 1494 2984 est
1513 2945 1650 2996 ingenii
1673 2942 1789 2985 nostri
1805 2948 1872 2986 im-

65 3011 271 3059 becillitas,
295 3021 337 3048 ut
361 3006 545 3060 ipsosmet
566 3004 714 3046 nostros
732 3018 878 3046 errores
907 3004 1110 3058 Magistros
1129 3007 1348 3046 habeamus.
1425 3003 1488 3045 Ex
1505 3006 1554 3046 ¹iis
1575 3006 1739 3058 primum
1766 3005 1873 3047 reae

958 3066 991 3105 C
1012 3079 1034 3106 c
1056 3078 1077 3106 c
1097 3078 1119 3105 c
1761 3078 1872 3118 agere

175 3172 222 3207 (a
232 3172 253 3216 J
281 3170 371 3205 Mar.
390 3167 480 3204 Hist.
500 3166 598 3218 Hisp.
617 3166 678 3209 lib,
696 3169 730 3204 6.
750 3177 781 3202 c.
806 3178 841 3210 9.
895 3167 966 3214 (b)
994 3162 1277 3210 Feroxstekrum
1300 3190 1309 3205 ‚
1336 3162 1476 3216 &quia
1490 3163 1610 3213 prima
1616 3169 1869 3212 provenerant»

71 3217 236 3307 ἶσιέιῖιῐὲνε
253 3219 568 3323 ἐέῧῄὲἐῃζὲιὲηαηπ
588 3219 682 3259 modo
715 3220 914 3256 Germanici
929 3216 1049 3257 liberos
1056 3226 1292 3271 perverteret.
1344 3216 1459 3255 Tacit.
1479 3216 1539 3253 lib.
1557 3226 1594 3262 4.
1621 3215 1759 3293 Annali
1804 3218 1869 3267 (c)
