2132 3730
424 216 1432 275 »STMBOLAPOLITICA
1755 234 1876 282 235,

63 282 1840 296 W—-Q——f———ss—

54 317 157 360 qnam
170 303 507 353 calata-emperiam.
569 303 690 356 Quod
707 302 902 342 consilium
918 303 944 342 si
961 303 1109 343 secutus
1130 302 1254 343 fuisset
1269 305 1354 345 Rex
1363 304 1578 356 Alplionsus
1589 304 1744 357 Sapiens
1761 307 1839 359 (a)

55 376 244 415 nunquam
265 362 302 400 se
324 362 476 413 Imperii
503 364 711 414 cupiditate
738 362 858 414 abripi
892 362 1014 414 paffus
1037 360 1192 410 fuisset,
1223 375 1311 403 cum
1339 375 1415 404 tam
1438 363 1608 416 praesenti
1633 365 1756 417 Regni
1785 366 1839 405 sui

54 425 222 476 periculo
238 449 250 468 ,
287 430 330 459 ut
352 423 389 460 in
411 433 460 460 eo
479 422 661 461 veriffima
687 420 802 461 fuerit
833 423 893 461 illa
922 423 1039 475 Regis
1062 422 1249 474 Alpbonsi
1271 423 1520 474 Neapolitani
1541 423 1746 473 sententia,
1767 425 1839 464 hos

53 485 145 522 tales
165 509 177 528 ,
204 480 388 519 lusoribus
404 483 659 532 comparantis
673 510 686 529 ‚
716 483 780 532 qui
799 493 896 521 vana
912 481 1080 521 lucrandi
1099 483 1164 533 spe
1182 482 1357 534 decepti,
1368 483 1534 534 perdunt
1549 495 1594 523 ea
1611 485 1737 533 etiam,
1751 496 1839 536 quae

49 540 245 593 poffident.
303 540 450 579 Statum
467 540 573 580 suurn
598 542 724 590 tueri,
754 541 994 595 obligationis
1010 540 1086 588 est3
1116 542 1278 582 alienum
1302 543 1496 593 acquirere
1513 570 1525 590 ,
1558 545 1650 583 meri
1683 545 1836 584 arbitrii.

49 599 221 640 Ambitio
242 597 356 638 fallax
379 598 428 639 ad
446 612 550 639 nova
567 600 604 640 δι
621 602 796 652 ancipitia
812 603 954 641 multos
972 598 1053 656 (h)
1082 601 1254 652 impellit.
1316 601 1409 654 Quo
1436 603 1519 653 quis
1547 599 1695 653 potitur
1720 605 1835 655 pluri-

48 659 117 699 bus
133 687 144 706 ‚
177 656 226 697 εὸ
253 658 360 709 plura
377 659 575 699 desiderat.
642 661 745 700 Vetus
764 673 805 700 ac
812 659 1033 715 jampridem
1051 658 1149 710 insita
1162 660 1362 700 nwrtalibns
1369 663 1533 712 potentiae
1543 662 1658 712 cupido
1680 677 1753 703 cnm
1769 665 1837 703 lnt-

0 751 2 765 ;
39 719 131 772 perii
141 712 369 770 magnitudine
391 715 540 770 adolescit
557 750 569 769 ‚
599 718 932 760 &incrementum
956 719 1078 759 sumit.
1146 718 1428 771 Opportunitas
1454 720 1726 772 occasionum,
1757 735 1836 762 me-

46 778 274 829 dictumque
287 777 446 819 facilitas
477 778 612 819 oculos
638 782 789 831 rapiunt
807 809 820 829 ,
852 779 889 819 &
905 781 1051 819 animos
1082 778 1298 830 Principum
1315 809 1328 828 ‚
1358 790 1400 819 ut
1422 792 1471 819 ne
1492 780 1648 819 videant
1667 782 1837 832 quidem,

0 833 3 888 ᾗ
48 849 126 878 non
154 837 282 877 omnia
298 850 381 889 quae
407 840 571 880 obtineri
587 837 765 892 possunt,
796 837 870 879 effe
893 837 1121 889 appetenda.
1183 838 1331 878 Mentis
1361 839 1592 892 generositas
1623 840 1669 879 ad
1683 843 1840 881 rationis

47 897 85 936 &
101 896 312 949 prudentiae
333 910 493 938 norman
510 900 668 952 regulari
685 899 814 942 debet.
873 897 973 937 Non
990 899 1052 937 ille
1070 898 1107 937 se
1125 900 1257 938 melius
1267 908 1395 939 tuetur
1409 929 1422 948 ‚
1452 899 1517 951 qui
1538 901 1644 950 plura
1660 900 1837 951 poffidet3

0 944 1 972 ¹
46 956 109 996 sed
134 956 164 995 is
180 985 192 1004 ‚
222 958 287 1008 qui
310 959 415 1010 plura
432 959 514 1010 jura
532 958 704 1011 poffidet.
764 957 942 998 Potentia
957 959 1071 997 nimia
1090 958 1369 998 aemulationem
1387 958 1425 998 δε
1446 960 1629 999 invidiam
1655 961 1838 1008 concitat,

43 1024 233 1069 augetque
257 1020 445 1070 pericula:
473 1018 651 1058 adversus
676 1019 937 1069 potentiorem
963 1019 1065 1057 enim
1094 1029 1228 1057 omnes
1255 1019 1292 1057 in
1321 1018 1464 1058 foedera
1491 1019 1653 1069 coeunt,
1684 1019 1721 1058 δε
1737 1032 1839 1059 arma

42 1075 220 1124 sumunt‚·
250 1079 306 1117 uti
322 1075 451 1118 fecere
475 1077 664 1131 Hispaniae
680 1078 808 1130 Reges
831 1086 965 1116 contra
987 1077 1221 1129 Alphonsum
1241 1076 1412 1117 Tertium
1433 1106 1446 1125 ‚
1476 1079 1582 1130 cujus
1605 1078 1838 1131 prosperitas

42 1136 80 1175 &
101 1136 312 1189 amplitudo
341 1139 384 1177 iis
399 1136 551 1190 supesta
572 1146 663 1177 erat.
722 1137 821 1189 Quae
838 1137 945 1176 causa
963 1134 1018 1176 est
1034 1167 1045 1185 ,
1079 1148 1147 1175 cur
1171 1139 1287 1190 magis
1303 1138 1483 1190 expediat
1502 1141 1715 1190 potentiam
1737 1141 1838 1179 bene

41 1197 184 1236 habere
207 1196 469 1246 constitutam,
497 1196 611 1249 quarn
628 1197 787 1237 eandem
805 1208 1012 1236 exercere:
1034 1208 1162 1248 neque
1178 1199 1278 1236 enim
1307 1199 1345 1237 in
1367 1197 1599 1249 acquirendo
1622 1200 1746 1238 minus
1770 1211 1841 1251 pe-

41 1257 148 1295 riculi
170 1255 244 1305 est,
273 1256 388 1308 quam
422 1256 624 1309 postquam
646 1256 868 1309 acquisitum
901 1257 1042 1307 aliquid
1070 1255 1197 1296 fuerit.
1257 1256 1295 1296 Si
1322 1256 1452 1298 hostes
1475 1259 1596 1297 exteri
1627 1258 1839 1307 defuerint,

41 1314 118 1367 ipsa
138 1327 266 1354 rerum
295 1316 484 1355 affluentia
508 1325 669 1356 enervat
697 1327 881 1367 corpora,·
912 1324 955 1354 ut
979 1326 1138 1366 experta
1170 1316 1364 1367 quondam
1385 1316 1458 1356 fuit
1483 1316 1659 1356 Romana
1687 1318 1842 1370 Respu-

39 1375 157 1421 blica,
187 1373 214 1426 ζ
214 1375 257 1429 c)
288 1387 366 1427 quae
389 1374 435 1412 ab
455 1376 585 1425 exiguis
598 1370 760 1424 profesta
778 1376 905 1422 initiis,
933 1386 967 1412 eo
979 1382 1166 1423 creverat,
1195 1382 1236 1414 ut
1250 1376 1321 1424 jam
1335 1375 1563 1428 magnitudine
1577 1377 1747 1416 laboraret
1745 1376 1840 1428 fine,-

39 1433 117 1487 (A)
145 1433 253 1485 qubd
280 1432 367 1472 cuin
385 1431 576 1485 Augustus
592 1431 680 1472 ante
704 1431 933 1485 praevidiffet
951 1462 964 1480 ,
992 1432 1178 1472 addiderat
1194 1433 1354 1484 consiliunt
1373 1434 1540 1474 coercendi
1557 1437 1652 1474 intra
1680 1439 1842 1476 terminos

41 1493 204 1545 hitterii,
232 1492 339 1545 quod
368 1492 557 1532 Adrianus
582 1491 793 1544 Imperator
815 1490 948 1544 postea
975 1491 1157 1532 effeetum
1186 1492 1303 1533 dedit.
1365 1492 1452 1546 (e)
1484 1493 1638 1545 Imponat
1659 1494 1842 1548 Princeps

29 1551 198 1604 felicitati
207 1549 282 1602 fitae
294 1549 452 1603 froenos,
463 1549 610 1603 facilius
624 1559 732 1603 reget.
789 1551 970 1592 Evehere
992 1552 1030 1591 &
1057 1552 1212 1592 dilatare
1238 1552 1484 1592 Monarchias
1502 1553 1601 1593 haud
1630 1554 1842 1596 admodum

41 1613 190 1652 difficile
210 1610 462 1662 estinjustitiae
480 1611 750 1661 &tyrannidi,
781 1611 808 1650 si
839 1608 1021 1651 violentia
1055 1624 1204 1651 armatae
1228 1611 1381 1661 fuerint,
1438 1611 1652 1653 Difficultas
1678 1616 1716 1653 in
1746 1628 1842 1654 con-

40 1673 256 1712 servatione
281 1669 336 1710 est
354 1671 495 1723 posita,
524 1668 611 1724 (f)
623 1668 769 1722 facilius
786 1672 931 1722 quippe
954 1669 1009 1710 est
1026 1669 1182 1722 qucea'am
1203 1672 1364 1711 vincere:
1393 1684 1493 1723 qaam
1512 1678 1640 1711 tenere:
1668 1675 1705 1713 in
1726 1676 1838 1714 armis

37 1733 141 1772 enim
159 1733 386 1784 plerumque
421 1731 525 1770 casus
552 1732 681 1770 locum
713 1730 857 1781 habet3
887 1730 924 1769 in
950 1730 1226 1782 gubernatione
1250 1729 1346 1769 vero
1377 1730 1573 1770 confilium
1606 1732 1835 1773 dominatur.

38 1792 120 1846 (g)
153 1792 343 1832 Fortunam
364 1803 520 1843 magnam
531 1791 632 1829 citius
663 1791 838 1837 invenias,
868 1802 970 1841 qnam
991 1792 1151 1829 retineas.
1211 1789 1327 1829 Ultro
1352 1791 1413 1829 illa
1444 1788 1581 1840 aderit,
1610 1804 1690 1831 non
1718 1793 1846 1834 advo·'

37 1864 121 1891 cata
143 1852 165 1891 ὲ
179 1853 318 1892 merito
342 1862 406 1890 aut
424 1851 638 1903 diligentia;
670 1860 708 1889 at
731 1849 810 1889 fine
825 1849 1027 1901 prudentia
1045 1849 1217 1902 singulari
1235 1849 1450 1890 conservari
1477 1862 1558 1890 non
1579 1850 1722 1904 potest,

212 1950 321 2006 Nec
333 1954 495 2003 minor
512 1948 571 2018 est
587 1951 750 2001 virtus
764 1983 778 2004 ‚
815 1967 970 2018 quam
987 1966 1193 2018 quaerere
1205 1961 1353 2020 parta
1379 1953 1517 2003 tueri.

211 2064 329 2115 Cujus
354 2065 405 2104 rei
425 2063 513 2103 Rex
531 2062 746 2115 Alphonsus
765 2061 923 2115 Sapiens
941 2063 1039 2103 hanc
1057 2063 1204 2104 causam
1227 2063 1351 2104 adfert
1376 2064 1453 2118 (h)
1480 2064 1618 2119 Perque
1634 2065 1669 2105 la
1685 2067 1840 2118 guarala

35 2128 157 2167 aviene
172 2134 242 2178 por
246 2121 332 2175 sesa,
367 2138 384 2164 e
409 2123 442 2163 la
461 2125 629 2175 gamancia
646 2132 715 2174 por
736 2129 923 2163 aventma.
991 2124 1094 2164 Iaeri
1110 2127 1195 2163 enim
1201 2121 1269 2175 fita
1273 2121 1450 2177 sapientiae
1465 2122 1534 2174 esl,
1555 2134 1711 2177 occupare
1726 2128 1838 2167 aliena

22 2183 196 2238 fhrtunae.
257 2184 446 2224 Fortunam
459 2191 555 2223 tuam
571 2182 695 2235 preffis
716 2181 871 2221 manibus
890 2189 983 2230 tene,
1015 2182 1146 2222 lubrica
1170 2181 1228 2237 est.
1301 2184 1382 2238 (i)
1417 2183 1643 2224 Erinaceum
1669 2188 1837 2236 reperire

36 2244 176 2298 (unde
194 2244 271 2284 hoc
297 2242 484 2296 desumpsi
502 2241 764 2295 Symbolum)
793 2239 976 2293 perquam
997 2240 1107 2281 facile
1123 2242 1199 2289 est‚·
1230 2243 1276 2283 ad
1295 2243 1541 2283 detinendum
1561 2242 1657 2283 verb
1674 2245 1835 2285 consilio

36 2317 161 2357 opus,
192 2313 235 2343 ut
248 2304 423 2344 nimirum
452 2313 607 2343 manum
628 2301 679 2341 fic
707 2302 896 2353 applices,
926 2308 969 2339 ut
997 2301 1171 2341 demittat
1188 2305 1370 2354 paulatim
1398 2304 1584 2342 aculeatas
1610 2304 1688 2342 suas
1714 2304 1835 2355 setas,

37 2377 130 2417 quas
150 2363 240 2405 dum
265 2364 405 2403 sursum
434 2363 563 2416 erigit,
593 2362 734 2415 legioni
759 2361 918 2401 millium
936 2360 1058 2402 sarissis
1076 2361 1247 2414 undique
1266 2361 1399 2404 cimitae
1427 2362 1553 2403 similis
1570 2362 1734 2403 videtur.

208 2495 230 2507 ··
264 2494 285 2507 -
319 2493 336 2505 -
373 2466 456 2530 (k)
492 2463 601 2516 Fert
620 2464 785 2515 omnia
801 2459 987 2529 ficum,
1321 2520 1327 2525 ,

201 2538 258 2588 Se
271 2536 525 2607 pharetra,
554 2530 645 2602 fise
654 2532 819 2605 jaculo
839 2565 852 2588 ‚
870 2531 973 2604 fist
994 2535 1151 2587 utitur
1174 2551 1306 2587 arcu.

35 2649 116 2689 Vix
134 2646 154 2688 a
175 2648 384 2689 Provinciis
402 2649 564 2702 Belgicis
582 2647 838 2702 Hispanorum
859 2659 961 2688 arma
980 2646 1079 2688 clara
1093 2646 1245 2689 fuerant
1261 2647 1415 2700 Joannis
1433 2644 1616 2689 Austriaci
1634 2657 1832 2700 tempore,

26 2710 124 2750 ,cum
146 2707 207 2748 illa
223 2707 437 2751 Rebellium
462 2709 537 2750 sese
555 2710 593 2747 in
615 2718 787 2761 apertum
815 2705 1080 2760 prodiderunt.
1142 2708 1239 2760 Regi
1261 2707 1428 2748 Franciae
1455 2708 1566 2748 facile
1594 2706 1667 2747 fuit
1688 2708 1833 2748 Lotba-

33 2770 160 2823 ringiae
181 2770 377 2808 Ducatum
395 2780 528 2809 contra
544 2769 604 2819 jus
620 2767 753 2822 fasque
774 2779 991 2820 occupare3
1020 2776 1058 2808 at
1079 2766 1246 2808 eundem
1267 2779 1370 2808 nunc
1398 2770 1516 2818 tueri,
1543 2779 1603 2807 res
1628 2767 1833 2809 multarum

27 2828 90 2869 est
118 2829 355 2881 sumptuum,
386 2828 423 2869 Gt
438 2829 615 2881 periculis
638 2826 776 2880 plena,
806 2828 857 2868 ita
875 2837 916 2867 ut
933 2840 1086 2868 manum
1116 2836 1295 2868 armatam
1321 2827 1531 2868 subducere
1552 2838 1747 2879 nunquam
1767 2840 1833 2867 au-

35 2886 135 2928 deat.
194 2887 247 2928 Et
265 2888 404 2936 causae,
422 2900 506 2940 quae
528 2888 576 2928 ad
594 2888 864 2940 acquirendum
881 2896 1138 2937 concurrunt,
1169 2899 1249 2927 non
1268 2887 1423 2940 {semper
1449 2887 1497 2927 ad
1524 2887 1831 2928 conservandum

35 2946 170 3000 praesto
186 2948 282 2991 sunt.
345 2948 467 3002 Qubd
494 2947 523 2988 si
538 2957 666 2988 tamen
683 2947 796 2989 semel
815 2949 855 2988 in
872 2947 1070 2987 dominatu
1095 2946 1353 3000 praesoriptum
1371 2946 1504 2987 fuerit:
1531 2947 1652 3000 ipsum
1679 2957 1832 2999 tempus

859 3007 884 3047 S
904 3021 920 3047 s
935 3019 953 3047 s
983 3020 1010 3048 2
1790 3008 1831 3045 il-

27 3150 29 3153 -
142 3122 204 3171 (a)
230 3123 321 3161 Mar.
352 3121 442 3159 Hist.
468 3118 566 3169 Hisp.
587 3118 648 3156 lib.
678 3130 735 3165 ¹3·
759 3130 834 3168 cap.
864 3130 921 3156 10.
976 3117 1037 3166 (b)
1061 3113 1205 3168 Qibus
1234 3129 1348 3156 nova,
1373 3114 1418 3158 (ῤ’
1445 3117 1619 3167 ancipitia
1636 3112 1832 3165 praecolere.

39 3171 172 3215 avida,
196 3172 241 3216 ό·
256 3175 457 3228 plerumque
465 3170 593 3224 fallax
605 3169 752 3209 ambitio
771 3169 830 3222 ιβ.
856 3173 942 3209 Tac.
961 3170 1023 3207 lib.
1046 3184 1083 3219 4.
1099 3168 1230 3206 Annal.
1288 3169 1346 3214 (c)
1373 3168 1454 3205 Liv.
1478 3168 1539 3205 lib.
1563 3180 1618 3224 v..
1658 3167 1720 3212 (d)
1744 3166 1830 3225 Tac.

37 3223 103 3321 gg·
126 3228 273 3315 Elffi'
324 3232 382 3277 (e)
407 3225 570 3266 Curtius.
623 3223 689 3273 (f)
716 3224 828 3262 Idem.
878 3226 940 3274 (g)
964 3223 1067 3262 Publ.
1121 3221 1189 3269 (h)
1217 3222 1532 3270 L.3.tt.3.cap.2.
1588 3220 1637 3265 (ι)
1666 3218 1825 3258 Curuus.
