2132 3730
230 192 286 232 26
667 179 1007 225 DIDACI
1072 177 1613 221 SAAVEDRAE

225 272 323 315 Pro!
339 273 487 324 quantis
506 280 584 307 non
605 265 788 316 ejusmodi
803 265 947 303 animus
958 260 1457 314 jaetaturperturbationum
1476 261 1780 315 tempestatibus!
1798 263 1863 302 lux
1881 266 2021 313 omnis,

226 345 335 375 mens
358 332 395 371 &
417 331 512 369 ratio
535 329 583 365 illi
602 325 782 376 eripitur,
807 333 850 363 ut
880 324 994 375 longe
1019 324 1146 370 aliter,
1168 334 1212 361 ac
1234 333 1371 361 revera
1397 321 1481 360 sunt
1508 323 1546 362 in
1565 322 1625 370 se,
1651 332 1858 373 appareant
1880 325 2022 368 omnia.

225 393 331 434 Hinc
354 400 457 431 tanta
469 385 697 438 judiciorum
724 384 760 424 δε
781 384 1007 435 opinionum
1036 383 1220 428 varietas;
1236 383 1327 421 hinc
1346 380 1494 433 oppido
1510 383 1623 434 pauci
1646 382 1716 420 suis
1734 381 1837 422 re&e
1852 393 2025 422 momen-

226 455 274 494 tis
301 451 517 504 ponderant
548 445 712 498 ssnguIa,
740 444 803 484 sed
827 456 898 495 pro
922 443 1072 482 luminis
1103 438 1249 481 accessu
1281 442 1345 481 vel
1377 439 1523 481 recessu
1556 441 1813 481 diversimode
1827 442 2021 482 aestimant.

225 511 386 562 Nempe
408 518 496 547 cum
513 505 712 544 affectibus
744 503 903 556 perinde
921 503 959 542 se
978 514 1038 542 res
1058 501 1195 548 habet,
1213 513 1257 540 ac
1277 512 1364 540 cum
1390 501 1492 540 tubis
1521 502 1681 553 opticis,
1698 503 1762 552 qui
1784 514 1857 541 una
1873 514 1921 541 ex
1942 515 2025 553 par-

226 582 266 612 te
289 567 527 621 objectorum
557 574 696 618 augent
717 563 1039 617 magnitudinem,
1062 573 1110 601 ex
1133 561 1249 600 altera
1281 562 1470 601 minuunt.
1528 559 1687 600 Eaedem
1720 561 1833 612 plane
1864 561 2026 611 crystalli

227 629 330 678 sunt,
349 642 407 668 res
430 628 516 667 visae
535 624 694 667 omnino
717 624 884 665 eaedem:
914 624 991 662 hoc
1009 632 1135 661 tamen
1155 620 1351 659 discrimen
1371 619 1445 669 est,
1476 618 1583 672 quod
1611 619 1822 660 incidentes
1853 622 1890 660 in
1911 633 2025 660 unam

225 700 374 743 partem
397 688 562 740 species,
584 684 622 725 δι
643 684 735 724 radii
757 683 915 722 visuales
936 682 955 721 a
978 692 1112 721 centro
1132 680 1179 719 ad
1198 679 1542 720 circumferentiam
1567 680 1806 728 deriventur,
1832 681 1935 720 unde
1949 693 2028 720 ma-

226 752 281 804 gis
299 750 374 789 sese
393 746 611 788 diffundunt
630 744 667 784 &
684 744 957 794 multiplicant3
980 755 1029 782 ex
1053 744 1167 781 altera
1187 748 1321 779 contra
1349 739 1371 778 e
1387 737 1695 780 circumferentia
1725 741 1952 793 colliguntur
1979 739 2027 779 ad

226 818 421 857 centrum,
441 820 484 847 ac
502 803 666 859 proinde
687 816 746 843 res
764 803 858 842 visas
879 802 982 842 haud
995 801 1125 854 paullb
1144 801 1310 839 minores
1332 798 1513 839 offerunt.
1573 799 1741 840 Tantum
1763 799 1861 839 inter
1884 810 2028 839 utrum-

227 882 303 922 que
326 867 483 909 videndi
506 865 665 906 modum
698 862 871 911 interest,
904 859 977 916 (a)
1015 861 1154 900 eodem
1180 859 1332 912 prorsus
1360 868 1537 909 tempore
1557 858 1747 913 (tametsi
1770 860 1808 899 in
1833 861 1956 912 regnis
1973 858 2027 898 di-

227 928 378 983 versis)
396 931 434 968 in
454 937 637 966 coronam
660 924 820 975 regiam,
850 922 887 961 δε
902 920 1169 961 succeffionem
1193 929 1391 971 paternam
1422 920 1703 960 convertebant
1729 919 1885 968 oculos,
1907 918 2029 958 infans

224 989 391 1042 jacobus
411 985 547 1042 Jacobi
568 982 733 1024 Secundi
760 983 980 1035 Arragoniae
1000 982 1115 1034 Regis
1133 979 1250 1029 filius,
1268 980 1305 1018 δε
1328 977 1455 1017 Infans
1471 978 1690 1029 Alphonsus
1724 979 1821 1019 filius
1849 978 2031 1029 Dionysii

223 1050 340 1101 Regis
355 1047 570 1087 Lusitaniae.
628 1040 706 1083 Sed
734 1053 827 1081 ecce
857 1039 971 1092 quam
993 1042 1127 1093 dispari
1142 1042 1289 1079 ratione
1312 1047 1357 1076 ac
1374 1037 1513 1077 modo:
1545 1039 1649 1088 prior
1670 1040 1752 1087 ille,
1774 1039 1898 1078 invito
1916 1040 2030 1078 etiam

225 1109 357 1156 Patre,
377 1105 477 1146 ultro
497 1105 664 1145 oblatam
680 1102 845 1153 respuit3
863 1103 957 1140 alter
978 1111 1113 1140 contra
1131 1099 1283 1151 pietatis
1297 1096 1380 1149 jura
1393 1128 1405 1146 ‚
1430 1098 1470 1137 vi
1497 1097 1534 1137 &
1556 1099 1666 1138 armis
1683 1109 1766 1138 eam
1789 1097 1889 1137 Patri
1905 1097 1953 1137 de
1971 1110 2031 1135 ca-

225 1170 307 1221 pite
324 1168 525 1207 detrahere
541 1161 728 1217 aggressus
746 1160 811 1201 est.
874 1160 987 1200 Unus
1012 1171 1119 1200 curas
1141 1161 1335 1211 ingentes,
1359 1157 1397 1195 &
1421 1154 1601 1209 regnandi
1621 1160 1789 1210 pericula
1811 1157 1937 1196 secum
1968 1169 2032 1196 ex-

225 1240 396 1281 ponens,
418 1223 565 1266 mundo
590 1224 720 1263 valere
737 1220 854 1273 jusso,
874 1220 995 1260 vitam
1016 1218 1284 1267 monasticam,
1308 1218 1548 1268 tranquillam
1573 1219 1691 1270 magis
1729 1214 1768 1257 δε
1789 1217 2000 1256 feliciorem
2018 1246 2032 1266 ,

226 1302 304 1341 prae
326 1283 445 1326 aulica
463 1287 599 1339 elegit,
629 1282 723 1322 alter
750 1283 853 1321 viam
873 1281 1013 1332 absque
1037 1280 1200 1332 imperio
1218 1277 1393 1318 acerbam
1410 1277 1519 1317 duxit
1548 1286 1663 1328 atque
1689 1278 1880 1325 inutilem,
1906 1277 1943 1316 &
1965 1276 2033 1316 do·

228 1347 397 1389 minandi
412 1345 608 1385 libidinem
641 1352 784 1383 naturae
808 1341 881 1392 juri
911 1341 1100 1381 antetulit.
1159 1339 1272 1378 Unus
1299 1339 1336 1376 in
1366 1348 1520 1376 coronae
1551 1336 1917 1383 circumferentiam,
1948 1348 2032 1387 quoe

228 1406 382 1460 aspectu
401 1405 569 1457 jucunda
603 1404 641 1443 in
667 1402 782 1442 flores
810 1400 966 1449 desinit,
1001 1399 1225 1439 intendebat
1247 1399 1399 1437 oculos:
1430 1399 1523 1436 alter
1559 1395 1746 1448 punctum
1760 1396 1890 1449 potins
1910 1396 2028 1435 consi-

228 1467 404 1514 derabat,
436 1466 473 1505 &
500 1474 696 1512 centrum,
725 1460 747 1500 ὲ
769 1473 848 1511 quo
865 1461 1040 1499 laborum
1070 1460 1107 1499 δε
1124 1470 1297 1498 curarum
1318 1457 1509 1495 ducuntur
1524 1457 1646 1496 lineae.

380 1526 452 1580 (b)
483 1524 680 1577 §.Omnia
714 1519 870 1573 quidem
900 1522 973 1575 ejus
1005 1519 1098 1573 quod
1108 1516 1248 1571 speciem
1272 1518 1348 1558 bom'
1357 1514 1532 1568 ρνιιζῗὲνῑ,
1552 1518 1674 1568 gratia
1697 1528 1805 1555 omnes
1835 1522 1964 1568 agunt,
1996 1525 2034 1553 at

228 1589 315 1639 quia
336 1588 372 1626 in
390 1585 470 1637 ejus
498 1585 690 1636 agnitione
721 1580 904 1627 fallimur,
936 1580 1025 1618 hinc
1055 1590 1174 1623 error,
1235 1577 1371 1616 Omnis
1399 1575 1525 1614 nostra
1555 1577 1752 1627 potentia,
1786 1576 2033 1626 quantumvis

228 1659 385 1700 magna,
401 1646 514 1684 nobis
531 1643 687 1682 videtur
711 1640 869 1690 exigua3
898 1640 1017 1678 aliena
1045 1650 1200 1688 contra,
1231 1636 1381 1689 grandis
1406 1635 1614 1675 admodum
1640 1636 1827 1686 &ampla
1890 1632 2036 1673 Nostra

227 1718 307 1747 non
347 1704 582 1757 agnoscimus
604 1702 718 1745 vitia,
745 1700 905 1736 aliorum
931 1696 1044 1736 facile
1070 1700 1273 1738 cernimus
1334 1694 1525 1733 Defeftus
1553 1696 1662 1733 alieni
1683 1696 1876 1747 gigantum
1902 1694 2037 1732 viden-

227 1776 288 1806 tur
309 1764 467 1815 simile33
491 1761 608 1802 nostri
640 1760 706 1798 vix
736 1757 991 1809 pumilionum
1020 1753 1132 1795 instar
1165 1754 1277 1794 nobis
1297 1762 1493 1805 apparent.
1555 1753 1662 1805 Quin
1692 1755 1784 1792 vitia
1808 1753 1884 1804 ipsa
1916 1753 2035 1792 virtu-

227 1835 311 1866 tum
334 1826 467 1863 colore
488 1819 624 1860 dextre
646 1819 827 1869 tegimus:
863 1817 1022 1854 ambitio
1039 1815 1113 1863 est,
1132 1815 1169 1853 &
1190 1814 1303 1853 animi
1328 1811 1587 1851 excelsitatem
1611 1814 1928 1864 interpretamur;
1953 1823 2037 1850 cru-

227 1884 447 1930 deliratem,
473 1878 680 1931 justitiam3
714 1872 1001 1926 profusionem,
1030 1874 1316 1917 liberalitaten13
1343 1871 1628 1916 temeritatem,
1656 1870 1925 1912 fortitudinem
1961 1869 2036 1910 esse

227 1946 424 1985 volumus.
485 1939 553 1993 (c)
583 1937 699 1978 Pauci
712 1934 852 1974 scilicet
867 1932 1059 1986 prudentia
1076 1930 1209 1984 honesta
1222 1933 1245 1971 ὰ
1263 1929 1509 1977 deterioribus,
1532 1928 1632 1969 utilia
1644 1928 1689 1968 ab
1703 1932 1811 1969 noxiis
1836 1928 2035 1980 discernunt.

226 2007 280 2045 ita
306 2000 490 2050 fallimur,
515 1999 544 2040 s1
573 2010 642 2051 per
665 1995 765 2036 illam
792 1993 876 2032 tubi
906 2002 1080 2045 partem,
1108 1993 1175 2032 ubi
1204 1989 1363 2031 affeetus
1394 1989 1431 2028 ἃ
1453 1988 1637 2038 paffiones
1667 1986 1841 2038 obstant,
1859 2001 1918 2028 res
1945 2002 2038 2028 con-

230 2074 417 2105 tueamur.
478 2060 569 2100 Sola
584 2055 763 2098 benificia
782 2053 924 2104 duplici
947 2054 1011 2092 illo
1044 2052 1184 2100 modo,
1209 2052 1273 2102 qui
1302 2059 1418 2102 auget
1450 2048 1591 2099 pariter
1617 2044 1654 2086 &
1681 2049 1838 2098 minuit,
1865 2048 2038 2088 conside-

232 2124 348 2165 randa
366 2121 463 2166 sunt.
525 2118 582 2159 Ea
602 2129 687 2169 quae
714 2114 942 2165 accipimus,
965 2111 1118 2165 grandia
1134 2111 1247 2151 nobis
1267 2109 1414 2161 semper
1443 2107 1565 2146 videri
1592 2106 1758 2156 debent,
1786 2121 1870 2160 quae
1890 2108 1927 2148 in
1944 2110 2037 2148 alios

230 2183 488 2229 conferimus,
509 2180 656 2230 exigua.
720 2173 793 2228 (d)
825 2172 880 2212 Ita
900 2173 988 2212 Rex
1014 2170 1207 2211 Henricus
1233 2171 1403 2225 Quartus
1433 2167 1713 2214 consueverat,
1744 2169 1863 2209 immo
1893 2167 2039 2208 benefi-

230 2244 380 2284 ciorum
399 2241 627 2281 collatorum
646 2238 684 2276 in
703 2235 795 2274 alios
824 2244 873 2272 ne
891 2228 1100 2272 meminisse
1118 2231 1273 2284 quidem
1290 2230 1456 2276 solebat‚·
1489 2237 1639 2276 contra,
1667 2240 1751 2279 quae
1779 2229 1855 2280 ipsa
1875 2228 2047 2280 accepis-i

229 2306 306 2352 set,
324 2301 346 2342 ὲ
375 2295 561 2340 memoria
590 2297 745 2337 effluere
758 2305 953 2344 nunquam
969 2292 1137 2340 sinebat,
1164 2293 1203 2331 in
1232 2291 1271 2331 id
1287 2288 1399 2330 unice
1427 2291 1621 2337 intentus,
1656 2298 1699 2328 ut
1720 2290 1902 2341 gratiam,
1936 2289 2039 2340 quasi

229 2362 404 2403 debitum
434 2358 546 2407 ess'et,
577 2367 691 2409 quam
720 2355 885 2406 primum
910 2352 1139 2395 exsolveret,
1199 2351 1268 2391 Ne
1297 2349 1364 2389 sibi
1390 2350 1613 2400 imaginetur
1630 2347 1831 2399 Princeps,
1856 2347 2038 2387 benefici-

229 2435 322 2471 um,
349 2419 455 2473 quod
476 2419 647 2471 largitur,
676 2413 855 2465 mancipii
876 2414 983 2452 velut
1005 2421 1138 2451 notam
1164 2411 1238 2452 effe
1260 2413 1299 2451 in
1324 2421 1395 2458 eo,
1423 2410 1488 2461 qui
1512 2408 1602 2448 illud
1631 2409 1780 2459 accipit.
1843 2407 1941 2447 Non
1963 2420 2036 2460 ego

232 2495 318 2524 eam
344 2478 645 2521 munificentiam
666 2475 853 2522 dixerim,
872 2472 937 2513 sed
968 2470 1208 2521 tyrannidem
1225 2471 1377 2523 potius,
1403 2468 1439 2508 δε
1461 2468 1649 2520 quendam
1675 2466 1778 2519 quasi
1805 2477 2037 2516 mercatum,

231 2554 311 2596 quo
340 2542 586 2588 voluntates,
615 2535 719 2576 haud
742 2535 849 2574 secus
884 2544 928 2572 ac
951 2532 1140 2584 mancipia
1179 2529 1325 2571 servilia
1349 2531 1387 2569 in
1416 2529 1576 2569 Guineae
1598 2529 1807 2576 littoribus,
1835 2529 2037 2580 gratiarum

232 2604 361 2656 pretio
382 2600 565 2651 Princeps
596 2604 843 2639 mercaretur.
902 2593 982 2646 Qui
1013 2591 1077 2631 dat
1106 2591 1359 2638 beneficium,
1386 2588 1598 2628 existimare
1621 2600 1700 2626 non
1726 2588 1863 2635 debet,
1896 2588 2035 2638 obliga-

232 2664 380 2703 tionem
401 2660 437 2700 se
458 2659 673 2712 imponere.
735 2655 769 2694 Is
787 2655 851 2707 qui
870 2654 1037 2704 accipit,
1064 2650 1286 2691 obstriffitum
1307 2649 1343 2689 se
1372 2649 1513 2689 credat.
1574 2647 1754 2701 Princeps
1782 2648 1912 2687 Deum
1936 2648 2038 2698 poti-

235 2722 279 2763 hs
298 2723 489 2768 imitetur,
520 2716 586 2773 (c)
617 2720 678 2769 qm'
692 2715 754 2755 dat
777 2712 926 2754 omnihus
938 2709 1136 2764 affluenter,
1157 2710 1209 2756 &⁹
1227 2724 1291 2751 non
1309 2712 1527 2761 improperat.

415 2778 449 2831 §.
482 2778 524 2818 In
554 2774 796 2828 suscipiendis
813 2805 824 2822 ,
849 2773 1096 2826 gerendisque
1124 2773 1256 2817 bellis,
1273 2772 1310 2809 in
1330 2782 1425 2821 pace
1441 2765 1675 2808 concilianda
1698 2766 1735 2807 ἃ
1758 2764 2036 2813 conservanda3

232 2842 273 2882 in
294 2838 435 2889 injuriis
456 2849 534 2878 tam
563 2837 696 2884 illatis,
713 2846 827 2887 quam
855 2834 1045 2884 acceptis;
1064 2831 1193 2871 iisdem
1210 2830 1357 2882 semper
1383 2828 1497 2869 rectae
1522 2830 1677 2867 rationis
1701 2835 1826 2866 utatur
1847 2825 2038 2876 perspicil-

233 2903 298 2950 lis,
320 2911 390 2951 per
413 2911 497 2949 quae
514 2898 725 2949 aequaliter,
752 2895 829 2934 sine
859 2893 951 2933 suco
975 2892 1011 2930 &
1032 2890 1186 2930 fallaciis
1217 2890 1357 2942 singula
1384 2889 1526 2929 videat.
1589 2887 1797 2927 Neminem
1824 2885 1883 2924 illa
1914 2886 1950 2924 in
1980 2896 2036 2923 re-

234 2972 318 3001 rum
341 2957 586 2998 aestimatione
607 2955 861 2995 indifferentia
881 2953 918 2992 &
935 2950 1074 3004 justitia
1091 2951 1206 3002 magis
1225 2950 1337 2989 decet
1354 2962 1397 2988 ac
1419 2950 1633 3002 Principem
1647 2977 1659 2995 ,
1680 2948 1743 2996 qui
1765 2947 1801 2983 in
1818 2956 1936 2996 regno
1969 2944 2035 2983 suo

234 3018 409 3073 praestare
436 3017 475 3056 id
507 3017 646 3065 debet,
671 3014 778 3067 quod
808 3025 970 3053 examen
1000 3012 1037 3050 in
1069 3012 1227 3059 trutina,
1253 3010 1495 3062 proindeque
1516 3010 1566 3050 de
1594 3009 1707 3048 rebus
1735 3005 1911 3044 omnibus
1932 3002 2037 3043 redte

1968 3063 2038 3103 sm·

1782 3160 1831 3167 —a

341 3208 397 3253 (a)
423 3208 513 3243 Mar.
531 3204 620 3243 Hist.
636 3204 735 3253 Hisp.
768 3205 790 3240 l.
814 3216 869 3248 15.
892 3216 922 3240 c.
946 3207 1002 3239 16.
1054 3201 1114 3248 (b)
1141 3199 1243 3236 Arist.
1265 3200 1287 3236 l.
1320 3213 1348 3236 1.
1368 3199 1475 3237 Polit.
1531 3197 1595 3247 (c)
1621 3194 1737 3231 Tacit.
1756 3193 1817 3229 lib.
1847 3206 1882 3242 4.
1903 3190 2036 3230 Annal.

237 3259 299 3309 (d)
325 3261 415 3295 Mar.
434 3259 522 3295 Hist.
543 3257 680 3306 Hisp.l.
706 3268 764 3295 22.
789 3268 864 3303 cap.
893 3268 923 3292 1.
978 3257 1033 3302 (e)
1059 3255 1129 3301 Jac.
1168 3265 1195 3287 1.
1224 3265 1257 3296 5.
