2132 3730
256 262 343 305 228
687 248 1035 294 DIDACI
1095 246 1624 294 SAAVEDRAE

255 354 318 382 ma
337 343 480 395 regium
497 369 510 389 ,
539 338 652 376 etiam
664 335 744 386 joci
764 331 876 374 caus&
893 335 1008 386 capiti
1025 333 1164 373 subditi
1185 334 1432 387 impositum,
1455 333 1638 386 superbiae
1662 335 1717 376 est
1748 335 1902 378 occasio
1919 365 1932 385 ,
1963 334 2066 375 &su-

257 402 451 442 blimiores
476 400 513 438 in
530 407 580 435 eo
610 395 866 446 cogitationes
894 394 1051 437 excitat.
1112 393 1271 435 Animus
1291 393 1442 435 Subditi
1473 396 1639 448 experiri
1671 407 1751 436 non
1792 397 1911 438 debet
1941 395 2070 448 supre-

256 460 475 502 mamillam
503 452 735 507 majestatem
758 454 797 495 &
816 453 1029 507 imperandi
1046 448 1204 506 gloriam
1222 467 1232 493 :
1260 453 1375 495 facile
1397 456 1499 497 enim
1519 468 1590 509 per
1604 455 1761 497 abusum
1793 459 1894 499 illam
1916 458 2070 509 usurpat
2115 462 2116 465 ’

256 519 390 573 postea
409 547 422 566 ‚
452 516 490 557 &
508 527 559 556 ne
576 514 624 555 ad
649 525 739 555 eum
759 546 771 564 ,
799 514 823 555 ἐι
846 526 925 568 quo
944 514 1095 565 accepit
1112 545 1125 563 ,
1152 523 1368 555 revertatur
1384 545 1398 564 ‚
1429 515 1578 557 insidias
1597 518 1648 557 illi
1678 516 1784 560 struit
1805 548 1818 568 ,
1849 520 1887 560 &
1909 518 2070 558 exitium

261 579 510 620 machinatur.
572 574 618 617 In
630 586 711 617 uno
728 575 811 617 solo
836 576 966 629 capite
988 574 1151 616 recitant
1172 573 1283 615 sacrae
1299 576 1438 627 litem,
1456 586 1634 629 ¹quatuor
1655 577 1893 623 diversorum
1916 579 2071 632 Regum

249 2048 430 2103 exemp&
451 2057 465 2099 ‚·
510 2049 577 2101 qui
600 2046 797 2090 servorum
823 2046 976 2096 suorum
1001 2047 1176 2088 manibus
1196 2044 1376 2088 interiere
1399 2077 1412 2097 ,
1443 2045 1550 2100 qubd
1576 2045 1688 2087 altius
1710 2057 1779 2087 eos
1799 2077 1813 2097 ,
1844 2059 1889 2087 ac
1909 2055 2069 2100 oporte-

248 2111 344 2159 bat,
374 2107 599 2154 evexiffent.
657 2108 782 2150 Etiam
810 2107 1026 2157 Salomon„
1056 2118 1193 2147 caetera
1223 2107 1504 2159 stipientiffimus
1524 2137 1538 2156 ‚
1569 2106 1666 2146 istud
1700 2108 1879 2147 inccurrit
1918 2111 2069 2160 pericu·

249 2171 330 2210 lum
346 2201 356 2217 ‚
385 2168 590 2223 postquam
616 2169 848 2209 tributorum
868 2169 1042 2208 omnium
1061 2164 1288 2207 Praefthum
1317 2166 1591 2218 Jeroboamum
1610 2166 1685 2220 (a)
1709 2165 1975 2218 constituerat,
2002 2167 2069 2218 qui

250 2227 373 2282 spreta
397 2230 485 2270 dein
504 2230 622 2282 Regis
663 2227 892 2269 aufikoritate
912 2257 926 2277 ‚
955 2237 1092 2267 contra
1110 2225 1230 2279 ipsum
1260 2227 1336 2267 sese
1350 2227 1454 2279 gessit
1472 2226 1553 2279 (b)
1581 2226 1811 2268 insolentius.
1874 2226 1970 2267 IiIud
1999 2228 2069 2266 ita-

251 2301 329 2343 que
355 2289 554 2342 diligenter
581 2298 744 2329 caveant
769 2288 963 2339 Principes
985 2317 998 2336 ‚
1029 2286 1066 2326 &
1080 2299 1153 2339 pro
1174 2288 1301 2336 regula
1327 2283 1444 2326 status
1462 2286 1628 2326 habeant
1648 2315 1660 2334 ‚
1690 2299 1740 2327 ne
1758 2297 1872 2338 quem
1891 2299 1970 2339 prae
1988 2287 2069 2326 aliis

250 2350 410 2390 nimium
436 2346 592 2390 eievent
613 2361 626 2395 ς
655 2347 791 2400 quodsi
814 2349 864 2388 ita
879 2346 961 2387 fieri
980 2345 1094 2399 plane
1110 2345 1302 2386 necessum
1319 2344 1457 2396 fuerit,
1486 2347 1704 2398 complures
1727 2347 1813 2393 sint,
1833 2355 1874 2386 ut
1895 2358 1990 2386 urus
2003 2347 2068 2386 al:-

251 2422 319 2450 um
334 2410 530 2450 contineat
548 2410 586 2447 in
609 2408 738 2448 officio
760 2438 774 2457 ‚
803 2407 841 2447 &
864 2406 931 2460 ipsi
950 2408 1049 2446 inter
1073 2406 1134 2454 se,
1176 2405 1269 2457 quid
1294 2407 1456 2458 quisque
1474 2415 1563 2458 -agat
1581 2435 1594 2456 ,
1625 2405 1662 2445 &
1699 2407 1878 2446 moliatur
1894 2436 1906 2453 ‚
1937 2406 2066 2446 obser-

252 2479 361 2510 vent.
447 2467 517 2522 (c)
548 2466 663 2508 Hanc
680 2467 878 2507 Politicam
906 2466 1012 2520 (nisi
1032 2462 1156 2506 forsan
1180 2466 1217 2505 id
1233 2466 1415 2506 excusare
1436 2466 1547 2518 poffit
1584 2465 1816 2520 necesfitas')
1848 2466 1950 2506 haud
1980 2466 2067 2506 satis

252 2528 440 2582 expendit
472 2527 733 2568 Perdinandus
752 2526 954 2566 Secundus
980 2526 1212 2578 Imperator,
1236 2525 1391 2577 quando
1414 2524 1626 2566 absolutam
1655 2538 1844 2568 armorum
1865 2556 1878 2576 ‚
1909 2525 1947 2566 δι
1974 2524 2066 2566 Pro-

252 2591 463 2630 vinciarum
497 2588 645 2628 suarum
674 2585 1056 2634 administrationem,
1088 2586 1233 2637 absque
1260 2588 1411 2626 recursu
1435 2586 1482 2626 ad
1511 2585 1612 2625 suam
1638 2585 1846 2626 Caesaream
1884 2584 2065 2638 Majesta·

251 2659 352 2697 tem,
380 2646 604 2688 Fridlandiae
633 2647 738 2687 Duci
774 2645 985 2694 commisit,
1014 2645 1117 2685 unde
1140 2655 1200 2686 tot
1236 2657 1281 2684 ac
1311 2655 1414 2685 tanta
1440 2647 1609 2697 pericula
1638 2655 1753 2698 arque
1784 2645 2063 2692 incommoda
2103 2679 2105 2681 .

251 2720 417 2760 quorum
437 2709 647 2748 maximum
673 2706 764 2747 illud
792 2705 887 2755 fuit,
921 2706 1027 2757 quod
1053 2703 1156 2746 tant-fi
1189 2702 1250 2746 ina
1267 2704 1407 2758 gratia,
1437 2706 1474 2746 δι
1500 2703 1692 2758 potestate
1724 2702 1827 2746 tant&
1863 2704 1912 2745 iili
1937 2703 2062 2745 Heroi
2102 2722 2105 2744 ·,

253 2768 341 2807 data
366 2766 481 2807 fuerit
498 2767 653 2807 occasio
661 2797 676 2816 ,
708 2763 781 2818 qu&
799 2767 916 2807 semet
935 2765 1013 2819 ipse
1030 2765 1221 2817 perderet.
1311 2765 1402 2805 Nec
1424 2766 1617 2817 Principes
1646 2774 1807 2806 moveat
1836 2766 2058 2817 exemplum
2102 2760 2105 2799 ἶ

251 2827 483 2875 Pharaonis,
513 2828 577 2877 qui
592 2839 749 2867 omnem
770 2828 869 2867 suam
892 2825 1122 2879 potestatem
1143 2827 1282 2877 regiam
1303 2824 1472 2878 Josepho
1491 2826 1643 2877 largitus
1674 2826 1749 2880 (d)
1781 2823 1855 2873 est,
1885 2834 1970 2875 quae
2000 2833 2062 2865 to.
2100 2843 2104 2882 g

252 2888 328 2928 tius
349 2888 455 2939 regni
470 2886 562 2926 salus
577 2885 670 2926 fuit:
698 2886 886 2939 josephus
902 2888 1004 2927 enim
1021 2885 1158 2927 Christi
1178 2883 1251 2925 fuit
1271 2885 1511 2935 symbolum,
1542 2885 1579 2925 δι
1596 2887 1708 2937 pauci
1729 2887 1788 2927 his
1809 2882 1943 2924 nostris
1960 2892 2059 2925 tem·

1988 2957 2061 2997 ΡΟ·

346 3064 407 3108 (a)
437 3059 557 3098 thens
577 3063 730 3098 Salomon
759 3059 1003 3108 adolestcntem
1027 3058 1112 3096 bonae
1127 3057 1252 3096 indolis
1264 3085 1273 3098 ,
1296 3056 1341 3101 όν
1360 3056 1570 3111 indqstrium
1592 3053 1817 3107 constituerat
1838 3066 1916 3089 eum
1937 3051 2062 3105 Praefi-
2100 3038 2102 3072 ἓ

252 3114 351 3150 elam
366 3111 471 3164 staper
492 3110 634 3150 tributa
654 3113 820 3159 univers&
839 3113 958 3151 domus
976 3110 1112 3165 Jofiph.
1144 3124 1176 3158 3.
1193 3113 1284 3159 Reg.
1309 3123 1321 3147 1
1335 3123 1365 3147 ι.
1394 3117 1455 3152 28·
1510 3110 1571 3157 (b)
1597 3108 1761 3145 Levavit
1777 3119 1923 3143 manum
1934 3116 2060 3144 contra

252 3170 389 3215 Regem.
422 3179 453 3212 3.
470 3168 561 3215 Reg.
586 3178 642 3202 11.
663 3171 725 3203 26.
776 3170 834 3214 (c)
860 3164 1052 3218 Est-autem
1074 3164 1182 3201 omnis
1200 3160 1412 3200 Monarchiae
1429 3163 1549 3200 cautio
1570 3160 1777 3199 communis,
1805 3159 1976 3196 neminem
1988 3157 2060 3209 fa—
2099 3176 2101 3181 ¹

251 3228 327 3252 cere
346 3219 451 3254 nimis
473 3231 658 3271 magnum„
684 3227 750 3254 aut
775 3217 865 3254 cert}
881 3218 979 3270 plus,
1003 3219 1109 3270 quaint
1125 3228 1233 3252 unum
1249 3214 1395 3265 facere:
1421 3214 1486 3268 ipsi
1508 3214 1601 3251 enim
1621 3213 1716 3248 inter
1727 3209 1785 3257 sb,
1812 3209 1900 3264 quid
1915 3212 2060 3264 quisque
2098 3256 2100 3261 ι

255 3278 347 3319 agat
368 3267 567 3315 obfirvant.
594 3270 699 3307 Arist.
715 3270 823 3307 Polit.
844 3270 904 3306 lib.
926 3283 957 3315 5.
981 3281 1036 3307 n.
1088 3269 1150 3314 (d)
1184 3269 1229 3304 Ἱὶι
1244 3269 1313 3305 eris
1325 3265 1430 3318 staper
1448 3266 1588 3304 domum
1603 3276 1737 3304 meam·
1762 3261 1809 3306 ὦ
1829 3263 1882 3300 ad
1900 3264 1959 3300 tus·
1986 3265 2058 3310 oris,
2098 3276 2100 3300 ἰ

250 3320 436 3373 &aperiam
458 3323 600 3361 cum‘Jus
608 3321 750 3378 populus
769 3319 919 3360 obediet:
943 3336 1009 3359 uno
1031 3330 1176 3358 tautum
1198 3322 1303 3373 regni
1305 3319 1391 3369 filio
1407 3329 1446 3356 te
1458 3315 1657 3372 precedam.
1684 3317 1812 3356 Ceness
1830 3329 1894 3367 4¹·
1912 3327 1977 3368 40.
