2132 3730
485 253 1464 296 SYMBOLAPOLJTJCA.
1772 267 1853 310 343

62 341 166 392 pacis
182 339 248 379 usu
268 339 355 377 belli
385 338 504 375 oblita
526 337 735 376 videretur.
795 334 864 375 Ne
888 337 1040 388 quidem
1068 336 1221 389 quando
1239 350 1324 377 curn
1355 339 1445 377 viris
1470 337 1492 376 ὲ
1509 337 1709 389 prudentia
1731 337 1857 376 lauda-

63 400 110 438 tis
135 400 253 451 agitur
270 427 281 445 ‚
312 407 457 436 certum
483 394 537 434 est
560 398 708 447 semper
728 394 912 445 judicium
934 397 970 436 &
997 395 1215 448 conjettura
1235 426 1247 444 ‚
1278 409 1390 448 quam
1408 396 1456 436 de
1480 396 1692 437 actionibus
1719 409 1858 437 eorun-

4 507 5 510 ,
61 457 150 498 dem
165 469 213 497 ex
234 458 451 508 praescripto
472 456 586 495 etiam
614 456 771 495 rationis
801 456 838 496 &
864 456 1076 508 prudentiae
1092 457 1356 507 concipimus:
1387 457 1578 498 interdum
1603 459 1704 498 enim
1725 457 1857 510 passio-

3 525 5 570 ]
59 529 110 559 ne
133 546 144 565 ,
175 525 239 555 aut
257 516 397 556 affe&u
417 515 454 555 se
477 515 603 555 sinunt
620 515 769 567 abripi3
800 515 838 555 ὅτ.
858 516 1129 568 prudentissimi
1151 517 1293 567 quique
1310 518 1497 556 maximos
1522 517 1681 557 subinde
1704 518 1859 557 submit.

3 607 5 624 2
58 585 146 616 tunt
171 587 343 626 errores,
376 577 463 627 quia
484 586 533 615 ex
556 587 655 615 vana
683 575 847 627 quadam
877 576 927 616 de
955 577 992 616 se
1019 576 1314 628 praesumptione
1344 589 1474 616 curam
1507 578 1751 622 sufficientem
1778 589 1859 617 non

3 630 7 674 ζ·
59 632 243 675 adhibent
260 666 273 685 ,
302 644 366 675 aut
378 635 523 675 nimum
554 636 628 675 suae
644 635 847 676 confidunt
865 637 1052 689 sapientiae
1073 665 1085 685 ‚
1117 634 1191 687 qud
1215 635 1326 676 facile
1354 639 1392 677 in
1417 639 1520 676 viam
1542 639 1664 678 redire
1687 638 1724 677 se
1751 635 1860 690 posse

58 695 310 745 arbitrantur,
343 695 411 735 etsi
428 697 544 747 paulo
570 694 745 748 longius,
769 695 893 748 quam
919 698 1093 748 oportuit
1110 724 1123 743 ,
1152 696 1289 736 alicubi
1315 695 1578 748 processerint.
1663 697 1859 738 Nonnun-

0 750 7 796 5}
57 767 170 807 quam
199 757 312 796 etiam
329 755 488 796 eosdem
508 754 643 796 fallunt
668 767 712 794 ea
726 786 738 805 ‚
769 769 853 809 quae
872 756 940 808 ipsi
959 756 1259 808 praesupponunt
1281 787 1293 805 ‚
1323 767 1476 810 tempus
1492 787 1506 806 ‚
1536 757 1574 796 δε
1598 767 1763 797 eventus
1780 758 1860 802 alit:

0 815 6 859 i
58 827 174 866 quare
195 816 412 856 tutissimum
429 817 500 856 erit
521 845 534 865 ,
564 816 670 855 suum
691 815 840 868 semper
856 816 1082 867 suspendere
1096 815 1281 867 judicium
1301 818 1340 856 in
1361 818 1404 856 iis
1421 847 1433 865 ,
1464 829 1548 869 quae
1573 818 1620 857 ab
1638 819 1762 857 alieno
1794 817 1854 857 de·

0 861 8 959 ἱ
57 875 228 927 pendent
244 876 397 915 arbitrio
416 907 429 925 ‚
458 887 532 917 nec
548 874 640 915 illud
659 876 849 916 moderari
868 877 970 915 velle
998 875 1202 928 prudentia
1221 877 1282 915 sua
1302 879 1480 930 propria:
1499 877 1658 929 quilibet
1675 879 1777 917 enim
1792 888 1863 930 pe-

0 964 5 990 3
58 936 215 975 culiares
243 936 323 975 suas
353 937 470 975 habet
496 937 662 976 rationes
681 966 694 986 ,
724 939 873 988 ignotas
901 936 979 974 aliis
999 966 1011 984 ,
1043 935 1081 975 &
1115 946 1257 975 naturae
1291 938 1363 978 suae
1391 949 1576 989 congruas
1595 969 1607 988 ‚
1638 938 1776 988 quibus
1810 935 1861 976 ad

0 974 9 1242 ι
57 995 246 1048 agendum
267 997 482 1047 impellitur.
546 996 668 1049 Quod
693 997 759 1036 uni
778 997 888 1036 alicui
909 996 1063 1035 videtur
1091 997 1316 1048 impoffibile
1333 1027 1345 1045 ‚
1388 999 1481 1037 alius
1513 996 1617 1037 factu
1638 997 1861 1037 facillimum

52 1055 208 1107 Judicat.
271 1055 362 1096 Nec
386 1055 519 1095 desunt
546 1058 721 1108 ingenia,
753 1068 837 1108 quae
864 1055 1342 1109 periculosissimaquaeque
1359 1066 1505 1098 tentare
1527 1058 1704 1098 audeant.
1763 1056 1861 1097 Sunt

57 1117 335 1167 quaerationem
361 1126 488 1156 ament
511 1129 523 1163 3
554 1116 761 1156 suntetiam
774 1129 858 1167 quae
880 1116 1041 1155 eandem
1061 1118 1222 1156 omnino
1239 1117 1447 1170 defugiant.

210 1175 245 1227 §.
277 1177 390 1216 Artes
412 1176 665 1216 occultiffimae
680 1174 871 1224 hostium,
893 1186 958 1215 aut
975 1188 1110 1215 eorum
1125 1206 1138 1225 ‚
1170 1178 1234 1228 qui
1256 1177 1322 1216 sub
1346 1178 1519 1217 amicitiae
1540 1176 1666 1229 specie
1688 1186 1862 1216 commo-

58 1236 113 1274 dis
130 1236 200 1275 suis
220 1238 377 1286 privatis
394 1236 591 1276 consulere
612 1237 782 1289 satagunt
796 1267 808 1285 ,
829 1248 883 1275 eae
901 1236 1132 1276 Potissimum
1151 1237 1234 1275 sunt
1252 1267 1263 1286 ‚
1296 1238 1433 1289 quibus
1453 1247 1530 1276 tam
1548 1235 1683 1276 callide
1706 1238 1862 1288 negotia

55 1307 281 1348 proponere
305 1292 447 1335 norunt
474 1295 639 1348 Principi
664 1306 707 1335 ut
729 1309 809 1336 non
826 1296 896 1336 nisi
919 1298 956 1336 in
979 1297 1057 1347 ejus
1077 1298 1381 1338 emolumentum
1407 1296 1621 1337 redundare
1638 1295 1860 1344 videantur,

57 1367 142 1407 quae
156 1354 282 1393 eidem
301 1356 419 1394 exitio
439 1355 523 1393 sunt
539 1357 681 1407 potius.
742 1357 832 1408 Qua
848 1358 886 1394 in
907 1368 947 1394 re
967 1355 1079 1394 facile
1106 1356 1186 1407 eJ'us
1209 1356 1398 1409 decipitur
1419 1357 1592 1409 probitas
1612 1356 1816 1408 praesertim
1834 1356 1861 1394 si

57 1424 122 1454 aut
140 1410 375 1466 experienti&
391 1422 538 1462 careat,
563 1423 628 1452 aut
644 1416 795 1465 ignoret
816 1444 827 1462 ,
861 1414 940 1464 quo
965 1416 1024 1453 alii
1042 1416 1252 1454 colliment.
1345 1416 1477 1468 Quare
1499 1427 1634 1467 magna
1660 1415 1864 1467 prudentia

58 1476 346 1524 attentioneque
363 1486 462 1525 opus
478 1472 554 1523 est,
585 1482 629 1512 ut
650 1485 772 1524 prava
796 1472 952 1513 consilia
973 1475 1012 1513 in
1030 1473 1308 1514 consulentium
1327 1475 1507 1514 damnum
1527 1484 1742 1515 convertat.

225 1532 260 1584 §.
291 1532 459 1573 Tametsi
475 1532 573 1573 vero
591 1531 758 1572 hostium
774 1533 929 1572 consilia
947 1533 1211 1573 ratiocinando
1233 1537 1424 1586 penetrari
1439 1535 1607 1584 soleant,
1625 1533 1784 1587 expedit
1807 1542 1860 1573 ta-

57 1604 146 1633 men
175 1604 220 1631 ea
239 1593 352 1631 etiam
369 1591 594 1645 investigare
617 1603 686 1643 per
695 1593 961 1643 exploratores
980 1622 991 1639 ,
1021 1595 1215 1644 praecipua
1231 1595 1411 1646 regnandi
1427 1593 1673 1634 instrumenta
1691 1594 1768 1634 fine
1779 1594 1861 1645 qui-

57 1653 129 1691 bus
159 1651 313 1691 Corona
344 1664 416 1691 nec
439 1653 523 1692 satis
554 1652 683 1693 secura
706 1650 781 1691 esse
811 1651 964 1703 potest,
994 1665 1068 1692 nec
1093 1654 1373 1693 incrementum
1409 1654 1556 1694 sumere
1581 1683 1594 1701 ‚
1623 1666 1696 1693 nec
1715 1654 1860 1694 bellum

7 1763 9 1766 .
58 1713 129 1752 rite
147 1711 402 1751 administrari.
464 1712 505 1750 Id
534 1711 641 1762 quod
661 1713 698 1751 in
733 1711 894 1752 Vitellio
915 1714 1112 1765 culpatum
1136 1711 1210 1752 fuit
1238 1743 1252 1762 ‚
1285 1722 1425 1765 utpote
1449 1712 1534 1770 (a)
1555 1716 1675 1766 ignaro
1698 1713 1825 1753 militia?
1849 1744 1860 1760 ,

58 1771 244 1824 improvido
264 1770 380 1821 consilii
398 1773 476 1825 quis
494 1770 574 1811 ordo
600 1774 759 1824 agminis,
778 1786 856 1825 quae
870 1785 957 1811 cura
977 1771 1176 1824 explorandi
1189 1803 1202 1821 ,
1232 1781 1386 1826 quantus
1402 1772 1550 1826 urgendo
1568 1772 1779 1813 trahendove
1795 1771 1862 1812 bel-

7 1860 9 1863 .
59 1833 87 1872 lo
113 1831 238 1871 modus.
297 1830 348 1870 Et
364 1829 448 1871 sane
471 1842 654 1883 quantum
676 1841 817 1871 noceat
834 1830 900 1871 ista
919 1833 1093 1884 ignorare
1109 1862 1121 1880 ,
1154 1831 1257 1872 testis
1275 1831 1350 1872 ess'e
1367 1832 1494 1886 potest
1516 1832 1743 1880 Germania3
1766 1832 1862 1871 mul-

59 1901 107 1931 tae
126 1890 289 1944 insignes
304 1902 433 1931 rerum
451 1891 552 1931 bene
568 1890 818 1943 gerendarum
844 1892 1003 1943 perditae
1029 1889 1139 1932 fuere
1161 1892 1408 1941 occasiones,
1439 1893 1547 1932 miles
1571 1893 1669 1945 saepe
1694 1894 1733 1932 in
1758 1890 1858 1931 stati-

58 1953 119 1992 vis
139 1951 212 1991 suis
236 1950 435 2003 inopinato
454 1950 651 2003 oppressus
671 1981 683 2000 ,
713 1951 792 1990 hoc
804 1951 886 1990 solo
907 1953 1085 2000 nomine,
1107 1951 1214 2003 quod
1239 1952 1394 1992 consilia
1417 1953 1603 1993 &itinera
1627 1951 1793 1992 hostium
1811 1951 1863 1990 sa-

7 2006 9 2009 ’
59 2013 106 2050 tis
125 2011 323 2061 explorata
344 2022 424 2050 non
446 2011 616 2050 haberet.
673 2008 786 2062 Josue
804 2009 874 2065 (b)
905 2013 1193 2063 exploratorum
1208 2012 1386 2051 utebatur
1404 2024 1523 2063 opera
1539 2042 1550 2062 ,
1568 2011 1717 2052 tametsi
1750 2010 1863 2050 Deus

59 2071 138 2123 ipse
156 2082 348 2110 armorum
378 2069 474 2109 illius
497 2082 626 2110 curam
644 2079 806 2123 gereret.
894 2070 1056 2121 Moyses
1090 2082 1169 2110 non
1197 2071 1264 2110 nisi
1296 2072 1448 2124 Angelo
1473 2073 1690 2111 columnam
1714 2073 1863 2122 igneam

59 2129 289 2183 praeferente
306 2159 319 2178 ‚
348 2142 432 2181 quae
449 2129 582 2169 stativa
617 2129 828 2182 designaret
843 2159 856 2178 ,
887 2131 1002 2170 castra
1021 2129 1090 2183 (c)
1122 2132 1309 2170 movebat
1324 2161 1336 2179 ,
1367 2131 1404 2170 &
1419 2130 1544 2170 adhuc
1565 2130 1662 2182 juffu
1679 2131 1757 2172 Dei
1767 2129 1862 2169 duo·

42 2190 186 2231 decim
211 2189 311 2229 misit
332 2187 608 2240 Exploratores
625 2218 635 2236 ,
665 2198 709 2227 ut
739 2200 876 2228 terram
912 2189 1129 2241 promissam
1150 2186 1222 2244 (d)
1245 2189 1376 2230 coram
1397 2191 1638 2242 inspicerent,
1726 2189 1863 2241 Legati

59 2249 337 2301 Exploratores
352 2249 497 2300 publici
522 2248 606 2287 sunt
629 2278 642 2297 ‚
674 2247 712 2288 &
728 2247 832 2288 salvo
856 2248 939 2299 jure
961 2249 1096 2288 divino
1125 2261 1190 2289 aut
1218 2248 1422 2297 Gentium,
1453 2251 1673 2290 muneribus
1691 2261 1735 2288 ac
1757 2250 1866 2300 largi.

61 2309 231 2349 tionibus
261 2316 409 2348 tentare
439 2305 596 2361 possunt
633 2306 897 2348 Ministrorum
932 2309 1048 2348 fidem
1067 2340 1078 2357 ,
1108 2309 1176 2349 etfi
1201 2309 1322 2360 jurata
1345 2321 1390 2348 ea
1405 2309 1451 2348 fit
1473 2339 1486 2358 ‚
1515 2319 1558 2350 ut
1589 2309 1830 2361 expiscentur
1850 2339 1863 2356 ‚

62 2369 155 2420 quid
178 2367 359 2408 adversus
382 2368 489 2408 suum
516 2368 734 2418 Principem
751 2368 880 2419 inique
913 2369 1177 2409 machinentur
1195 2369 1284 2408 alii.-
1314 2370 1352 2408 hi
1377 2370 1478 2409 enim
1495 2369 1544 2409 ad
1561 2369 1863 2410 sectetummini-

62 2427 127 2467 me
135 2437 339 2475 tenentur;
368 2440 441 2480 pro
461 2428 531 2467 illis
554 2424 651 2466 verb
669 2428 805 2467 militat
820 2430 916 2468 ratio
931 2428 1162 2469 defensionis
1177 2430 1342 2481 propriae
1364 2431 1554 2470 naturalis.

224 2587 295 2635 (a)
317 2588 403 2624 Tac.
429 2590 452 2626 l.
475 2604 506 2637 3.
521 2588 611 2625 Hist.
663 2586 730 2636 (b)
759 2585 862 2632 Mzfit
891 2586 996 2635 Josice
1016 2586 1098 2623 duos
1118 2587 1215 2622 viros
1241 2584 1474 2636 exploratores
1495 2585 1534 2620 in
1552 2579 1756 2627 abstondito.
1790 2579 1861 2629 Jos·

64 2653 103 2680 2.
126 2652 157 2677 1.
206 2641 269 2686 (b)
306 2640 534 2694 fillensqueft
548 2638 703 2693 Angelus
721 2640 788 2676 Dei
807 2667 816 2680 ‚
842 2641 903 2692 qui
910 2635 1120 2692 praecedebat
1142 2636 1257 2689 castra
1275 2635 1396 2682 Ifta'e'h
1424 2634 1517 2673 abiit
1537 2631 1608 2686 post
1622 2646 1695 2670 eos:
1721 2631 1768 2675 ὧν
1785 2645 1863 2689 tum

61 2706 100 2731 eo
119 2694 261 2744 pariter
278 2691 434 2729 columna
454 2692 565 2731 nubis.
593 2695 705 2730 Exod.
728 2705 786 2740 14.
819 2705 875 2737 19.
931 2692 997 2739 cd)
1011 2691 1127 2727 Mitte
1150 2692 1248 2727 viros
1267 2716 1276 2728 ‚
1307 2690 1368 2741 qui
1388 2686 1595 2737 confiderent
1614 2696 1751 2722 terram
1775 2682 1865 2720 cha-

61 2758 166 2793 qaan
180 2772 190 2786 ‚
214 2757 320 2797 quam
350 2744 502 2784 daturus
497 2750 588 2800 sum
598 2745 690 2797 filiis
709 2743 978 2797 ffi‘aklfingulos
997 2740 1198 2796 defingulis
1228 2739 1403 2782 tribubus,
1429 2754 1475 2779 ex
1493 2735 1720 2791 Principibus.
1748 2739 1861 2775 Num.

71 2810 130 2846 13.
161 2811 193 2845 3.

941 3239 1139 3292 Rrrr2
1665 3225 1868 3292 SYM-

15 3467 17 3477 ι

0 3518 7 3536 1
15 3522 18 3529 l
