2132 3730
211 293 218 296 ἤ
429 219 929 291 ssa-MBOLA
982 224 1464 281 POLITJCA.
1792 253 1869 294 175

249 294 256 299 .
291 290 1390 308 ιρ--Ἥ--ὡ
1410 300 1755 310 --.....-..-.....-

75 331 158 362 tum
175 321 332 374 pretium
354 317 544 356 conviviis
563 324 730 368 poneret
749 327 764 367 3
793 315 833 356 id
859 316 966 368 quod
988 316 1173 357 Hannoni
1197 319 1307 359 aliam
1333 332 1478 360 novam
1502 320 1763 372 proditionem
1781 337 1874 364 con-

77 391 135 422 tra
157 382 237 420 illos
255 375 463 416 attentandi
481 376 603 426 ansam
626 375 745 416 dedit.

247 435 280 487 §.
313 437 386 477 Ars
409 428 524 486 atqtie'
539 435 693 484 astutia,
724 447 809 487 quae
824 433 992 475 maxime
1018 435 1131 476 decet
1156 434 1397 490 Principem,
1419 438 1667 484 ,diffimulatio
1687 442 1777 482 item
1799 453 1878 481 ma-

75 500 131 551 gis
153 496 270 544 licita,
302 496 339 535 &
366 494 567 535 necessaria
593 494 647 535 est
666 497 749 544 illa,
781 508 865 548 quae
897 497 1070 544 vultum,
1101 497 1221 535 verba
1250 497 1287 536 &
1308 497 1478 537 ac'tiones
1505 511 1592 551 erga
1613 512 1723 545 eum,
1757 514 1875 553 quem

72 554 328 599 diffimulando
351 554 482 595 fallere
503 556 667 608 cogitat,
697 556 749 595 sic
768 555 988 595 moderatur
1003 554 1039 595 &
1060 557 1283 607 componit,
1315 567 1357 596 ut
1378 559 1471 597 scire
1502 560 1563 597 ille
1581 571 1660 600 non
1688 562 1796 613 poffit
1813 561 1876 601 sua

71 625 201 670 patere
216 615 391 662 consilia3
422 627 466 654 ea
488 616 589 654 enim
616 610 763 655 ratione
779 618 865 668 plus
887 615 1067 666 suppetet
1089 617 1275 667 temporis
1301 617 1348 655 ad
1365 617 1644 669 penetrandum
1665 623 1821 670 melius,
1838 621 1877 660 δε

71 673 303 728 puniendum
318 705 331 725 ,
362 684 426 714 aut
448 674 681 715 eludendum
703 675 853 724 dolum,
884 674 973 714 dum
998 673 1185 726 aggressor
1207 675 1257 715 de
1280 688 1329 715 eo
1346 677 1580 716 occultando
1599 680 1722 719 minus
1745 681 1881 720 sollici-

69 744 130 774 tus
148 732 222 782 est3
253 734 358 787 quod
378 734 404 774 si
433 745 570 787 praeter
587 736 812 786 opinionem
840 735 1118 786 deprehensum
1137 735 1174 774 se
1190 735 1304 775 semel
1319 737 1653 786 animadverterit,
1685 741 1877 791 trepidare

0 832 1 842 ,
65 795 244 845 incipiet,
274 808 346 835 nec
363 795 532 834 securum
550 794 585 834 se
608 796 875 842 arbitrabitur,
894 794 1022 834 donec
1039 806 1131 846 quas
1149 797 1276 835 animo
1297 796 1420 836 versat
1436 795 1609 845 fraudes,
1631 797 1677 836 ad
1694 799 1878 840 effeetum

0 848 1 864 ³
67 853 281 894 adduxerit.
342 853 398 894 Ea
416 854 464 895 de
483 855 593 894 causa
611 857 820 908 Agrippina
848 852 1020 893 Neronis
1042 864 1185 906 mater,
1216 858 1425 908 compertis
1444 858 1558 896 etiam
1577 857 1733 905 insidiis,
1755 862 1879 910 perin-

67 912 118 954 de
142 914 176 953 se
193 914 350 963 habuit,
378 927 423 954 ac
450 914 476 955 si
494 916 585 954 nihil
608 915 771 955 rescisset
792 914 840 953 de
862 924 1009 963 morte,
1040 927 1154 967 quam
1176 917 1210 954 ei
1239 915 1337 956 filius
1360 915 1485 956 suerat
1517 917 1775 967 machinatus,
1802 920 1881 957 exi-

65 972 216 1015 stimans
241 975 415 1014 nimirum
433 974 509 1028 (a)
519 973 627 1026 salum
653 974 848 1028 insidiarum
870 973 1051 1014 remedium
1083 971 1162 1029 eff’,
1181 976 1220 1028 si
1241 989 1306 1016 non
1325 978 1603 1028 intelligerentur.
1662 976 1760 1017 Haec
1786 977 1880 1018 diffi-

65 1035 224 1076 mulatio
251 1045 314 1073 aut
333 1033 421 1074 fich
445 1035 661 1086 simplicitas
677 1046 860 1087 perquam
889 1032 1093 1074 necessaria
1115 1034 1170 1074 est
1196 1034 1403 1085 Ministris,
1432 1037 1496 1087 qui
1512 1036 1752 1089 Principibus
1783 1037 1880 1077 astu-

66 1094 136 1142 tis,
167 1095 368 1145 minusque
387 1095 538 1135 sinceris
559 1094 800 1142 deserviunt,
830 1094 874 1133 iis
891 1094 1031 1133 scilicet
1056 1107 1219 1146 quorum
1249 1097 1404 1135 unicum
1435 1095 1598 1136 studium
1629 1096 1685 1136 est
1709 1109 1848 1137 cavere
1867 1128 1881 1146 ‚

65 1165 117 1195 ne
144 1165 242 1192 artes
266 1166 400 1194 eorum
431 1166 680 1206 penetrentur
712 1156 757 1193 ab
789 1155 892 1195 aliis:
923 1166 996 1205 qua
1020 1155 1056 1193 in
1087 1167 1128 1194 re
1159 1156 1320 1195 eximius
1346 1155 1421 1195 fuir
1447 1155 1624 1196 Tiberius
1648 1155 1719 1212 (b)
1739 1154 1882 1209 cmfielto

67 1213 257 1265 ambiguus.
317 1214 467 1254 Eodem
498 1212 658 1253 artificio
678 1214 883 1254 Senatores
902 1214 1129 1254 Romaniusi
1151 1212 1279 1264 suere,
1311 1215 1466 1268 quando
1482 1216 1582 1255 idem
1599 1215 1775 1256 Tiberius
1794 1215 1884 1268 post

64 1272 224 1323 Augusti
250 1274 396 1313 obitum
417 1273 494 1326 (ut
510 1275 656 1313 animos
679 1286 813 1313 eorum
833 1274 1072 1324 exploraret,
1104 1274 1301 1324 significari
1327 1278 1370 1315 iis
1387 1275 1502 1324 fecit,
1532 1277 1635 1316 nolle
1662 1276 1736 1316 sese
1759 1278 1882 1328 impe-

65 1333 108 1372 rii
137 1332 389 1382 gubernacula
429 1332 650 1380 admittere,
683 1332 732 1372 eo
760 1332 866 1384 quod
889 1334 999 1372 nimis
1037 1346 1156 1386 grave
1186 1335 1352 1374 humeris
1380 1335 1450 1374 suis
1480 1347 1577 1375 onus
1607 1335 1728 1384 esset;
1762 1348 1799 1375 at
1831 1337 1885 1376 illi

66 1390 228 1432 studiosa
258 1392 417 1443 quadam
444 1393 678 1443 ignorantia,
711 1391 749 1431 δι
784 1393 1009 1443 provocatis
1043 1394 1144 1432 ultro
1178 1394 1376 1443 lacrymis,
1405 1393 1541 1434 instare
1574 1407 1809 1447 rogareque,
1839 1406 1884 1435 ut

65 1451 264 1491 admittere
283 1451 497 1504 dignaretur
515 1451 584 1505 (c)
615 1451 739 1505 quihus
763 1465 854 1492 unus
874 1459 1003 1502 metus,
1023 1451 1061 1503 fi
1082 1455 1261 1505 intef'igere
1288 1453 1506 1494 viderentur.
1568 1454 1748 1495 Oderunt
1781 1455 1885 1496 Prin-

64 1512 170 1563 cipes
188 1511 327 1562 injusti,
345 1512 381 1551 &
395 1522 574 1563 tanquam
597 1511 724 1551 hostes
749 1523 818 1551 eos
835 1512 979 1552 habent
995 1542 1008 1561 ,
1040 1512 1060 1552 a
1075 1514 1213 1564 quibus
1238 1516 1333 1553 mala
1357 1514 1418 1553 sua
1440 1513 1560 1553 studia
1590 1514 1626 1554 ἃ
1646 1515 1801 1555 consilia
1822 1528 1887 1557 ca-

64 1572 106 1622 pi
132 1569 354 1611 existiment.
417 1572 646 1611 Absolutum
666 1571 732 1611 sibi
752 1573 788 1611 in
803 1573 950 1611 animos
970 1574 1172 1625 imperium
1193 1573 1399 1612 vendicant
1414 1586 1493 1613 non
1518 1576 1647 1614 alienae
1669 1575 1884 1627 subjestum

67 1630 254 1678 scientiae,
286 1632 523 1683 cupiuntque
541 1638 618 1671 nori
643 1631 768 1672 minus
794 1633 859 1679 vi,
891 1632 927 1670 ἃ
950 1631 1122 1671 facultati
1140 1633 1373 1684 intelligendi
1407 1632 1645 1674 subditorum
1669 1634 1882 1685 dominari,

69 1690 183 1742 quarn
199 1690 410 1730 eorundem
432 1692 675 1742 corporibus,
702 1700 851 1742 partem
862 1691 1032 1742 obsequii
1062 1693 1099 1730 in
1121 1702 1170 1730 eo
1198 1702 1414 1743 ponentes,
1443 1703 1494 1731 ne
1527 1702 1625 1732 artes
1652 1705 1786 1733 eorum
1816 1694 1883 1734 de-

64 1750 350 1805 prehendantur
376 1751 396 1789 a
425 1749 503 1803 (d)
525 1749 703 1789 subditis:
733 1748 827 1790 Eam
848 1750 899 1788 ob
920 1762 997 1789 rem
1013 1749 1148 1791 abditos
1171 1748 1497 1802 Pritzctpissetfizs,
1535 1751 1587 1798 ἐξ)
1608 1752 1647 1806 fi
1670 1752 1758 1808 quid
1779 1754 1886 1795 occul·

69 1812 143 1851 tius
159 1817 275 1862 parat
307 1813 507 1862 exquirere,
545 1811 695 1850 ilsicirunz
720 1807 778 1862 est.
841 1809 1120 1861 Conquerente
1150 1810 1356 1861 aliquando
1378 1812 1545 1863 graviter
1564 1811 1744 1862 Tiberio,
1773 1813 1884 1865 quod

65 1869 135 1910 sibi
151 1870 172 1910 a
192 1870 438 1909 Senatoribus
456 1869 682 1920 quibusdam
704 1870 836 1908 securo
852 1871 985 1908 vivere
1004 1882 1081 1908 non
1099 1871 1246 1917 liceret,
1257 1870 1347 1909 scire
1360 1882 1407 1908 ex
1419 1882 1468 1909 eo
1480 1871 1605 1910 voluit
1623 1872 1774 1912 Asinius
1787 1873 1880 1914 Gal-

69 1919 150 1978 lus,
181 1931 331 1980 quinam
353 1930 377 1968 ii
400 1927 541 1975 essent,
571 1936 615 1965 ut
638 1938 769 1978 poenas
788 1925 959 1976 luerent,
990 1927 1029 1966 δι
1050 1926 1119 1982 (e)
1135 1929 1171 1967 εὐ
1186 1931 1314 1980 aegrius
1334 1932 1461 1979 accepit
1474 1929 1672 1979 Tiberius,
1693 1932 1800 1983 quod
1825 1946 1883 1973 re-

65 1987 232 2030 cludiille
245 1989 386 2036 vellet,
416 1992 690 2041 quaepremeret.
750 1985 980 2026 Prudentior
999 1986 1251 2028 Germanicus
1269 1987 1365 2038 fuit,
1395 1990 1460 2040 qui
1497 1987 1587 2029 licet
1607 1989 1751 2031 Tiberii
1782 2002 1883 2033 artes

65 2043 459 2104 probe'perspiceret,
490 2047 605 2098 seque
625 2045 714 2086 ideo
735 2047 882 2087 tantum
910 2045 931 2086 e
949 2046 1153 2088 Germania
1186 2050 1382 2098 revocari,
1413 2059 1455 2088 ut
1490 2049 1619 2101 gloriae
1648 2050 1723 2091 suae
1753 2053 1883 2093 cursus

67 2108 257 2152 fisteretur
275 2138 287 2158 ,
311 2106 509 2160 extemplo
542 2117 669 2146 tamen
689 2107 834 2158 paruit,
864 2108 1024 2160 perinde
1039 2120 1082 2148 ac
1104 2109 1129 2148 si
1154 2109 1244 2147 nihil
1267 2107 1422 2149 istorum
1441 2138 1452 2156 ‚
1472 2121 1556 2160 quae
1572 2109 1768 2161 suberant,
1795 2110 1882 2167 (f)

68 2168 402 2210 animadverteret.
464 2166 633 2220 Quando
651 2166 865 2219 Ptincipum
884 2168 1060 2208 mandata
1079 2168 1256 2208 declinari
1281 2181 1361 2208 non
1389 2167 1561 2221 possunt,
1591 2170 1803 2222 prudentiae
1823 2173 1880 2213 est

69 2231 115 2272 iis
135 2229 313 2280 obsequi,
344 2227 647 2279 &ignorantiam
670 2239 748 2278 prae
768 2226 805 2266 se
833 2226 956 2277 ferre,
987 2239 1029 2268 ut
1048 2231 1170 2269 minus
1193 2228 1412 2270 detrimenti
1445 2229 1501 2273 sit.
1562 2228 1695 2283 Quare
1726 2233 1878 2274 tametsi

72 2287 284 2332 Archelaus
308 2287 439 2336 sciret,
454 2287 532 2327 astu
552 2287 719 2338 quodam
739 2286 776 2326 &
801 2286 894 2327 dolo
909 2288 945 2327 se
969 2287 990 2328 a
1013 2289 1156 2329 Tiberii
1175 2299 1294 2328 matre
1309 2289 1475 2329 Romam
1512 2289 1687 2340 evocari,
1718 2291 1879 2332 diffimu-

69 2348 165 2391 lavit
187 2359 336 2399 tamen,
365 2348 402 2388 &
428 2346 502 2403 (g)
528 2346 565 2399 fi
590 2348 767 2399 intelligere
789 2347 1007 2398 crederetur,
1036 2351 1108 2389 vim
1134 2356 1308 2399 metuens,
1338 2351 1374 2389 in
1397 2349 1513 2390 urbem
1527 2353 1751 2403 properavit.
1809 2353 1880 2393 At·

77 2421 154 2461 que
173 2410 255 2449 haee
277 2409 512 2449 dissimulatio
538 2408 653 2459 magis
674 2408 798 2447 adhuc
817 2410 855 2448 in
874 2409 1065 2448 erroribus
1085 2409 1120 2448 &
1138 2410 1241 2449 vitiis
1263 2409 1445 2461 Principis
1474 2409 1678 2450 necessaria
1707 2410 1781 2458 est;
1803 2425 1879 2453 nee

72 2470 176 2509 enim
202 2471 343 2509 amicus
359 2469 454 2509 solet
474 2467 548 2509 effe
567 2469 621 2516 ei,
644 2469 707 2520 qui
736 2470 887 2508 illorum
920 2479 985 2508 aut
1001 2468 1103 2508 testis
1123 2467 1198 2518 est,
1227 2478 1291 2508 aut
1317 2470 1493 2509 notitiam
1529 2471 1658 2510 habet.
1716 2470 1759 2511 In
1785 2485 1878 2512 con-

75 2530 188 2569 vivio
217 2528 302 2578 illo,
333 2530 371 2569 in
403 2541 481 2581 quo
506 2528 742 2569 Britannicus
773 2540 969 2569 venenum
991 2529 1133 2579 hausit,
1165 2529 1239 2583 (h)
1269 2526 1433 2582 dzffizgere
1456 2529 1703 2582 inprudentes-‚⁴
1731 2539 1773 2570 at
1799 2535 1877 2587 qui-

73 2588 138 2629 bus
158 2588 261 2628 altior
279 2588 483 2639 intellefflts,
513 2587 666 2643 restitere
679 2585 1038 2643 defixi,&‘'Ner01oem
1066 2591 1247 2638 intuentes,
1260 2601 1309 2628 ne
1332 2589 1512 2628 violentae
1527 2591 1661 2629 mortis
1675 2588 1771 2629 illius
1782 2604 1876 2633 con.

73 2649 139 2691 scii
155 2649 409 2698 haberentur,
440 2648 504 2689 sed
526 2648 682 2689 credere
707 2649 837 2702 potitis
851 2660 1098 2702 putarentur,
1128 2661 1212 2689 eam
1227 2649 1435 2688 secundum
1454 2659 1625 2689 naturam
1651 2649 1838 2693 accidere.

171 2817 229 2863 (a)
255 2816 341 2852 Tac.
360 2814 420 2852 lib.
451 2828 507 2866 14.
527 2817 657 2854 Annal.
707 2819 768 2862 (b)
794 2819 894 2855 Idem
915 2817 978 2856 lib.
1007 2829 1063 2863 13.
1087 2816 1218 2852 Annal.
1269 2816 1326 2864 (c)
1354 2817 1452 2852 Idem
1476 2815 1539 2852 lib.
1572 2828 1602 2852 1.
1631 2816 1762 2853 Annal.
1814 2818 1877 2864 (d)

73 2866 362 2923 Intelltgebantur
385 2878 498 2910 artes,
514 2868 580 2914 ſsd
598 2880 682 2921 pars
703 2867 846 2923 obsequii
866 2870 906 2907 in
932 2883 985 2910 eo,
1013 2882 1057 2906 ne
1084 2867 1430 2920 doprehenderentur.
1459 2869 1558 2905 Idem
1582 2867 1644 2905 lib.
1673 2882 1709 2916 4.
1739 2868 1874 2908 Histor.

127 2924 187 2971 (c)
212 2920 329 2959 Tacit.
350 2920 410 2957 lib.
435 2936 470 2969 4.
499 2924 625 2960 Annal.
680 2921 740 2969 (f)
766 2923 876 2961 Haud
893 2923 1080 2960 cafflatus
1101 2920 1148 2972 est
1168 2920 1269 2958 ultra
1295 2923 1534 2962 Germanicus,
1557 2934 1758 2973 quanquam
1777 2922 1877 2974 fingi

73 2988 111 3014 eo
123 3003 133 3018 ‚
160 2973 264 3028 sique
287 2984 352 3027 per
367 2973 548 3013 invidiam
564 2982 669 3027 parto
683 2976 767 3023 jam
784 2976 896 3019 decori
908 2974 1068 3028 abstrahi
1082 2974 1306 3029 inteklzgeret.
1333 2976 1433 3013 Idem
1451 2973 1515 3012 lib.
1536 2988 1570 3018 2.
1590 2975 1724 3012 Annal.
1797 2975 1875 3023 (g)

77 3027 179 3069 Idem
197 3027 261 3068 lib.
282 3041 320 3067 2.
334 3028 464 3068 Annal.
518 3031 580 3078 (h)
603 3029 707 3068 Idem
723 3029 785 3069 lib.
809 3043 864 3079 13.
880 3030 1012 3069 Annal.

915 3282 1042 3349 Xx
1081 3296 1121 3354 2
1640 3274 1872 3345 SYM-
