2132 3730
469 245 1435 296 SYMBOLAPOLITICA.
1764 258 1842 304 187

59 350 109 377 eo
127 338 241 377 solum
255 336 410 375 nomine
432 364 444 382 ‚
475 348 525 375 ne
545 337 700 387 obligati
721 345 897 375 maneant
916 348 928 383 ς
959 345 1023 375 aut
1040 348 1085 376 ea
1102 336 1286 376 mandatis
1317 338 1389 377 suis
1415 338 1596 377 tribuunt.
1685 336 1745 375 Ex
1767 349 1846 387 quo

56 393 292 438 fitinterdum
312 424 323 442 ,
355 404 397 433 ut
418 395 508 435 illud
528 397 640 435 etiam
659 392 800 447 ipsum,
816 395 921 447 quod
938 394 1139 447 tantopere
1157 398 1385 447 cupiebant,
1415 397 1452 436 &
1468 397 1548 436 fieri
1561 396 1753 448 jusserant,
1776 396 1847 435 ob-

57 452 200 496 tinuisse
214 465 281 492 eos
307 456 488 506 poeniteat
510 453 643 507 postea
660 484 673 504 ,
703 455 821 495 immo
834 457 999 508 graviter
1016 455 1259 494 succenseant
1276 458 1333 505 ei,
1365 458 1428 507 qui
1446 456 1492 495 ad
1503 468 1546 495 ea
1565 457 1664 496 suam
1682 456 1848 495 contulit

56 524 207 566 operam
224 541 236 561 ,
267 522 446 565 tanquam
473 514 500 554 si
526 513 753 555 auctoritate
781 517 937 567 propria
962 514 1002 554 id
1029 513 1183 554 fecisset.
1247 513 1317 569 (a)
1344 517 1412 555 Cor
1430 517 1565 567 Regum
1594 514 1806 567 &formabile
1829 545 1845 564 ,

54 574 205 625 pelagus
227 571 486 624 profundum,
517 574 554 615 &
573 575 719 616 varium
741 605 754 623 ‚
782 575 888 627 quod
908 574 930 614 a
950 574 1057 613 causa
1075 574 1210 613 eadem
1229 574 1444 614 effervescit
1466 575 1582 615 hodie
1604 606 1616 625 ,
1639 575 1658 614 a
1681 588 1758 627 qua
1775 575 1845 614 he·

51 633 82 672 ri
96 630 238 670 summe
261 634 501 685 tranquillum
518 645 609 675 erat.
672 636 801 675 Animi
819 636 945 683 bona,
965 632 1160 673 fortunam
1180 663 1192 681 ,
1224 646 1319 684 opes
1336 634 1372 673 δε
1394 635 1562 674 honores
1586 648 1687 674 nunc
1712 646 1845 674 recen-

48 691 128 730 sent
153 691 192 731 in
207 693 368 742 meritis,
399 706 501 734 nunc
525 695 688 747 injuriae,
717 695 755 735 &
776 695 938 734 criminis
960 694 1050 732 loco
1089 692 1161 745 (b)
1191 693 1346 733 habent.
1405 694 1613 746 Diligentia
1638 694 1765 734 sedula
1788 693 1845 733 fa-

47 748 118 789 cile
134 749 205 790 illis
222 761 325 791 creat
348 752 548 794 fastidium.
613 755 720 808 Quin
746 754 784 795 δε
800 765 919 806 penes
937 752 1067 791 Deum
1084 752 1293 803 periculosa
1317 752 1389 792 suit
1412 754 1473 793 illa
1500 752 1587 806 (c)
1618 753 1731 802 Ozae,
1754 753 1845 794 cum

44 809 184 849 labanti
205 823 299 851 arcae
320 812 405 852 suos
436 813 636 865 subjiceret
664 815 873 857 humeros:
900 823 988 852 nam
1021 822 1148 851 morte
1179 812 1256 865 ipsa
1287 811 1432 853 faetum
1461 812 1539 852 hoc
1567 813 1648 852 luit.
1711 812 1846 866 Quid?

45 867 151 919 quod
176 869 368 924 Principes
393 875 508 926 magis
535 872 618 914 fere
641 875 764 914 officia
782 871 954 926 negleb'OE
973 883 1214 912 remunerare
1233 872 1394 921 soleant,
1425 871 1540 925 quam
1560 880 1690 911 curata
1717 869 1848 924 probe:

43 927 83 967 &
102 931 297 982 gnaviter;
328 931 422 972 sicut
451 933 489 973 &
514 935 740 986 plerumque
758 932 889 983 majori
905 942 993 972 eum
1018 932 1168 971 honore
1196 933 1472 984 prosequantur
1491 962 1505 982 ,
1534 933 1599 984 qui
1622 929 1745 971 minus
1772 931 1847 969 ob·—

0 1028 1 1031 ,
42 987 275 1039 sequiissuis,
292 990 330 1031 id
344 991 400 1033 est
411 996 651 1045 promeritus.
683 993 852 1045 Obligati
867 992 944 1031 aliis
956 991 1177 1031 servitutem
1189 1000 1412 1040 autumant,
1441 992 1480 1031 &
1500 991 1626 1031 minus
1646 992 1754 1030 oneri
1776 989 1846 1029 du-

41 1049 449 1102 cuntingratitudinem
460 1084 469 1101 ,
482 1052 594 1105 quam
603 1054 802 1105 gratiarum
814 1051 1132 1098 redhibitionem3
1146 1061 1370 1105 promptum
1390 1051 1580 1092 serviendi
1601 1049 1784 1098 studium,
1803 1049 1847 1089 &t

42 1107 244 1150 liberalitas
251 1112 411 1163 ,quibus
419 1111 550 1165 Junius
560 1112 698 1152 Bloesus
709 1124 796 1165 erga
805 1109 1005 1151 Vitellium
1021 1111 1293 1162 Imperatorem
1314 1111 1397 1151 usus
1413 1111 1486 1161 est,
1505 1112 1631 1164 gratiae
1649 1109 1741 1149 loco
1760 1109 1846 1149 odi·

0 1171 2 1200 ἰ
41 1178 106 1206 um
121 1168 172 1208 illi
183 1167 254 1224 (d)
266 1169 467 1223 peperere,
478 1172 740 1225 Abiitinsignis
751 1174 810 1212 ille
821 1171 935 1210 heros
947 1171 1156 1222 Rogerius,
1168 1170 1318 1210 Militiae
1329 1170 1523 1224 Magister,
1538 1180 1652 1224 gente
1667 1169 1845 1209 Catalau-

0 1240 3 1262 ,ι
39 1237 110 1266 nus
123 1258 135 1275 ,
147 1230 211 1279 qui
224 1229 255 1269 F
256 1230 505 1284 redricoRegi
515 1232 647 1272 Siciliae
659 1232 783 1272 fuerat
793 1233 946 1279 auxilio,
957 1241 1143 1270 evocatus
1154 1231 1218 1270 sub
1236 1230 1457 1271 Andronico
1468 1231 1559 1283 Imp.
1572 1239 1614 1269 ut
1624 1230 1703 1280 ejus
1713 1238 1841 1269 tuere-

0 1296 3 1342 ξ
40 1293 102 1324 tur
117 1286 333 1338 Imperium.
352 1289 404 1329 Et
414 1291 510 1330 vero
521 1290 772 1343 egregieillud
782 1289 1045 1341 praestititcum
1055 1290 1146 1330 forti
1167 1288 1228 1329 sua
1239 1291 1534 1331 Catalaunorum
1555 1291 1735 1337 natione,
1751 1290 1847 1328 licet

0 1347 5 1396 Ἀ
36 1356 200 1386 numero
212 1346 360 1399 exigua.
390 1347 559 1389 Hostiles
568 1350 776 1389 Turcarum
790 1350 1022 1389 incursiones
1036 1349 1309 1401 represserunt,
1330 1351 1365 1389 &
1377 1362 1469 1390 ecce
1477 1350 1564 1389 cum
1580 1359 1768 1388 tantarum
1782 1348 1846 1386 vi-

0 1400 1 1410 *
38 1403 805 1460 ctoriarumipsesperatproemium‚jubet
828 1409 930 1448 illum
946 1409 1173 1459 Imperator,
1205 1410 1423 1450 levislimam
1447 1410 1500 1449 ob
1525 1410 1671 1448 causam
1701 1407 1846 1459 suppli-

3 1478 7 1515 ζ
35 1465 100 1504 cio
118 1465 223 1507 affici.
285 1467 340 1507 lta
363 1466 460 1519 saepe
483 1467 645 1508 numero
666 1469 820 1509 minima
835 1470 959 1519 aliqua
976 1468 1161 1515 offensio,
1179 1478 1242 1508 aut
1266 1470 1423 1510 irritatio
1450 1472 1535 1521 plus
1555 1466 1701 1520 potest,
1724 1467 1845 1517 quam

37 1527 202 1564 maxima
230 1527 345 1566 etiam
371 1526 574 1568 beneficia:
604 1527 790 1579 siquidem
822 1528 1057 1580 gratitudinis
1084 1527 1225 1567 affeetu
1254 1541 1350 1570 onus
1381 1528 1448 1568 sibi
1480 1529 1628 1580 imponi
1655 1525 1850 1566 existimat:

39 1585 209 1633 animus,·
237 1585 406 1625 vindmia
430 1587 525 1627 vero
550 1588 665 1628 bilem
690 1598 886 1628 exonerat.
946 1587 1077 1627 Isthaec
1102 1587 1302 1638 infelicitas
1337 1587 1391 1627 est
1420 1590 1458 1628 in
1482 1588 1666 1628 famulatu
1701 1586 1848 1627 Princio

5 1667 7 1671 ι
36 1655 130 1694 pum
146 1673 158 1692 ,
189 1654 232 1684 ut
267 1644 334 1699 (e)
362 1660 402 1685 ne
414 1649 483 1687 ciat
509 1648 617 1698 homo,
648 1655 765 1687 utrum
779 1660 916 1695 amore,
942 1660 989 1686 an
1003 1647 1074 1686 odio
1088 1645 1210 1698 dignus
1216 1646 1277 1697 fit.
1336 1647 1387 1686 Et
1404 1648 1432 1686 si
1454 1659 1503 1686 ex
1538 1659 1608 1695 eo,
1636 1644 1743 1697 quod
1770 1643 1848 1685 Hir

38 1702 161 1742 storiae
179 1716 250 1744 nos
269 1705 433 1754 docent,
464 1707 502 1746 δε
526 1718 576 1746 ex
598 1707 742 1746 damnis
760 1737 773 1755 ,
806 1718 890 1757 quae
922 1706 974 1745 ob
999 1716 1219 1758 promptam
1253 1705 1440 1745 serviendi
1468 1708 1710 1748 voluntatem
1740 1705 1847 1755 saepe·

40 1764 263 1803 incurrimus
278 1795 289 1811 ,
319 1764 517 1805 formanda
534 1767 647 1806 nobis
666 1765 757 1805 ess'et
773 1765 934 1805 Politica
958 1766 1079 1817 aliqua
1094 1795 1106 1814 ,
1136 1776 1234 1817 opus
1263 1764 1367 1804 foret
1397 1764 1623 1817 distinguere
1648 1766 1745 1804 inter
1761 1765 1845 1803 vir--

37 1830 167 1872 tutes,
193 1834 236 1862 ut
249 1824 450 1873 sciremus,
481 1825 682 1877 quomodo
711 1826 765 1864 uti
782 1824 852 1864 illis
879 1834 1130 1876 opporteret,
1161 1826 1304 1875 absque
1335 1824 1466 1864 nostro
1488 1824 1687 1877 dispendio
1704 1854 1718 1872 ,
1746 1834 1847 1862 con-s¹

8 1891 10 1896 ·
37 1881 238 1923 fider-ando
254 1884 362 1936 quod
384 1885 454 1924 etsi
477 1896 611 1924 omnes
633 1883 793 1924 existant
813 1886 852 1923 in
869 1885 1003 1931 nobis,
1034 1893 1211 1933 tanquam
1227 1885 1265 1923 in
1285 1882 1455 1933 subJ'eeto
1474 1884 1540 1923 suo
1560 1883 1744 1936 proprio,
1758 1893 1841 1924 non

36 1951 165 1982 tamen
196 1954 330 1984 omnes
345 1945 441 1982 intra
454 1944 603 1981 nosmet
630 1952 861 1993 operentur:
893 1942 1066 1992 quaedam
1104 1945 1207 1982 enim
1232 1944 1416 1983 exercitio
1441 1943 1509 1982 suo
1530 1942 1633 1982 foras
1662 1944 1701 1981 in
1732 1953 1841 1994 aper·

37 2010 118 2040 tum
146 2000 360 2052 prodeunt3
391 2003 470 2040 aliae
505 2001 600 2041 vero
626 2000 726 2041 Intus
755 2001 793 2041 &
824 2003 863 2040 in
887 2000 969 2040 solo
991 2003 1118 2041 animo
1147 2003 1227 2041 vim
1255 2003 1357 2042 suam
1387 2011 1562 2043 exerunt.
1619 2001 1732 2041 Tales
1757 2001 1841 2040 sunt

36 2059 261 2112 Fortitudo,
289 2061 495 2110 Patientia,
528 2060 752 2111 Modestia,
781 2061 990 2109 Demfflio,
1019 2061 1192 2114 Religio,
1223 2060 1262 2101 &
1292 2059 1378 2101 aliae
1401 2074 1413 2108 ς
1444 2060 1467 2102 e
1491 2073 1649 2114 quarum
1675 2072 1839 2100 numero

38 2120 172 2172 aliquae
188 2122 240 2161 ita
263 2133 334 2173 pro
350 2122 463 2162 nobis
487 2120 570 2161 sunt
586 2121 705 2160 solum
719 2150 731 2170 ,
760 2130 803 2159 ut
824 2120 872 2160 ad
894 2132 956 2160 eas
970 2119 1066 2169 istae,
1090 2134 1174 2173 quae
1194 2120 1296 2160 foras
1318 2121 1501 2170 tendunt,
1528 2121 1621 2161 nihil
1638 2119 1839 2160 conferant

37 2179 161 2229 aliud,
190 2179 306 2233 quam
340 2182 578 2222 securitatem
609 2193 682 2231 pro
710 2178 874 2220 humana
899 2181 1101 2230 societate,
1134 2180 1504 2221 &existimationem
1541 2189 1702 2232 propter
1735 2180 1841 2220 suam

35 2238 307 2292 praestantiam,
339 2243 394 2281 uti
424 2242 462 2280 in
484 2241 716 2281 Demiffione
742 2242 874 2289 animi,
907 2242 945 2280 in
963 2237 1182 2289 Modestia,
1212 2240 1251 2281 δε
1276 2243 1316 2281 in
1338 2241 1577 2293 Benignitate
1601 2239 1758 2286 accidit;
1785 2248 1841 2278 at·-

39 2311 116 2352 que
149 2299 249 2342 adeo
276 2301 354 2353 quo
385 2301 583 2341 Virtutum
608 2299 758 2341 istarum
785 2298 976 2353 perfefflo
1002 2298 1119 2339 fuerit
1143 2300 1284 2351 major,
1315 2301 1364 2341 eo
1394 2302 1510 2353 magis
1533 2301 1692 2339 aliorum
1724 2300 1840 2339 nobis

36 2361 256 2402 conciliabit
269 2363 436 2412 annuos,
449 2361 488 2402 &
499 2361 667 2413 plausum
688 2362 914 2408 merebitur,
944 2360 1066 2400 modo
1083 2360 1266 2400 decorum
1285 2360 1433 2400 servare
1449 2361 1696 2401 moverimus.
1744 2360 1840 2398 Aliae

38 2418 189 2462 istarum
205 2421 427 2472 Virtutum,
457 2421 525 2462 etsi
554 2423 649 2461 intra
680 2434 754 2462 nos
782 2430 989 2473 operentur
1019 2421 1057 2460 in
1080 2421 1227 2461 casibus
1247 2421 1431 2472 propriis,
1461 2421 1687 2460 exercitium
1710 2427 1839 2458 tamen

39 2491 170 2520 earum
202 2482 315 2522 etiam
343 2483 390 2521 ab
415 2481 628 2521 actionibus
644 2483 770 2521 alienis
798 2479 1019 2532 dependere
1043 2480 1162 2530 solet,
1192 2481 1247 2519 uti
1262 2480 1486 2529 Fortitudo,
1519 2479 1559 2519 &
1585 2477 1839 2531 Magnanimi·

40 2549 110 2578 tas.
170 2538 214 2579 ln
234 2540 291 2579 his
318 2543 410 2582 nihil
432 2541 487 2582 est
511 2541 692 2593 periculi,
719 2542 747 2582 fi
777 2554 839 2581 eas
858 2539 1079 2580 moderetur
1101 2539 1304 2593 prudentia
1320 2570 1332 2590 ,
1363 2552 1447 2591 quae
1474 2541 1649 2592 gratiam,
1680 2537 1718 2576 ἃ.
1755 2549 1841 2576 mo-

41 2599 135 2639 dum
151 2598 394 2650 Virtutibus,
426 2603 578 2647 tribuit;
611 2613 697 2642 nam
719 2603 882 2654 gravitas
909 2600 1024 2640 nimia
1040 2598 1077 2639 &
1100 2599 1321 2652 imprudens
1345 2598 1558 2639 commodis
1595 2595 1731 2636 nostris
1757 2596 1839 2647 ple-

39 2670 203 2711 rumque
216 2660 354 2709 officit,
384 2660 479 2702 dum
497 2662 621 2713 specie
635 2660 917 2701 existimationis
933 2690 945 2708 ,
977 2658 1015 2699 &
1035 2660 1162 2711 gloriae
1186 2672 1258 2698 nos
1281 2659 1351 2710 ipsi
1373 2657 1588 2709 perdimus,
1619 2656 1656 2696 &
1687 2657 1838 2697 interim

42 2720 242 2770 proemium
259 2719 297 2759 &
320 2721 488 2771 plausum
511 2721 637 2759 ferunt
658 2723 735 2771 alii,
756 2723 821 2775 qui
849 2722 886 2761 in
901 2718 1091 2772 obsequiis
1112 2717 1329 2773 praestandis
1346 2717 1531 2770 Tempori
1544 2747 1557 2766 ,
1581 2715 1803 2757 Necessitati
1820 2728 1835 2763 3

42 2777 83 2818 &
98 2777 348 2821 Affentationi
370 2783 487 2834 magis
518 2780 721 2822 servierint.

858 2901 1027 2942 Aaa2
1796 2893 1840 2936 In

40 2998 99 3048 (a)
108 3006 215 3042 Prov.
227 3019 248 3042 2
257 3018 273 3050 5
280 3032 288 3039 .
302 3019 333 3052 3.
347 3008 389 3054 (b
394 3002 592 3049 >Nobilita5,
600 3014 685 3057 opes,
695 3002 959 3059 omffgestique
965 3004 1103 3043 honores
1111 3015 1174 3059 pro
1185 3005 1331 3041 crimine
1341 3033 1350 3049 ,
1359 3002 1404 3047 ἀΰ
1412 3001 1450 3040 ob
1458 3004 1616 3040 virtutes
1623 2996 1840 3057 certffmurfl

49 3058 212 3094 exitium.
239 3057 354 3095 Tacit.
365 3058 427 3095 lib.
451 3071 463 3094 1
474 3085 482 3093 .
499 3057 588 3095 Hist.
604 3059 662 3102 (c)
683 3058 852 3096 Extendit
868 3064 949 3097 Oza
961 3072 1106 3097 manum
1125 3056 1176 3094 ad
1181 3071 1303 3094 arcam
1310 3058 1378 3093 Dei
1384 3082 1393 3096 ‚
1418 3055 1587 3099 &tenuit
1600 3066 1700 3090 eam:
1724 3062 1839 3102 quom-

46 3119 108 3142 am
125 3109 363 3148 calcitrabant
388 3108 508 3151 boves,
534 3109 579 3153 ἄν
601 3108 866 3149 declinaverunt
879 3124 969 3149 eam.
1019 3116 1202 3163 Iratnsque
1215 3123 1233 3147 e
1282 3109 1449 3146 Dominus
1462 3106 1704 3159 indignatione
1717 3111 1839 3139 contra

48 3162 188 3204 ozam,
217 3163 263 3207 &-
277 3162 521 3217 percuffiteum
531 3161 634 3216 ficper
646 3164 849 3201 temeritate
861 3179 874 3203 :
899 3163 946 3207 όν
964 3174 1120 3203 mortuus
1134 3160 1209 3209 esti
1231 3164 1245 3199 i
1250 3163 1369 3210 juxta
1390 3174 1513 3199 arcam
1536 3159 1613 3195 Dei.
1643 3170 1678 3214 23
1694 3157 1784 3204 Reg·
1796 3158 1836 3214 ο6.

51 3216 86 3248 6.
137 3218 155 3256 (
157 3215 196 3259 d)
220 3222 331 3254 Donec
345 3215 577 3270 Lugdunenfis
600 3215 712 3252 Gallia
735 3216 870 3258 metor,
890 3230 1019 3269 genere
1032 3214 1155 3268 illastri
1164 3242 1173 3256 ‚
1187 3214 1310 3268 largus
1329 3216 1461 3254 animo,
1478 3211 1522 3254 (je
1537 3221 1606 3262 par
1624 3204 1738 3260 optbus
1752 3217 1837 3266 ,ctr-

46 3263 228 3302 cumdaret
236 3270 390 3319 principi
397 3267 606 3321 ministeria,
618 3269 846 3305 comitaretur
853 3269 1050 3308 liberaliter
1064 3297 1072 3310 ‚
1081 3267 1178 3320 eoipsb
1187 3269 1362 3320 ingratus,
1371 3264 1535 3321 quamvis
1544 3260 1673 3300 Odium
1687 3258 1837 3299 mellanc

27 3368 28 3375 ἵ
48 3316 243 3356 vernilibus
255 3318 437 3359 blanditiis
451 3321 603 3360 velaret.
629 3322 715 3359 Tac.
734 3319 797 3358 lib.
817 3335 854 3361 2·
868 3322 957 3361 Hist.
1010 3327 1068 3371 (e)
1093 3321 1222 3358 Eccles-
1239 3334 1277 3367 9·
1306 3333 1336 3357 12
