2132 3730
260 201 348 253 264
718 189 1657 262 DJDACISAAVED—RAE

262 280 361 322 dieta
377 279 426 319 de
443 277 580 328 injuriis
603 276 770 324 acceptis
786 273 975 312 ultionem
996 272 1143 312 sumere
1158 275 1321 325 cogitat,
1351 281 1416 311 aut
1430 284 1655 325 recuperare
1667 273 1812 326 Justitia
1825 303 1838 323 ‚
1869 271 1975 324 quod
1990 274 2054 314 ini-
2069 302 2071 304 -
2101 273 2103 311 i

263 353 338 394 que
363 340 578 386 usurpatum
593 330 689 380 fuit,
704 341 770 371 aut
783 331 957 372 Ambitio
968 332 1123 373 dilatare
1137 331 1305 373 dominia
1317 361 1330 382 ,
1349 339 1415 371 aut
1433 331 1544 373 Mars
1555 333 1635 385 ipse
1649 344 1812 374 armatus
1828 331 1920 373 ferri
1936 333 2061 376 aciem.
2101 331 2104 376 1

261 398 424 453 experiri
441 390 642 435 desiderat.
2036 414 2038 416 -
2101 389 2103 436 ξ

414 454 443 507 §.
480 449 590 490 Finio
609 461 714 491 nunc
734 449 958 502 praesentem
976 449 1075 491 hanc
1095 448 1412 501 disceptationem
1429 460 1595 502 quatuor
1614 451 1786 492 verfibus
1795 451 1913 499 Taffi,
1927 451 1965 489 in
1977 450 2056 500 qui·
2102 451 2104 460 ‘

259 521 331 561 bus
346 522 497 564 ‚magno
528 520 618 550 cum
641 509 787 559 judicio
810 521 902 550 vera
940 509 1235 561 comprehendit
1260 508 1510 550 fundamenta
1525 540 1540 561 ‚
1569 511 1707 564 quibus
1736 523 1886 553 novum
1903 507 2058 562 aliquod
2103 550 2104 553 ,

260 568 609 630 Regnum.stabiliri
627 568 745 610 debet
765 568 804 609 &
830 569 1059 614 conservari.

399 674 488 737 (a)
530 671 575 722 E
581 666 772 735 fondar
791 667 1047 723 Boemondo
1082 668 1139 721 al
1153 686 1316 720 nuovo
1336 668 1492 740 Regno
1510 706 1528 728 ,

397 745 494 796 Suo
515 740 563 794 d'
576 742 830 794 Antiochia
849 741 940 793 alti
964 743 1192 809 principii
1214 743 1362 792 mira.

404 814 450 867 E
471 813 588 882 leggi
607 815 818 880 imporre
836 847 848 866 ,
885 812 950 865 &¹
969 810 1193 864 introdur
1212 809 1423 878 costume.

400 885 462 938 Et
482 885 581 935 art-i
598 919 612 940 ,
633 888 660 933 έ
671 882 793 934 culto
811 880 865 933 di
884 900 1050 935 verace
1068 882 1254 934 Nume.

468 972 568 1023 Hic
581 968 764 1039 spedas
785 1007 802 1028 ‚
821 970 1021 1037 ,sbpiens
1040 987 1146 1040 quae
1146 967 1487 1037 fundamenta
1504 971 1696 1024 recentis

468 1043 670 1110 Imperii
674 1042 837 1107 jaciat
864 1040 1199 1092 Boemundus:
1217 1037 1359 1107 firre
1373 1037 1587 1107 fiebatfr'is

438 1130 446 1138 ·
471 1112 621 1164 Hunc
634 1112 827 1180 populis
856 1111 969 1181 leges
988 1149 1003 1168 ‚
1040 1130 1195 1163 mores
1215 1109 1423 1180 effingere
1440 1145 1455 1166 ,
1491 1120 1669 1163 mentes

461 1182 666 1233 Artibus
687 1179 957 1248 informare
983 1180 1154 1240 rudes,
1189 1200 1245 1234 ac
1285 1182 1488 1251 denique
1512 1178 1667 1251 [heris

462 1253 678 1305 Imbuere
696 1254 785 1304 has
804 1256 938 1313 veris
962 1251 1114 1309 videt.

640 1435 1440 1504 SYMBOLUM
1520 1435 1665 1503 LX.

255 2899 461 3041 SAgitta
477 2905 524 2946 ab
544 2917 634 2946 arcu
651 2904 778 2948 emiffa
797 2915 862 2947 aut
878 2905 1018 2947 sursum
1032 2905 1154 2947 fertur
1169 2935 1182 2954 ,
1210 2913 1275 2944 aut
1289 2903 1465 2945 deorsum
1476 2934 1489 2954 ‚
1518 2915 1592 2944 nec
1605 2914 1769 2955 unquam
1794 2899 1959 2953 suspensa
1980 2900 2055 2939 hae-
2110 2895 2111 2899 ’

360 2975 419 3006 ret
443 2968 481 3008 in
504 2966 592 3007 aere
613 2996 626 3015 ‚
652 2967 778 3007 fimilis
804 2968 972 3020 tempori
1006 2966 1178 3019 praesenti
1202 2973 1278 3005 tam
1304 2967 1493 3005 velociter
1515 2962 1812 3017 praetervolanti,
1839 2969 1882 3000 ut
1906 2959 2056 3000 dubita·
2108 2977 2111 3012 ·4

360 3039 402 3067 re
427 3026 538 3080 possis
549 3055 561 3075 ,
591 3027 747 3078 priusne
766 3026 840 3068 effe
856 3027 1020 3077 desinat,
1038 3025 1153 3080 quem
1171 3024 1388 3065 advenerit:
1418 3035 1483 3066 aut
1500 3025 1597 3066 ficut
1609 3024 1733 3079 anguli
1750 3024 1790 3062 in
1802 3019 1968 3070 circulo,
1988 3021 2055 3060 ubi
2108 3050 2111 3084 5

1968 3091 2056 3120 acuu
2109 3099 2111 3117 ;

362 3220 424 3263 (a)
448 3214 538 3251 Taff.
551 3227 628 3250 can.
664 3227 694 3251 1.
