2132 3730
461 300 1452 348 SYMBOLAPOLITICA.
1760 310 1855 357 403-

34 402 138 429 ream
169 388 412 440 Majestatem
436 388 514 440 ipse
547 388 762 429 destinaret
828 387 977 428 Verum
1001 387 1089 428 cum
1119 385 1300 426 tractatus
1315 387 1378 427 ille
1411 383 1568 425 minime
1595 381 1816 425 succederet
1834 411 1848 430 ,

34 450 179 500 absque
190 447 389 499 majestatis
414 449 486 488 suoe
502 447 599 499 juffu
618 448 790 488 Casalum
816 447 1018 488 obsidione
1040 447 1179 495 cinxit,
1209 444 1314 485 unde
1342 443 1520 499 factum,
1551 453 1595 483 ut
1622 443 1709 483 Rex
1737 441 1853 482 Fran-

33 510 103 547 ciae
120 508 249 548 Susam
269 508 490 555 advolaret,
522 508 561 547 δε
591 507 773 560 Hispania
783 517 921 559 praeter
943 509 1169 561 opinionem
1187 504 1291 545 bello
1309 505 1589 570 implicaretur,
1616 502 1742 555 palam
1757 511 1849 554 pro—

33 566 167 608 testata
189 570 335 620 copias
331 565 422 606 istas
443 566 623 608 militares
639 580 718 608 non
745 567 814 608 nisi
838 568 1037 608 auxiliares
1057 564 1133 606 effe
1161 564 1337 614 Caesaris,
1367 574 1410 604 ut
1434 565 1497 606 via
1518 562 1666 615 J'ustitiae
1691 560 1847 603 decide-

32 638 136 668 retur
156 626 205 667 de
218 627 387 679 juribus,
406 638 490 678 quae
513 626 714 668 nonnulli
704 640 742 667 in
759 626 1028 668 Montferrato
1045 624 1085 667 δι
1100 624 1261 665 Ducatu
1290 624 1510 664 Mantuano
1526 623 1595 662 sibi
1619 631 1848 676 competere

32 687 286 733 affirmabant3
319 684 539 728 Gonsalvus
570 687 668 726 vero
700 687 966 728 conditionem
999 696 1113 737 quam
1143 684 1240 724 Dux
1266 683 1522 724 Niverneniis
1551 683 1602 722 illi
1634 681 1849 730 offerebat,

32 744 266 787 denudando
297 746 486 786 moenibus
510 745 665 795 Casan,
696 747 898 787 admittere
928 756 1124 797 nunquam
1154 744 1300 793 voluit,
1330 755 1381 783 ne
1407 744 1572 795 cuipiam
1607 740 1712 782 forte
1744 740 1854 782 vide-

31 817 158 854 retur,
188 803 432 856 MaJ’estatem
451 804 554 844 suam
571 807 711 858 privati
737 805 939 846 commodi
957 802 1074 857 gratia
1088 802 1241 856 potius,
1273 801 1388 854 quam
1417 799 1695 856 tranquillitatis
1724 801 1849 854 pubii-

29 878 86 906 cae
104 864 274 905 motibus
290 865 359 904 illis
381 864 458 904 sese
483 863 733 906 immiscuisse.
796 864 895 904 Haec
914 863 1086 916 ipsissima
1111 865 1166 902 tei
1188 864 1329 903 veritas
1347 861 1421 915 est,
1448 871 1542 903 nota
1564 862 1790 913 perpaucis,
1811 860 1850 901 &

31 923 54 966 ὲ
81 925 210 965 multis
229 934 356 964 tamen
381 936 451 976 per
472 925 701 966 calumniam
724 926 892 978 graviter
907 922 1120 976 injusteque
1150 921 1336 962 traducta.

205 983 442 1037 Deponant
431 995 544 1036 igitur
566 984 681 1024 Italiae
703 983 898 1037 Principes
919 995 964 1023 ac
985 983 1264 1036 Respublicae
1252 993 1386 1023 manes
1401 977 1481 1021 illas
1498 978 1758 1033 suspicionum
1769 990 1852 1020 um-

30 1043 140 1093 bras,
171 1044 279 1084 certo
301 1044 370 1084 sibi
395 1044 688 1097 persuadentes,
716 1043 941 1098 Hispaniam
962 1044 1043 1085 hoc
1067 1042 1188 1083 solum
1207 1041 1381 1095 spe6kare
1415 1051 1460 1081 ac
1486 1050 1654 1092 cupere,
1685 1049 1728 1080 ut
1748 1038 1851 1080 suam

30 1104 129 1145 inter
155 1104 241 1144 illos
279 1103 581 1156 magnitudinem
613 1104 842 1154 conservet,
871 1116 953 1146 non
981 1113 1026 1144 ut
1052 1102 1217 1157 eandem
1239 1109 1400 1156 augeat,
1430 1100 1620 1141 &locum
1637 1099 1731 1141 dent
1748 1109 1854 1139 verae

30 1164 200 1216 politica>
217 1163 330 1214 hujus
347 1176 444 1204 meae
458 1165 707 1216 narrationis,
739 1163 927 1217 siquidem
955 1172 1086 1213 amant
1123 1162 1239 1204 Italiae
1265 1173 1423 1216 pacem:
1454 1162 1718 1202 aemulationes
1747 1160 1852 1200 enim

32 1225 131 1273 illae,
161 1236 254 1275 quas
285 1225 395 1265 multi
425 1224 492 1266 sibi
521 1227 681 1266 inaniter
710 1224 748 1265 &
780 1225 927 1278 absque
951 1223 1209 1266 fundamento
1239 1224 1524 1276 imaginantur,
1552 1221 1853 1275 gravissimorum

35 1294 211 1334 motuum
232 1283 342 1325 causa
370 1284 476 1335 sunt,
508 1286 597 1326 cum
615 1287 762 1326 nullum
797 1285 845 1326 sit
873 1283 1040 1335 benum,
1070 1282 1179 1340 quod
1201 1295 1282 1326 non
1311 1293 1376 1323 aut
1400 1293 1450 1323 ex
1473 1280 1709 1323 Potentioris
1734 1281 1851 1320 ambi*

32 1345 160 1394 tione,
198 1354 263 1385 aut
282 1344 542 1388 imbecillioris
561 1356 670 1387 metu
690 1347 844 1386 oriatur,

477 1517 1131 1584 SYMBOLUM
1183 1517 1410 1583 XCVI.

20 3022 22 3056 l
167 3020 302 3064 ICtoria
322 3023 362 3064 in
375 3022 485 3063 bellis
496 3019 599 3074 iustis
620 3031 763 3073 'pacem
779 3028 823 3061 ut
841 3017 958 3062 finem
984 3016 1149 3074 spectat,
1179 3017 1228 3061 ad
1246 3019 1348 3065 hanc
1369 3017 1583 3073 siquidem,
1609 3018 1650 3061 ἃ
1668 3017 1716 3062 ad
1739 3021 1850 3073 aequi-

22 3099 23 3109 ¹
194 3094 313 3124 tatem
332 3081 482 3124 hostem
498 3081 678 3131 adducit,
706 3090 822 3134 atque
836 3080 936 3122 adeo
956 3081 1020 3121 illa
1045 3080 1167 3134 magis
1189 3082 1261 3122 erit
1287 3081 1449 3134 gloriosa
1471 3092 1587 3134 quam
1613 3081 1751 3121 minori
1764 3091 1857 3122 cum

22 3170 25 3180 „
198 3143 338 3184 damno
364 3155 422 3183 ars
443 3143 572 3196 largita
597 3139 733 3190 fuerit,
761 3153 843 3182 non
863 3151 1055 3182 armorum
1071 3141 1212 3182 robur.-
1240 3137 1303 3181 illa
1315 3141 1495 3193 inquam;
1525 3151 1610 3192 quae
1631 3141 1756 3182 minus
1769 3141 1854 3193 pul-

23 3199 26 3254 }
47 3213 141 3243 vere
167 3200 205 3242 &
230 3204 407 3258 sanguine
430 3201 594 3255 respersa
608 3199 737 3241 fuerit,
797 3199 965 3243 Palmam
984 3199 1138 3243 dulcem
1162 3198 1350 3243 Horatius
1373 3201 1562 3254 appellat,
1591 3211 1677 3253 quae
1700 3198 1753 3242 sic
1784 3199 1858 3241 ob-

24 3266 27 3304 i
50 3264 192 3302 tinetur

25 3313 29 3363 l
859 3377 1053 3423 iiiriz
1781 3373 1861 3433 (a)

26 3546 29 3575 l

28 3673 33 3730 l
