2132 3730
254 244 343 303 374-
703 241 1045 285 DIDAcl
1108 240 1647 287 SAAVEDRAE

250 329 348 371 fines
377 329 466 370 istos
484 326 699 378 assequendi
716 327 866 379 eripere
879 328 929 367 issi
948 327 1104 380 poterit.
1165 328 1363 369 Auberiius
1383 328 1532 381 insignis
1556 331 1662 370 miles
1690 327 1783 377 fuit,
1812 326 1876 367 sed
1900 324 2053 366 minime

250 388 367 438 felix,
397 387 502 439 quod
516 383 695 426 movisset
713 385 892 427 adversus
914 398 1093 439 magnum
1112 385 1265 427 Ducem
1279 419 1289 436 ,
1320 387 1544 429 destinatum
1570 388 1617 428 ad
1637 388 1857 428 firmandam.
1887 386 1924 424 in
1948 384 2051 424 Italia

248 447 518 489 Monarchiam
541 443 809 497 Hispanicam,
837 446 931 486 Deo
950 448 1126 487 nimirum
1149 445 1374 497 disponente
1399 447 1424 502 <
1437 450 1491 488 uti
1508 448 1545 488 δι
1566 447 1660 489 fecit
1678 459 1764 487 cum
1792 446 1954 497 imperio
1974 443 2052 496 (a)

248 503 471 560 Romano>
499 506 605 545 initia
620 504 718 544 iliius
745 505 782 546 &
813 506 964 555 causas,
994 516 1113 558 opera
1137 505 1320 556 imprimis
1351 507 1467 560 Regis
1495 506 1723 548 Ferdinandi
1748 506 1957 552 Catholici,
1989 504 2054 554 qni

249 565 450 620 prudentia
480 565 541 605 sua
563 564 601 605 &
618 564 799 617 regnandi
819 567 954 617 peritia
973 564 1214 605 Monarchiae
1238 567 1335 606 iliius
1347 565 1491 617 jaceret
1512 567 1780 615 fundamenta,
1811 564 2052 614 eandemque

247 624 474 665 fortitudine
491 625 554 665 sua
577 626 761 677 erigeret,
792 636 838 664 ac
861 625 1052 665 dilataret:
1078 633 1156 664 tarn
1177 633 1345 665 attentus
1363 625 1448 665 sane
1469 625 1517 665 ad
1540 627 1773 666 incrementa
1794 623 1892 663 iilius
1919 625 1949 663 is
1987 622 2053 662 ad-

247 684 458 737 vigilabat,
488 693 531 724 ut
562 685 704 724 nullam
723 713 736 734 ,
767 696 852 735 quae
886 685 962 725 sese
1001 683 1192 724 offerebat
1210 713 1223 733 ,
1255 684 1497 725 occasionem
1537 686 1771 737 negligeret,
1800 686 1919 723 immo
1947 682 2050 721 ultro

247 755 385 785 omnes
410 743 638 792 accerseret,
670 755 762 795 quas
788 743 973 795 judicium
992 744 1200 784 humanum
1224 745 1302 783 ullo
1328 744 1449 784 modo
1477 742 1618 796 assequi
1642 753 1811 795 poterate
1842 752 1918 782 tam
1941 740 2045 780 deni-

246 816 323 857 que
343 805 382 845 in
398 802 629 855 exequendo
648 801 837 852 strenuus,
864 813 907 843 ut
922 804 1065 856 primus
1087 802 1232 855 semper
1255 802 1347 844 esset
1366 805 1404 843 in
1424 803 1627 844 subeundis
1654 800 1853 855 periculis,
1887 801 1923 841 &
1940 801 2047 840 labo-

244 865 350 905 ribus
364 864 585 903 militaribus
609 862 868 910 exantlandis,
897 874 1064 914 cumque
1088 863 1307 903 hominibus
1332 865 1447 916 longe
1468 862 1615 905 facilius
1644 860 1720 911 esse
1748 862 1866 901 soleat
1889 862 2048 900 aliorum
2108 875 2110 878 ’

243 925 380 965 imitari
406 923 648 974 exemplum,
678 922 792 974 quam
822 921 915 974 juffa
943 923 1103 975 exequi,
1134 921 1248 963 dabat
1274 935 1458 976 operam,
1482 933 1525 962 ut
1560 922 1743 975 operibus
1772 920 1869 969 suis,
1896 921 2046 971 potius,

243 995 356 1036 quam
377 981 562 1022 mandatis
584 983 824 1034 praeciperet.
883 980 1033 1022 Verum
1058 983 1147 1033 quia
1162 984 1293 1035 ingens
1308 982 1534 1027 illafabtica
1557 982 1694 1036 egebat
1726 980 1929 1032 operariis,
1958 990 2047 1029 pro-

241 1045 326 1082 tulit
346 1053 433 1081 aetas
460 1044 520 1081 illa
537 1040 560 1095 ζ
576 1054 799 1094 magnorum
824 1040 1008 1082 Virorum
1040 1041 1257 1082 feracisfima
1273 1044 1299 1096 >
1330 1043 1584 1091 Columbum,
1610 1040 1874 1081 Hermannum
1911 1039 2048 1077 Corte-

239 1102 355 1150 sium,
387 1102 522 1141 ambos
541 1101 703 1151 fratres,
734 1101 995 1149 Franciscum,
1026 1101 1064 1141 &
1092 1100 1375 1142 Ferdinandum
1408 1102 1610 1148 Pizarum‚
1642 1101 1855 1141 Antonium
1886 1097 1934 1138 de
1954 1096 2045 1137 Lei·

236 1163 307 1211 ba,
344 1159 579 1211 Fabritium,
610 1161 650 1200 δι
670 1161 925 1213 prosperum,
956 1161 1210 1210 Columnam,
1240 1162 1457 1202 Ramonem
1490 1162 1538 1201 de
1566 1160 1764 1209 Cardona,
1797 1158 2046 1199 Marchiones

235 1220 285 1261 de
314 1221 492 1269 Pescara,
522 1219 560 1260 δι
589 1219 727 1270 Basto,
756 1221 793 1261 δι
828 1222 956 1273 plures
978 1221 1072 1261 alios
1101 1219 1275 1272 Heroe'S,
1308 1230 1386 1265 tam
1409 1220 1592 1272 illustres,
1622 1229 1666 1261 ut
1693 1221 1760 1259 vix
1784 1230 1903 1259 unum
1930 1219 2044 1257 talem

234 1277 377 1335 singula
401 1280 525 1321 ferant
551 1281 694 1321 saecula.
757 1279 821 1320 Ad
849 1278 961 1321 istum
998 1279 1116 1321 finem
1146 1280 1266 1336 longo
1290 1275 1469 1334 tempore
1492 1282 1613 1322 vitam
1640 1291 1777 1333 eorum
1811 1278 1922 1319 Deus
1951 1287 2044 1317 tunc

231 1340 438 1394 produxit,
466 1352 570 1380 nunc
599 1352 679 1381 non
700 1339 809 1381 furor
829 1339 993 1390 Martis,
1022 1340 1088 1380 sed
1114 1341 1217 1382 lenta
1242 1342 1365 1394 aliqua
1384 1340 1504 1382 febris
1519 1353 1603 1382 eam
1623 1350 1717 1391 ante¹
1736 1348 1890 1391 tempus
1918 1337 2042 1392 eripit.

231 1401 334 1441 Intra
355 1412 475 1440 annos
491 1399 642 1452 oppido
665 1405 811 1453 paucos
835 1402 1034 1440 immatura
1053 1408 1181 1440 morte
1207 1401 1374 1441 sublatos
1400 1400 1568 1441 vidimus
1595 1400 1748 1440 Petrum
1779 1398 1829 1439 de
1865 1396 2043 1446 Toledo,

230 1458 481 1501 Ludovicum
507 1459 687 1511 Fajardo,
719 1458 953 1499 Fridericum
982 1458 1031 1498 de
1059 1457 1214 1499 Toledo
1231 1491 1244 1510 ,
1275 1458 1550 1504 Marchionem
1589 1459 1746 1511 Spinola
1763 1487 1777 1507 ,
1809 1456 2043 1498 Consalvum

230 1519 281 1560 de
304 1520 510 1567 Corduba,
541 1518 695 1559 Ducem
714 1518 763 1558 de
793 1517 920 1567 Feria,
952 1517 1222 1558 Marchionem
1244 1517 1293 1558 de
1321 1519 1504 1567 Aytona,
1535 1518 1691 1557 Ducem
1721 1518 1770 1557 de
1796 1513 1952 1565 Lerina,
1975 1515 2041 1568 Jo-

228 1591 366 1620 annem
386 1577 566 1629 Fajardo‚
596 1577 869 1617 Marchionem
888 1576 938 1616 de
955 1575 1139 1624 Zelarda,
1169 1576 1364 1617 Comitem
1397 1575 1447 1617 de
1472 1577 1508 1616 la
1538 1574 1652 1626 Fer-a,
1683 1576 1958 1618 Marchionem
1989 1575 2039 1617 de

227 1638 417 1687 Fuentes‚
449 1637 566 1677 Viros
587 1646 665 1688 tam
695 1634 873 1685 illustres,
903 1643 946 1675 ut
968 1646 1047 1675 non
1062 1636 1186 1676 minus
1203 1635 1333 1689 adepti
1361 1635 1433 1676 fint
1449 1636 1578 1689 gloriae
1597 1647 1647 1676 ex
1673 1637 1786 1676 rebus
1813 1648 1900 1675 cum
1926 1634 2038 1675 laude

223 1697 359 1753 gestis,
391 1708 505 1749 quam
526 1708 575 1737 ex
597 1697 667 1745 iis,
697 1708 781 1747 quae
813 1697 851 1735 in
880 1693 1052 1736 futurum
1081 1695 1206 1736 adhuc
1226 1696 1273 1736 ab
1307 1695 1443 1736 iisdem
1465 1696 1568 1737 orbis
1585 1696 1828 1748 expectabat.
1887 1695 1925 1735 O
1946 1707 2036 1747 pro-

224 1758 384 1800 fundam
400 1757 529 1796 aeterni
558 1754 739 1796 Numinis
762 1754 857 1796 iliius
875 1754 1178 1809 providentiam!
1207 1757 1291 1809 quis
1311 1767 1361 1796 ex
1373 1754 1538 1797 istisnon
1558 1767 1732 1809 argueret
1749 1756 2034 1796 inclinationem

224 1818 466 1859 Monarchiae
487 1815 731 1868 Hispanicae?
761 1814 963 1868 quomodo
983 1815 1133 1856 Claudii
1155 1815 1400 1869 Imperatoris
1422 1817 1662 1869 temporibus
1693 1813 1762 1872 (b)
1789 1815 2034 1856 numerabatur

224 1882 316 1920 inter
335 1876 482 1931 ostenta,
509 1876 694 1917 diminutus
707 1879 847 1916 onmium
865 1873 1141 1929 Magistratuum
1156 1889 1337 1927 muneras,
1359 1875 1544 1932 quaestore,
1573 1875 1683 1926 (edili,
1713 1874 1873 1923 tribuno,
1891 1887 1933 1914 ac
1937 1883 2033 1927 prae·

223 1947 298 1980 tore
320 1937 372 1982 &9
389 1933 531 1986 conside,
553 1944 683 1988 paucos
712 1938 809 1976 intra
832 1949 903 1975 metz
915 1949 950 1974 es
985 1932 1177 1987 dffunffiss
1207 1936 1276 1976 nisi
1309 1936 1549 1985 adverteret,
1578 1935 1671 1975 ideo
1696 1933 1762 1975 ista
1791 1933 1875 1974 tolli
1903 1933 2033 1974 instru-

223 2007 374 2044 menta,
407 2006 448 2034 ut
470 1995 647 2035 testatum
664 1996 842 2034 omnibus
860 1993 947 2043 fiat,
978 1993 1111 2034 divino
1127 1995 1258 2046 potius
1282 1993 1439 2045 favore,
1470 1994 1584 2047 quarn
1605 1995 1749 2035 viribus
1765 1994 1959 2043 humanis,
1977 1996 2033 2034 ni-

223 2060 253 2098 ti
273 2055 606 2097 conservationem
632 2056 729 2094 illius
757 2055 941 2105 potentiae
958 2083 969 2102 ,
1001 2066 1084 2105 quae
1106 2057 1284 2095 columna
1313 2054 1368 2094 est
1390 2055 1569 2107 Reipubl.
1597 2053 1826 2094 Christianae.
1886 2054 2032 2093 Primus

224 2120 287 2158 ilie
306 2114 471 2155 universi
489 2113 628 2153 Motor
644 2115 710 2153 has
734 2126 857 2152 rerum
875 2113 1163 2162 vicissitudines,
1182 2116 1247 2154 has
1275 2114 1527 2166 Imperiorum
1547 2115 1823 2154 alternationes
1850 2111 2028 2165 disponit.

224 2177 358 2216 Unum
379 2174 555 2214 saeculum
580 2174 618 2212 in
638 2185 712 2212 una
735 2174 859 2224 aliqua
885 2172 1086 2212 Provincia
1105 2172 1220 2212 Viros
1239 2185 1394 2224 magnos
1428 2174 1596 2223 suscitat,
1626 2175 1770 2213 excolit
1797 2181 1917 2221 artes,
1947 2174 2012 2212 illu

222 2235 313 2277 strat
335 2246 455 2283 arma,
487 2233 523 2273 &
541 2232 643 2272 aliud
659 2233 817 2284 sequens
843 2244 938 2272 mox
963 2233 1123 2282 evertit,
1153 2232 1190 2272 &
1212 2231 1415 2273 confundit
1443 2233 1592 2283 omnia,
1622 2240 1666 2272 ut
1687 2243 1738 2273 ne
1765 2231 1921 2284 vestigia
1947 2235 2029 2283 qui-

223 2296 312 2336 dem
339 2293 522 2346 supersint
551 2293 732 2342 virtutis,
760 2299 825 2332 aut
847 2290 1108 2342 fortitudinis,
1138 2304 1222 2345 quae
1255 2287 1454 2345 praeteritis
1478 2291 1595 2334 fidem
1620 2290 1773 2333 faciant.
1842 2291 1997 2344 Quanta
2014 2322 2026 2340 ,

222 2356 338 2408 quam
371 2354 524 2394 occulta
543 2353 602 2393 vis
624 2353 662 2393 in
679 2353 761 2393 haec
784 2349 982 2401 inferiora,
1010 2354 1130 2393 immo
1151 2354 1188 2392 in
1205 2352 1305 2404 ipsos
1326 2351 1441 2392 etiam
1469 2353 1643 2401 animos,
1671 2351 1767 2392 inest
1779 2352 1817 2391 in
1842 2350 1961 2391 causls
1984 2352 2028 2391 il-

224 2418 269 2457 lis
299 2413 470 2455 secundis
492 2411 697 2454 coelestium
726 2409 896 2456 orbium!
925 2410 1023 2452 Non
1039 2423 1148 2451 mero
1172 2411 1257 2451 casu
1277 2411 1445 2464 supernae
1460 2411 1531 2452 illae
1554 2409 1672 2452 facies
1694 2410 1850 2450 diversae
1871 2409 1953 2450 sunt
1971 2412 2026 2450 in-

221 2485 281 2516 ter
307 2475 344 2515 se
362 2487 405 2514 ac
422 2472 664 2520 differentes,-
693 2473 772 2511 aliae
796 2472 883 2523 quia
900 2468 1030 2511 statam
1053 2471 1090 2511 &
1111 2470 1226 2511 fixam
1243 2471 1388 2512 habent
1411 2470 1561 2521 sedem,
1592 2471 1671 2511 aliae
1701 2472 1789 2522 quia
1817 2470 1907 2509 hinc
1933 2471 2023 2510 inde

223 2537 428 2580 oberrant;
457 2532 624 2584 cumque
651 2532 880 2583 inaequalitas
896 2531 976 2580 illa,
1007 2530 1290 2571 &inordinatio
1309 2531 1357 2571 ad
1377 2532 1700 2584 pulchritudinem
1716 2527 1872 2571 minime
1893 2528 2022 2579 saciat,

220 2595 368 2648 signum
390 2591 465 2642 est,
493 2604 579 2632 eam
608 2591 737 2632 saltem
764 2589 942 2630 conferre
971 2590 1018 2630 ad
1041 2591 1287 2643 operationes
1315 2591 1352 2632 &
1380 2590 1555 2637 effestus,
1613 2589 2022 2642 OvolumeningenS,

221 2656 260 2696 in
283 2655 389 2705 cujus
407 2654 550 2705 paginis
572 2650 599 2702 ζ
615 2652 760 2703 absque
777 2660 904 2691 tamen
931 2652 1115 2703 potentiae
1141 2651 1232 2698 suae,
1264 2650 1302 2690 &
1324 2651 1464 2691 arbitrii
1492 2651 1645 2691 humani
1670 2650 1941 2702 obligatione)
1965 2661 2020 2688 re-

220 2727 307 2755 rum
329 2715 499 2753 omnium
518 2709 681 2752 effeR'or
701 2723 744 2750 ac
783 2712 939 2750 molitor
963 2710 1074 2750 Deus
1102 2709 1391 2751 Charaeteribus
1409 2711 1504 2751 lucis
1534 2722 1607 2762 pro
1634 2711 1751 2763 gloria
1774 2719 1921 2748 aeternae
1949 2709 2021 2748 suae

220 2774 410 2824 sapientiae
430 2771 622 2824 descripsit
654 2772 884 2811 mutationes
914 2782 1040 2811 rerum
1063 2770 1100 2811 &
1124 2769 1388 2811 viciffitudines
1423 2782 1516 2823 quas
1540 2772 1713 2823 legerunt
1735 2769 1864 2809 saecula
1884 2778 2019 2820 praete‹
2080 2804 2082 2809 Α

218 2835 312 2879 rita,
341 2834 472 2884 legunt
490 2831 703 2883 praesentia,
732 2832 861 2883 legent
881 2827 1019 2870 futura.
1080 2829 1225 2871 Floruit
1250 2831 1341 2871 olim
1360 2829 1509 2872 Graecia
1532 2831 1642 2870 armis
1666 2830 1703 2870 &
1721 2830 1883 2877 artibus,
1912 2827 2017 2867 dedit

219 2892 350 2933 Roma
376 2903 460 2941 quae
477 2891 658 2938 disceret,
687 2902 766 2930 non
788 2902 873 2942 quae
892 2890 1109 2938 inveniret;
1136 2902 1238 2931 nunc
1270 2890 1367 2930 verb
1399 2891 1439 2930 in
1467 2888 1660 2942 profunda
1682 2890 1783 2941 jacet
1810 2888 2019 2940 ignorantia

220 2952 260 2993 &
284 2952 444 2993 vilitate.
504 2949 661 3002 Augusti
679 2950 918 3002 temporibus
936 2951 1084 3002 ingenia
1104 2950 1274 2991 omnium
1295 2952 1410 2990 etiam
1442 2949 1662 3002 superarunt
1687 2947 2016 3000 expectationem,

215 3011 297 3064 jam·
313 3011 403 3050 inde
430 3009 451 3048 a
471 3008 635 3049 Nerone
656 3009 751 3049 vero
772 3010 914 3049 rursum
936 3021 1046 3049 ruere
1065 3019 1284 3061 coeperunt,
1314 3020 1356 3049 ut
1373 3020 1447 3049 nec
1474 3011 1570 3047 ullus
1592 3008 1775 3048 sufficeret
1796 3007 1922 3053 labor,
1940 3018 2013 3045 nec

219 3070 419 3118 industria,
438 3081 520 3121 quae
541 3079 637 3108 artes
655 3071 901 3121 scientiasque
918 3070 964 3108 ab
988 3071 1141 3109 interitu
1161 3070 1397 3121 prohiberet.
1461 3068 1634 3107 Infelices
1661 3068 1772 3107 animi
1788 3067 1838 3105 illi
1864 3068 2013 3115 magni,

220 3134 287 3184 qui
301 3130 539 3170 Monarchiis
551 3128 628 3180 jam
647 3130 860 3170 labentibus
875 3129 1099 3179 nascuntur,
1129 3131 1216 3181 quia
1237 3140 1302 3168 aut
1318 3129 1365 3169 ad
1385 3140 1540 3168 munera
1563 3140 1644 3167 non
1671 3127 1913 3173 adhibentur,
1947 3135 2013 3165 aut

1896 3194 2012 3224 ruinae
2070 3221 2076 3230 x

531 3247 2004 3258 ffl—ffl———d-—m———ss——ffl

218 3319 230 3358 ¹
317 3270 394 3356 gg}
412 3265 667 3364 Strtggbatjwi
679 3263 854 3317 fortuna,
883 3270 921 3304 in
936 3265 1078 3313 άὶνωζβι
1085 3276 1193 3319 parte
1207 3277 1404 3304 terrarum,
1430 3268 1542 3302 initia
1551 3263 1734 3321 causizsque
1745 3267 1895 3318 imperii.
1921 3267 2006 3304 Tac„

234 3347 244 3359 .
262 3332 297 3357 2.
357 3319 379 3355 ἰ
399 3346 406 3355 .
458 3324 475 3367 (
546 3321 632 3355 Tac.
671 3347 679 3355 .
701 3332 757 3356 12.
775 3321 903 3356 Annal.
