2132 3730
483 173 1458 221 SYMBOLAPOLITICA,
1806 182 1865 229 '47

69 279 226 319 quoque
254 266 374 304 calcar
389 261 587 302 admovet.
647 260 877 303 Collaudare
894 269 1023 299 tamen
1042 260 1258 312 promiscue
1273 258 1465 308 subditos,
1493 259 1666 310 periculo
1693 269 1774 297 non
1806 271 1868 299 ca..

68 335 154 366 ret:
185 336 271 365 cum
297 324 397 363 enim
410 321 595 373 judicium
612 322 762 362 illorum
771 321 920 360 vatium
941 319 987 359 fit
1008 328 1123 371 atque
1137 319 1324 360 incertum
1338 349 1352 369 ‚
1379 320 1441 360 illa
1457 329 1557 358 vero
1578 319 1658 358 laus
1685 317 1869 362 sententia

70 385 240 438 quaedam
257 382 360 435 quast
383 380 603 431 definitiva,
634 379 872 433 deprehendi
896 392 985 421 cum
1012 388 1189 430 tempore
1214 380 1382 429 poterit,
1413 389 1560 419 temere
1584 376 1736 431 prorsus
1763 378 1865 419 hanc

69 447 139 487 illis
158 444 281 484 datam
295 440 404 483 fuisse
418 442 591 491 laudem,
621 442 773 482 interim
789 441 948 482 honoris
965 437 1099 480 tuendi
1113 438 1230 490 gratia
1246 436 1428 490 Princeps
1447 437 1509 488 id,
1542 437 1649 490 quod
1669 437 1784 478 semel
1801 450 1868 489 ap-

68 504 271 558 probavit,
299 513 488 543 revocare
506 500 619 541 facile
634 512 716 540 non
741 498 911 546 audebit.
969 498 1116 551 Magna
1129 499 1242 550 igitur
1256 497 1483 548 prudentia,
1511 506 1594 540 tum
1619 500 1696 541 hac
1715 497 1794 550 ipsa
1817 496 1869 537 de

69 562 211 613 caussa,
241 572 324 603 tum
337 570 382 601 ut
404 572 454 602 ne
469 560 622 602 invidiae
639 559 881 602 occasionem
901 558 968 602 det
984 559 1081 606 aliiS,
1109 557 1149 598 in
1163 555 1334 609 personis
1364 556 1561 598 laudandis
1596 569 1697 611 opus
1727 558 1867 605 habet;

67 621 173 675 quod
202 621 241 663 &
258 621 298 663 S.
330 620 492 675 Spiritus
517 619 573 661 est
586 621 823 664 ¹oraculum:
853 617 939 676 (a)
965 618 1065 660 Ante
1097 624 1236 658 mortem
1262 629 1304 657 ne
1328 615 1444 657 laudes
1467 618 1624 658 hominem
1654 631 1867 673 quemquam,

66 682 224 735 Propria
249 681 324 722 fuit
340 681 561 723 Stoicorum
581 682 814 733 praeceptio,
842 679 1036 720 neminem
1050 673 1199 716 temere
1220 675 1433 717 ornandum
1459 675 1657 725 laudibus,
1687 688 1736 716 eo
1760 677 1869 729 quod

64 744 167 785 nulla
184 740 286 793 pene
308 753 369 784 res
386 742 545 783 omnino
562 749 672 784 certo
691 741 862 781 affirmari
879 736 1014 791 poffit,
1042 735 1082 779 δι
1100 747 1175 779 nos
1193 746 1352 792 quoque
1366 738 1405 779 in
1419 737 1464 779 iis
1475 767 1489 788 ‚
1509 748 1594 792 quae
1609 735 1722 780 laude
1735 737 1870 781 viden⁹

67 811 128 846 tur
149 801 280 856 digna,
308 799 400 845 falsa
421 801 526 856 soepe
547 803 733 858 opinione
757 797 996 842 deludamur.
1275 800 1287 805 ”

444 968 1500 1063 SYMBOLUMXE

223 2511 315 2541 men
334 2498 541 2553 propterea
554 2496 678 2548 forte,
692 2496 801 2551 quod
813 2500 1011 2539 occultum
1033 2498 1070 2539 &
1083 2497 1163 2539 fine
1184 2496 1342 2539 testibus
1353 2496 1399 2537 fit
1415 2527 1428 2547 ‚
1458 2506 1592 2537 contra
1613 2498 1769 2538 rationis
1780 2511 1877 2552 praee

5 2463 7 2486 ÷
75 2436 252 2578 COr
277 2440 488 2481 humanum
512 2437 658 2490 sapiens
682 2434 924 2478 architetstrix
952 2446 1086 2479 natura
1117 2438 1158 2478 in
1181 2437 1357 2478 intimum
1382 2434 1521 2489 peetus
1546 2435 1721 2485 abdidit3
1750 2448 1802 2479 ne
1821 2445 1877 2479 tae

224 2560 403 2612 scripturn
424 2559 620 2613 quidpiam
640 2568 769 2611 ageret
787 2589 801 2609 ,
829 2555 904 2599 una
918 2558 1067 2600 homini
1089 2557 1226 2600 indidit
1241 2559 1416 2599 nativum
1450 2558 1557 2598 illum
1579 2557 1748 2598 calorem
1766 2589 1778 2607 ,
1808 2567 1876 2599 aut

5 2649 8 2663 2
73 2622 267 2663 flammam
289 2621 526 2673 sanguineam
546 2651 558 2668 ,
590 2616 663 2671 qua
680 2618 929 2661 Verecundia
946 2619 1117 2661 frontem
1137 2617 1386 2661 succenderet
1398 2647 1411 2669 .,
1442 2616 1481 2658 &
1497 2628 1607 2659 reum
1629 2628 1698 2657 cor
1715 2616 1876 2668 faceret,

73 2682 104 2723 fi
127 2693 202 2734 qua
219 2682 259 2720 in
276 2690 319 2721 re
344 2680 464 2721 abiret
483 2681 531 2721 ab
551 2678 733 2730 honesto,
763 2680 963 2722 sentiretur
985 2681 1092 2720 aliter
1107 2710 1120 2730 ,
1149 2691 1195 2720 ac
1216 2680 1342 2731 lingua
1365 2679 1588 2729 loqueretur
1608 2706 1621 2726 ,
1652 2677 1759 2729 cujus
1786 2679 1880 2718 utri-

74 2753 200 2794 usque
219 2740 323 2782 idem
340 2739 487 2792 semper
511 2739 671 2781 deberet
692 2740 768 2781 effe
795 2749 926 2782 motus
942 2771 955 2789 ,
986 2739 1025 2780 ἀ
1052 2750 1187 2782 mutua
1217 2740 1256 2778 in
1279 2737 1459 2781 omnibus
1478 2735 1690 2778 consensio.
1749 2737 1805 2778 At
1829 2736 1876 2777 si,

74 2813 192 2855 gnum
213 2799 326 2850 illud,
344 2799 452 2853 quod
472 2799 493 2840 a
508 2802 629 2852 prima
649 2799 769 2842 statim
786 2801 950 2855 pueritia
971 2799 1046 2842 sese
1062 2799 1213 2852 prodit,
1230 2798 1365 2839 sensim
1383 2796 1545 2839 obducit
1557 2798 1710 2838 malitia.
1743 2795 1876 2850 Quam

74 2862 130 2902 ob
148 2873 254 2911 rem,
270 2859 358 2901 ciun
386 2860 541 2900 minime
559 2861 774 2912 ignorarent
790 2862 984 2911 Romani,
1013 2862 1146 2913 quanti
1173 2860 1362 2903 momenti
1375 2856 1470 2899 esset
1495 2858 1635 2898 veritas
1654 2886 1667 2908 ,
1695 2856 1744 2897 ad
1767 2855 1879 2899 stabi-

75 2921 219 2962 liendas
233 2922 274 2963 in
294 2919 512 2973 Republica
529 2920 728 2963 hominum
750 2922 952 2964 societates
975 2920 1013 2962 &
1029 2921 1262 2962 commercia
1283 2928 1434 2967 mutua,
1451 2916 1630 2970 adeoque
1651 2918 1745 2958 nihil
1757 2917 1876 2970 magis

7 3025 9 3033 ,
76 2991 264 3034 cuperent
293 3011 308 3031 ,
337 2992 450 3031 quam
467 2988 512 3020 ut
527 2978 773 3022 Verecundia
786 2983 833 3024 ab
857 2993 904 3024 ea
919 2980 1149 3023 desciscendi
1165 2982 1264 3022 inter
1279 2980 1460 3020 mortales
1477 2978 1571 3018 sarta
1590 2975 1692 3018 tedia
1708 2977 1875 3018 servare-

8 3043 10 3045 ’
82 3041 449 3095 tur‚suspendebant
467 3038 747 3092 &parvulorum
762 3044 864 3084 eollo
880 3055 949 3083 cor
961 3052 1119 3083 aureum
1137 3039 1269 3095 (quod
1286 3038 1433 3079 Bullam
1446 3037 1660 3090 dicebant)
1683 3033 1875 3089 hieroglye

77 3099 248 3153 phicum,
272 3101 445 3144 Ausonio
463 3099 558 3142 teste
573 3130 588 3152 ,
604 3099 626 3142 a
641 3100 856 3156 Pythagora
871 3104 1073 3145 inventum
1084 3132 1097 3152 ,
1116 3098 1443 3155 adfignificandam
1452 3099 1744 3153 ingenuitatem,
1759 3106 1881 3148 quarn
1927 3129 1930 3130 γ

1012 3161 1063 3204 Μ
1087 3175 1111 3203 2
1832 3155 1873 3197 in

1358 3217 1869 3236 W

182 3251 241 3297 (a)
266 3252 362 3291 Eccl.
397 3265 454 3292 η,
485 3264 545 3301 30.
