2132 3730
476 232 1457 276 SYMBOLAPOLITICA.
1798 245 1882 288 373

76 299 225 371 §cipio
239 320 278 358 in
295 316 463 356 Africam
484 315 637 366 trajicit,
668 317 705 356 δι
722 316 823 356 ultro
836 316 875 355 se
896 316 1016 356 credit
1033 316 1124 358 fidei
1139 316 1327 358 Africanae
1346 318 1538 370 Siphacis‚
1568 319 1687 358 vitam
1713 317 1814 356 suam
1843 317 1884 357 δε

90 379 247 418 salutem
269 376 461 427 publicam
488 375 589 414 urbis
614 375 749 415 Romae
773 375 813 414 in
838 386 1011 428 apertum
1037 376 1265 416 adducendo
1305 376 1532 421 discrimen:
1559 376 1676 429 Julius
1705 375 1825 415 Caesar
1845 379 1884 416 in

20 399 25 418 l

11 421 43 506 Ξ,
89 438 227 489 exigua
254 437 375 486 aliqua
402 435 577 474 navicula
602 433 723 474 furori
745 433 927 475 Adriatici
959 437 1071 476 maris
1083 436 1120 475 se
1143 437 1371 486 committit,
1397 437 1435 476 &
1461 437 1612 488 utrique
1633 437 1696 477 sua
1720 434 1883 476 feliciter

18 506 25 538 l

15 707 22 727 'r

92 497 195 536 cedit
224 497 428 535 temeritas.
488 491 588 533 Non
603 494 780 533 omnibus
804 493 827 533 a
851 495 1053 546 prudentia
1068 496 1152 535 satis
1179 496 1305 534 caveri
1323 494 1559 547 potest,nec
1574 508 1634 536 res
1649 493 1808 550 grandes
1827 494 1883 534 su-

89 555 339 607 sciperentur,
370 553 398 593 si
416 561 578 592 eventus
595 563 728 592 omnes
747 553 785 593 δε
803 555 970 605 pericula
992 556 1031 594 in
1064 554 1378 595 deliberationem
1413 556 1473 594 illa
1499 556 1677 599 traheret,
1736 553 1882 606 Gaspar

85 611 242 666 Borgias
269 612 475 652 Cardinalis
501 613 688 652 ementito
722 612 854 653 habitu
879 612 1090 665 Neapolim
1108 612 1285 665 ingreffus
1310 613 1388 663 est,
1417 613 1506 654 cum
1532 616 1687 666 plebem
1719 616 1816 654 inter
1842 613 1880 653 &

42 673 45 675 ’
84 671 342 713 Nobilitatem
369 672 592 712 seditionem
611 681 783 713 exortam
798 673 1040 723 intelligeret:
1069 674 1278 729 periculum
1297 673 1438 725 grande
1458 684 1556 722 erar,
1587 672 1753 724 cumque
1769 673 1879 712 eCo·

16 731 22 805 Ξ
86 734 240 774 mitibus
255 733 369 783 aliqui
395 731 518 771 inedia
536 730 708 782 quaedam
725 734 760 772 ei
782 742 1068 784 proponerent,
1100 733 1237 784 quibus
1261 732 1448 773 securitati
1468 735 1542 772 suae
1566 734 1682 785 magis
1709 732 1876 772 consule-

16 806 21 859 Ξ
76 803 163 841 ret,
191 791 386 844 respondit
405 793 531 831 animo
547 792 658 841 plane
683 792 805 831 libero
822 790 860 831 &
877 792 1083 844 generoso:
1116 791 1260 832 Nullum
1284 794 1424 832 nuncin
1444 789 1510 843 isla
1521 791 1677 842 occqfione
1691 790 1875 831 deliberan-

14 853 25 919 ΞῙ
81 849 120 892 di
134 859 264 903 tempta
282 849 349 906 est,
378 849 511 904 aliquid
519 846 608 900 casici
614 848 888 901 pemittendum.
945 850 984 890 Si
1008 849 1096 903 post
1115 862 1247 903 magna
1271 860 1416 903 patrata
1439 850 1630 901 facinora,
1659 853 1697 892 in
1719 850 1872 901 conjun-

82 908 144 950 c‘ta
164 910 272 951 simul
287 911 456 963 pericula
478 909 755 960 conjiceremus
783 911 939 957 oculos,
970 923 1049 950 non
1066 921 1111 950 ea
1132 910 1421 962 aggrederemur
1448 912 1598 951 iterum.
1658 909 1736 963 (a)
1765 909 1874 962 Jaco-

13 924 19 1006 Ξ
79 970 152 1022 bus
175 970 265 1009 Rex
292 970 526 1022 Aragonius,
555 981 643 1010 cum
666 969 768 1009 mille
787 969 998 1021 peditibus,
1028 971 1219 1020 equitibus
1253 972 1431 1010 trecentis
1464 969 1502 1010 &
1525 970 1713 1022 sexaginta
1738 970 1874 1011 urbem

13 1013 18 1084 Ξ
79 1027 299 1070 Valentiam
322 1028 496 1069 obsidere
520 1028 626 1068 ausus
649 1027 729 1078 est,
759 1028 797 1069 &
833 1029 922 1068 licet
947 1030 1125 1068 omnibus
1153 1029 1350 1080 expeditio
1388 1031 1470 1069 haec
1498 1031 1692 1069 temeraria
1727 1028 1875 1068 videre·

12 1090 21 1144 Ξ
78 1099 162 1138 tur,
191 1088 311 1130 immo
328 1089 579 1141 impoffibilis,
608 1088 754 1128 deditio
777 1097 906 1128 tamen
927 1087 1037 1130 facta.
1100 1089 1264 1129 Consilia
1288 1089 1442 1129 audacia
1466 1101 1516 1129 ex
1544 1098 1689 1129 eventu
1718 1085 1802 1128 fere
1814 1087 1872 1139 ju-

12 1145 16 1206 }
78 1148 269 1198 dicantur,
299 1147 504 1189 fifeliciter
532 1156 695 1197 exeunt,
723 1149 921 1188 laudantur
953 1148 975 1188 a
1003 1146 1074 1203 (b)
1102 1149 1304 1201 prudentia
1327 1148 1366 1189 δε
1401 1149 1623 1191 damnantur
1648 1150 1698 1197 ii,
1725 1149 1790 1200 qui
1814 1157 1872 1187 tu-

12 1210 20 1262 ζ
76 1210 174 1248 tiora
204 1207 401 1254 suaserant.
461 1206 624 1248 Nullum
650 1206 706 1248 est
733 1207 935 1258 judicium,
965 1209 1072 1260 quod
1104 1219 1169 1249 aut
1195 1210 1233 1248 in
1267 1205 1382 1248 celeri
1410 1209 1649 1255 temeritate,
1678 1216 1744 1247 aut
1781 1207 1870 1248 cum

11 1263 19 1280 ⁸
74 1266 277 1309 moderate
293 1269 389 1321 agit,
419 1278 558 1308 cavere
591 1266 661 1307 fibi
686 1267 770 1307 satis
793 1268 928 1319 poffit‚
960 1271 1048 1320 quia
1074 1268 1120 1307 ab
1148 1268 1351 1308 eventibus
1382 1265 1545 1316 futuris,
1575 1267 1613 1307 δε
1639 1266 1870 1320 sagaciffimae

74 1328 191 1367 etiam
212 1327 466 1378 providentiae
487 1327 640 1367 incertis
656 1326 889 1378 dependent.
950 1327 1144 1367 Interdum
1169 1328 1360 1368 temeritas
1380 1327 1621 1367 occasionem
1642 1327 1868 1375 antevertit,

71 1385 112 1426 δι
130 1385 363 1438 subsequitur
381 1384 617 1432 moderati0‚
644 1385 833 1424 interdum
849 1387 948 1425 inter
969 1396 1168 1437 utramque
1191 1385 1320 1428 tranfit
1338 1387 1400 1426 illa
1423 1386 1570 1438 subito,
1598 1387 1864 1440 nec,capillum

9 1437 17 1476 ¹⁴
71 1445 192 1495 habet
210 1446 250 1487 in
267 1445 458 1498 occipite,
486 1453 567 1496 quo
584 1441 745 1483 detineri
768 1443 891 1496 poffit.

221 1545 394 1601 fronte
417 1541 646 1614 capillata
670 1541 755 1612 est,
776 1539 864 1611 fid
884 1543 985 1614 post
1013 1521 1178 1609 occasio
1204 1543 1366 1600 calva.

6 1661 9 1670 ’
69 1662 212 1704 Omnia
233 1661 282 1701 ab
305 1668 444 1700 aeterna
463 1656 526 1697 illa
543 1654 787 1710 providentia
808 1655 1050 1710 dependent,
1081 1671 1164 1710 quae
1187 1659 1236 1700 ad
1261 1657 1449 1713 agendum
1470 1670 1543 1699 nos
1571 1658 1775 1701 efficaciter
1791 1661 1859 1703 im-

4 1739 8 1779 Ξ
67 1723 199 1776 pellit,
228 1719 384 1773 quando
400 1716 448 1757 ad
464 1716 635 1768 ejusdem
657 1715 944 1769 dispositionem
964 1718 1002 1760 «St
1022 1718 1204 1760 effeetum
1225 1719 1442 1761 divinorum
1461 1719 1704 1760 decretorum
1730 1722 1780 1760 ita
1796 1732 1863 1760 ex-

4 1782 8 1814 t
65 1782 197 1837 pedit,
226 1781 265 1821 &
284 1790 376 1820 tunc
392 1776 546 1818 consilia
564 1775 718 1816 audacia
737 1788 816 1817 non
831 1777 898 1817 nisi
917 1778 1117 1832 prudentia
1143 1779 1249 1830 sunt,
1277 1791 1423 1820 errores
1440 1791 1536 1819 vero
1557 1778 1747 1819 rectitudo
1762 1780 1863 1832 ipfiss

9 1860 11 1864 ·
66 1842 171 1884 suna.
230 1839 271 1880 Si
287 1837 526 1880 Monarchiae
546 1836 701 1887 alicujus
720 1835 932 1889 superbiam
950 1840 1046 1878 velit
1063 1838 1297 1890 deprimere,
1326 1852 1375 1879 ne
1397 1838 1506 1878 instar
1520 1838 1765 1889 Babylonicae
1783 1848 1862 1880 tur·

2 1893 11 1955 Ξ
64 1902 116 1944 ris
136 1901 274 1942 coelum
289 1907 414 1940 tentet
425 1897 672 1950 contingere,
701 1895 904 1937 confundit
921 1897 1074 1938 consilia
1094 1897 1131 1937 &
1154 1901 1296 1953 linguas
1311 1897 1573 1939 Ministrorum
1587 1927 1600 1948 ,
1631 1910 1681 1939 ne
1697 1901 1860 1940 consen-

2 1957 9 1979 Γ
64 1962 161 2002 tiant
184 1961 283 2000 inter
303 1957 361 2008 se,
389 1955 488 1998 adeo
508 1965 551 1995 ut
579 1955 719 1995 siunus
747 1957 889 1996 calcem
922 1966 1048 2010 petat,
1078 1956 1170 1998 alius
1198 1967 1263 1998 aut
1282 1957 1321 1998 id
1343 1970 1424 1998 non
1455 1958 1661 2011 intelligat,
1690 1968 1756 1999 aut
1780 1970 1860 2000 are--

62 2032 153 2062 narn
174 2020 226 2059 illi
257 2019 437 2071 porrigat.
495 2014 539 2055 In
558 2023 787 2067 praematuro
809 2028 944 2056 eorum
958 2018 1088 2066 obitu,
1126 2019 1190 2069 qui
1215 2029 1303 2058 curn
1330 2017 1475 2058 summo
1500 2018 1663 2069 imperio
1695 2019 1859 2070 praesunt

5 2110 8 2115 .
64 2082 164 2128 aliis,
193 2089 274 2118 non
299 2089 388 2117 eum
410 2075 526 2116 finem
543 2087 620 2127 prae
637 2075 757 2114 oculis
773 2076 910 2124 habet,
941 2086 982 2116 ut
1000 2079 1088 2116 vitre
1103 2077 1206 2119 filum
1233 2078 1276 2116 iis
1299 2077 1518 2128 abrumpat,
1548 2075 1610 2115 sed
1627 2086 1671 2116 ut
1686 2077 1852 2129 majesta-

61 2149 142 2181 tem
163 2140 263 2178 illam
279 2137 385 2177 humi
403 2134 552 2175 sternat.
612 2133 772 2184 Spiritus
791 2134 935 2174 sanetus
958 2136 1156 2176 νίξὲοτῑειιῃ
1178 2135 1341 2175 Davidis
1365 2135 1386 2174 ὲ
1413 2135 1598 2174 Goliatho
1618 2146 1853 2187 reportatam

5 2193 8 2198 ’
62 2198 253 2245 refeoens,
280 2208 359 2236 non
380 2195 491 2241 dicit,
520 2192 646 2243 lapide
662 2203 803 2245 corpus
824 2192 903 2244 ejus
934 2193 1122 2244 dejeftum
1139 2193 1344 2243 fuiffe,sed
1372 2194 1451 2245 ejus
1468 2191 1532 2249 (c)
1561 2195 1850 2237 exultationem.

61 2261 118 2303 At
134 2257 162 2297 fi
179 2254 314 2296 contra
328 2252 595 2294 Monarchiam
620 2252 781 2303 aliquam
802 2253 972 2292 evehere
995 2255 1160 2307 cogitet,
1188 2262 1293 2293 creat
1320 2254 1382 2293 illa
1409 2262 1520 2293 aetate
1540 2265 1696 2305 magnos
1718 2254 1852 2295 Duces

61 2319 101 2359 &
120 2315 382 2363 Consiliarios,
411 2320 475 2353 aut
491 2309 584 2352 facit
608 2312 716 2363 eligi,
747 2310 785 2351 δι
810 2312 1052 2362 occasionem
1082 2315 1126 2353 iis
1155 2313 1300 2366 praebet
1325 2312 1551 2353 exercendae
1585 2312 1818 2354 fortitudinis
1836 2345 1849 2364 ,

60 2377 100 2418 δε
129 2375 272 2416 consilii
288 2375 339 2415 sui
361 2371 476 2414 dandi
497 2370 653 2422 aliquod
675 2370 877 2423 specimen.
942 2371 1022 2426 (d)
1050 2372 1225 2427 Pleraque
1249 2375 1287 2414 in
1302 2369 1435 2424 stamma
1446 2369 1601 2423 fortuna
1621 2370 1774 2426 auspiciis
1798 2373 1850 2419 (ΞΡ

1 2483 4 2486 ,
59 2435 195 2489 cmfiliis
221 2436 373 2487 potius,
400 2443 504 2488 quam
517 2430 593 2471 telis
615 2442 657 2470 ac
675 2431 830 2471 mnibus
839 2439 1021 2483 geruntur.
1077 2431 1189 2473 Tunc
1203 2443 1364 2473 examen
1384 2444 1496 2484 apum
1523 2433 1562 2472 in
1578 2432 1673 2485 ipsas
1697 2433 1849 2474 callides

0 2492 3 2494 ’
59 2497 267 2547 immigrat,
298 2493 336 2533 δι
355 2491 497 2533 florent
512 2500 636 2540 arma,
666 2489 723 2529 uti
744 2489 873 2530 floruit
887 2491 926 2530 in
953 2501 1087 2532 monte
1108 2492 1279 2533 Palatino
1303 2492 1536 2532 venabulum
1569 2491 1727 2533 Romuli
1751 2505 1849 2545 apro

56 2558 303 2599 intentatum.
357 2549 459 2592 Istus
479 2550 593 2591 etiam
608 2560 735 2589 errans
749 2547 974 2590 Fundatoris
990 2551 1086 2591 illius
1110 2551 1349 2592 Monarchiae
1370 2552 1555 2591 Romanoe
1570 2549 1733 2591 feliciter
1747 2553 1847 2592 ceci-

60 2616 139 2664 dit,
165 2622 346 2665 tanquam
370 2610 541 2663 ejusdem
578 2606 878 2662 prognosticon,
908 2619 1023 2661 atque
1049 2609 1147 2651 adeo
1179 2622 1259 2651 non
1288 2610 1435 2662 semper
1457 2608 1647 2649 fortitudo
1675 2609 1749 2660 est,
1779 2619 1846 2651 aut

55 2673 281 2730 prudentia,
313 2683 397 2723 quae
421 2671 529 2722 erigit
543 2677 609 2709 aut
632 2666 809 2709 sustentat
831 2668 860 2723 ζ
869 2669 937 2709 etsi
953 2668 1196 2711 instrumenta
1210 2668 1285 2710 esse
1300 2669 1441 2709 soleant
1458 2667 1764 2724 >Monarchias,
1780 2670 1846 2711 sed

0 2725 2 2729 ὗ
58 2732 239 2786 impulsus
257 2733 319 2771 ille
343 2730 532 2781 superior,
563 2730 627 2780 qui
643 2729 768 2769 causas
789 2740 922 2769 omnes
940 2728 1047 2770 simul
1066 2729 1231 2781 sumptas
1246 2737 1402 2778 movet,
1430 2741 1501 2781 pro
1524 2740 1651 2768 earum
1667 2741 1845 2781 augmen.

58 2804 128 2841 to,
158 2801 222 2832 aut
241 2789 554 2837 conservatione,
584 2787 622 2827 &
646 2797 739 2828 tunc
763 2790 877 2829 etiarn
906 2788 1009 2828 casus
1037 2790 1084 2828 ab
1110 2798 1247 2828 aeterna
1267 2789 1328 2828 illa
1348 2787 1488 2828 Mente
1515 2786 1679 2828 directus
1704 2789 1844 2840 efficit,

58 2852 165 2905 quod
189 2850 389 2903 prudentia
413 2849 568 2889 minime
593 2847 661 2886 s1bi
682 2849 872 2901 imaginari
889 2847 1000 2888 antea
1017 2847 1208 2900 potuiffet.
1266 2847 1367 2887 Cum
1387 2847 1596 2888 rebellasset
1616 2847 1843 2899 Germania,

57 2913 96 2952 &
111 2925 170 2951 res
185 2911 368 2950 Romanae
388 2909 426 2947 in
445 2916 616 2946 extrema
635 2904 753 2947 ess'ent
775 2907 1036 2960 desperatione
1065 2906 1133 2960 (e)
1161 2903 1288 2960 qfficit,
1315 2914 1357 2947 ut
1368 2904 1459 2959 ssepe
1486 2907 1594 2957 alias,
1613 2904 1767 2959 fortuna
1777 2917 1842 2960 po-

52 2974 125 3024 puli
143 2971 290 3012 Romam·
307 2980 356 3007 ex
377 2967 552 3006 Oriente.
609 2965 648 3005 Si
665 2965 713 3005 ad
734 2966 919 3017 ejusmodi
939 2967 1032 3006 fines
1056 2965 1235 3006 destinata
1256 2966 1310 3005 est
1338 2965 1547 3014 fortitudo,
1577 2967 1614 3006 δε
1640 2967 1842 3018 prudentia

56 3033 180 3083 magni
197 3031 349 3079 alicujus
366 3026 528 3074 Herois,
558 3037 675 3066 nemo
695 3027 811 3074 alius,
842 3027 1083 3077 quantumvis
1111 3025 1220 3065 fortis
1253 3026 1290 3065 δε
1313 3027 1473 3067 eximius
1497 3027 1561 3066 ille
1587 3026 1654 3075 sit,
1683 3028 1839 3078 gloriam

852 3085 884 3125 B
900 3089 923 3125 b
939 3087 964 3124 b
980 3086 1005 3124 b
1019 3086 1045 3124 b
1745 3085 1840 3126 fines

151 3170 210 3214 (a)
234 3170 327 3206 Mar.
341 3138 442 3216 Hisp.
466 3165 490 3202 1.
512 3177 568 3202 12.
589 3177 620 3201 c.
647 3176 704 3209 ¹9·
754 3167 816 3211 (b)
840 3171 992 3203 Fortuna
1013 3163 1271 3216 insbpientiam
1289 3162 1390 3215 cfft.
1415 3166 1501 3202 Tac.
1523 3165 1568 3201 de
1589 3177 1690 3201 more
1713 3166 1837 3205 Germ.

53 3220 120 3270 (c)
145 3224 185 3256 In
201 3218 340 3256 tollendo
353 3230 514 3258 manum,
523 3214 744 3267 fizxofundae
763 3216 886 3266 dq‘ecit
907 3217 1163 3254 exultationem
1190 3215 1297 3254 Golia.
1322 3217 1417 3256 Ecel.
1441 3227 1505 3266 47·
1536 3228 1568 3264 3·
1616 3217 1680 3264 (d)
1704 3219 1790 3257 Tac.
1812 3219 1836 3263 l,

60 3287 92 3321 3.
108 3272 234 3309 Annal.
297 3275 357 3319 (e)
379 3272 468 3311 Tac.
484 3269 508 3307 l.
529 3284 561 3317 3.
578 3269 671 3310 Hist.
