<?xml version="1.0" encoding="UTF-8"?>
<!DOCTYPE html PUBLIC "-//W3C//DTD XHTML 1.0 Transitional//EN"
    "http://www.w3.org/TR/xhtml1/DTD/xhtml1-transitional.dtd">
<html xmlns="http://www.w3.org/1999/xhtml" xml:lang="en" lang="en">
 <head>
  <title>
</title>
<meta http-equiv="Content-Type" content="text/html;charset=utf-8" />
  <meta name='ocr-system' content='tesseract 3.04.00' />
  <meta name='ocr-capabilities' content='ocr_page ocr_carea ocr_par ocr_line ocrx_word'/>
</head>
<body>
  <div class='ocr_page' id='page_1' title='image "./didacisaavedraef00saav_0377.png"; bbox 0 0 2132 3730; ppageno 0'>
   <div class='ocr_carea' id='block_1_1' title="bbox 0 459 13 1532">
    <p class='ocr_par' dir='ltr' id='par_1_1' title="bbox 0 459 13 1532">
     <span class='ocr_line' id='line_1_1' title="bbox 0 459 13 1532; baseline 0 0"><span class='ocrx_word' id='word_1_1' title='bbox 0 459 13 1532; x_wconf 95' lang='lat' dir='ltr'><strong> </strong></span> 
     </span>
    </p>
   </div>
   <div class='ocr_carea' id='block_1_2' title="bbox 0 1528 4 3376">
    <p class='ocr_par' dir='ltr' id='par_1_2' title="bbox 0 1528 4 3376">
     <span class='ocr_line' id='line_1_2' title="bbox 0 1528 4 3376; baseline 0 0"><span class='ocrx_word' id='word_1_2' title='bbox 0 1528 4 3376; x_wconf 95' lang='lat' dir='ltr'><strong> </strong></span> 
     </span>
    </p>
   </div>
   <div class='ocr_carea' id='block_1_3' title="bbox 481 250 1844 319">
    <p class='ocr_par' dir='ltr' id='par_1_3' title="bbox 481 250 1844 319">
     <span class='ocr_line' id='line_1_3' title="bbox 481 250 1844 319; baseline 0.009 -29"><span class='ocrx_word' id='word_1_3' title='bbox 481 250 1452 319; x_wconf 55' lang='lat' dir='ltr'><strong>SYglaBOLAPOLITJCA.</strong></span> <span class='ocrx_word' id='word_1_4' title='bbox 1757 270 1844 311; x_wconf 81' lang='lat'><strong>357</strong></span> 
     </span>
    </p>
   </div>
   <div class='ocr_carea' id='block_1_4' title="bbox 233 339 1505 484">
    <p class='ocr_par' dir='ltr' id='par_1_4' title="bbox 233 339 1505 484">
     <span class='ocr_line' id='line_1_4' title="bbox 233 339 1505 418; baseline 0.009 -25"><span class='ocrx_word' id='word_1_5' title='bbox 233 344 321 406; x_wconf 73' lang='lat' dir='ltr'><strong>(a)</strong></span> <span class='ocrx_word' id='word_1_6' title='bbox 348 339 569 401; x_wconf 77' lang='lat' dir='ltr'><strong>L&#39;arme,</strong></span> <span class='ocrx_word' id='word_1_7' title='bbox 587 363 608 395; x_wconf 84' lang='lat' dir='ltr'><strong>e</strong></span> <span class='ocrx_word' id='word_1_8' title='bbox 625 348 645 396; x_wconf 88' lang='lat' dir='ltr'><strong>i</strong></span> <span class='ocrx_word' id='word_1_9' title='bbox 660 343 848 413; x_wconf 63' lang='lat' dir='ltr'><strong>destrier</strong></span> <span class='ocrx_word' id='word_1_10' title='bbox 879 344 1045 415; x_wconf 88' lang='lat' dir='ltr'><strong>d&#39;ostro</strong></span> <span class='ocrx_word' id='word_1_11' title='bbox 1065 352 1279 418; x_wconf 75' lang='lat' dir='ltr'><strong>guerniti</strong></span> <span class='ocrx_word' id='word_1_12' title='bbox 1295 387 1310 407; x_wconf 87' lang='lat'>‚</span> <span class='ocrx_word' id='word_1_13' title='bbox 1341 348 1464 404; x_wconf 75' lang='lat' dir='ltr'><strong>ed&#39;or</strong></span> <span class='ocrx_word' id='word_1_14' title='bbox 1488 387 1505 410; x_wconf 90' lang='lat'><strong><em>‚</em></strong></span> 
     </span>
     <span class='ocr_line' id='line_1_5' title="bbox 233 412 1189 484; baseline 0.008 -19"><span class='ocrx_word' id='word_1_15' title='bbox 233 412 390 466; x_wconf 82' lang='lat' dir='ltr'><strong>Preda</strong></span> <span class='ocrx_word' id='word_1_16' title='bbox 401 415 497 482; x_wconf 67' lang='lat' dir='ltr'><strong>fieti</strong></span> <span class='ocrx_word' id='word_1_17' title='bbox 515 413 669 482; x_wconf 79' lang='lat' dir='ltr'><strong>nostra</strong></span> <span class='ocrx_word' id='word_1_18' title='bbox 690 450 702 470; x_wconf 90' lang='lat'><strong>,</strong></span> <span class='ocrx_word' id='word_1_19' title='bbox 728 433 750 465; x_wconf 84' lang='lat' dir='ltr'><strong>e</strong></span> <span class='ocrx_word' id='word_1_20' title='bbox 775 433 869 467; x_wconf 76' lang='lat' dir='ltr'><strong>non</strong></span> <span class='ocrx_word' id='word_1_21' title='bbox 892 414 993 484; x_wconf 72' lang='lat' dir='ltr'><strong>defi</strong></span> <span class='ocrx_word' id='word_1_22' title='bbox 1016 438 1045 470; x_wconf 77' lang='lat' dir='ltr'><strong>a</strong></span> <span class='ocrx_word' id='word_1_23' title='bbox 1069 419 1189 473; x_wconf 79' lang='lat' dir='ltr'><em>loro.</em></span> 
     </span>
    </p>
   </div>
   <div class='ocr_carea' id='block_1_5' title="bbox 289 501 1683 716">
    <p class='ocr_par' dir='ltr' id='par_1_5' title="bbox 289 501 1683 716">
     <span class='ocr_line' id='line_1_6' title="bbox 292 501 1683 576; baseline 0.004 -19"><span class='ocrx_word' id='word_1_24' title='bbox 292 505 631 576; x_wconf 80' lang='lat' dir='ltr'><em>Nequaquam</em></span> <span class='ocrx_word' id='word_1_25' title='bbox 656 501 845 575; x_wconf 75' lang='lat' dir='ltr'><em>insignes</em></span> <span class='ocrx_word' id='word_1_26' title='bbox 867 506 1074 574; x_wconf 59' lang='lat' dir='ltr'><strong>phalerae</strong></span> <span class='ocrx_word' id='word_1_27' title='bbox 1096 540 1108 559; x_wconf 86' lang='lat'>‚</span> <span class='ocrx_word' id='word_1_28' title='bbox 1146 503 1491 575; x_wconf 65' lang='lat' dir='ltr'><strong>radiantiaque</strong></span> <span class='ocrx_word' id='word_1_29' title='bbox 1524 522 1683 564; x_wconf 44' lang='lat' dir='ltr'><strong>aura*</strong></span> 
     </span>
     <span class='ocr_line' id='line_1_7' title="bbox 291 572 1404 645; baseline 0 -17"><span class='ocrx_word' id='word_1_30' title='bbox 291 580 450 638; x_wconf 79' lang='lat' dir='ltr'><strong>Arma</strong></span> <span class='ocrx_word' id='word_1_31' title='bbox 474 575 590 644; x_wconf 83' lang='lat' dir='ltr'><strong>hosti</strong></span> <span class='ocrx_word' id='word_1_32' title='bbox 605 587 817 628; x_wconf 81' lang='lat' dir='ltr'><strong>tutamen</strong></span> <span class='ocrx_word' id='word_1_33' title='bbox 838 589 974 630; x_wconf 78' lang='lat' dir='ltr'><strong>erunt</strong></span> <span class='ocrx_word' id='word_1_34' title='bbox 991 610 1005 632; x_wconf 85' lang='lat'>‚</span> <span class='ocrx_word' id='word_1_35' title='bbox 1013 572 1110 645; x_wconf 84' lang='lat' dir='ltr'><strong>sed</strong></span> <span class='ocrx_word' id='word_1_36' title='bbox 1122 576 1269 626; x_wconf 69' lang='lat' dir='ltr'><strong>ditior</strong></span> <span class='ocrx_word' id='word_1_37' title='bbox 1295 575 1404 630; x_wconf 79' lang='lat' dir='ltr'><strong>inde</strong></span> 
     </span>
     <span class='ocr_line' id='line_1_8' title="bbox 289 646 902 716; baseline -0.005 -15"><span class='ocrx_word' id='word_1_38' title='bbox 289 649 529 701; x_wconf 83' lang='lat' dir='ltr'><em>Obveniet</em></span> <span class='ocrx_word' id='word_1_39' title='bbox 565 647 700 699; x_wconf 79' lang='lat' dir='ltr'><strong>nobis</strong></span> <span class='ocrx_word' id='word_1_40' title='bbox 720 646 902 716; x_wconf 79' lang='lat' dir='ltr'><strong>praeda.</strong></span> 
     </span>
    </p>
   </div>
   <div class='ocr_carea' id='block_1_6' title="bbox 72 311 326 322">
    <p class='ocr_par' dir='ltr' id='par_1_6' title="bbox 72 311 326 322">
     <span class='ocr_line' id='line_1_9' title="bbox 72 311 326 322; baseline 0 3408"><span class='ocrx_word' id='word_1_41' title='bbox 72 311 326 322; x_wconf 95' lang='lat' dir='ltr'><strong> </strong></span> 
     </span>
    </p>
   </div>
   <div class='ocr_carea' id='block_1_7' title="bbox 330 311 583 320">
    <p class='ocr_par' dir='ltr' id='par_1_7' title="bbox 330 311 583 320">
     <span class='ocr_line' id='line_1_10' title="bbox 330 311 583 320; baseline 0 3410"><span class='ocrx_word' id='word_1_42' title='bbox 330 311 583 320; x_wconf 95' lang='lat' dir='ltr'><strong> </strong></span> 
     </span>
    </p>
   </div>
   <div class='ocr_carea' id='block_1_8' title="bbox 621 314 837 323">
    <p class='ocr_par' dir='ltr' id='par_1_8' title="bbox 621 314 837 323">
     <span class='ocr_line' id='line_1_11' title="bbox 621 314 837 323; baseline 0 3407"><span class='ocrx_word' id='word_1_43' title='bbox 621 314 837 323; x_wconf 95' lang='lat' dir='ltr'><strong> </strong></span> 
     </span>
    </p>
   </div>
   <div class='ocr_carea' id='block_1_9' title="bbox 839 315 1093 325">
    <p class='ocr_par' dir='ltr' id='par_1_9' title="bbox 839 315 1093 325">
     <span class='ocr_line' id='line_1_12' title="bbox 839 315 1093 325; baseline 0 3405"><span class='ocrx_word' id='word_1_44' title='bbox 839 315 1093 325; x_wconf 95' lang='lat' dir='ltr'><strong> </strong></span> 
     </span>
    </p>
   </div>
   <div class='ocr_carea' id='block_1_10' title="bbox 1094 317 1346 325">
    <p class='ocr_par' dir='ltr' id='par_1_10' title="bbox 1094 317 1346 325">
     <span class='ocr_line' id='line_1_13' title="bbox 1094 317 1346 325; baseline 0 3405"><span class='ocrx_word' id='word_1_45' title='bbox 1094 317 1346 325; x_wconf 95' lang='lat' dir='ltr'><strong> </strong></span> 
     </span>
    </p>
   </div>
   <div class='ocr_carea' id='block_1_11' title="bbox 0 760 1850 3026">
    <p class='ocr_par' dir='ltr' id='par_1_11' title="bbox 0 760 1850 3026">
     <span class='ocr_line' id='line_1_14' title="bbox 54 760 1842 823; baseline 0.001 -16"><span class='ocrx_word' id='word_1_46' title='bbox 54 764 107 807; x_wconf 81' lang='lat' dir='ltr'><strong>Et</strong></span> <span class='ocrx_word' id='word_1_47' title='bbox 130 764 278 806; x_wconf 83' lang='lat' dir='ltr'><strong>tametsi</strong></span> <span class='ocrx_word' id='word_1_48' title='bbox 294 763 411 816; x_wconf 85' lang='lat' dir='ltr'><strong>Julius</strong></span> <span class='ocrx_word' id='word_1_49' title='bbox 433 760 554 802; x_wconf 84' lang='lat' dir='ltr'><strong>Caesar</strong></span> <span class='ocrx_word' id='word_1_50' title='bbox 575 772 655 801; x_wconf 88' lang='lat' dir='ltr'><strong>non</strong></span> <span class='ocrx_word' id='word_1_51' title='bbox 675 760 965 802; x_wconf 85' lang='lat' dir='ltr'><strong>incommodum</strong></span> <span class='ocrx_word' id='word_1_52' title='bbox 986 763 1225 803; x_wconf 84' lang='lat' dir='ltr'>arbitraretur</span> <span class='ocrx_word' id='word_1_53' title='bbox 1239 792 1250 810; x_wconf 92' lang='lat'>‚</span> <span class='ocrx_word' id='word_1_54' title='bbox 1282 761 1309 801; x_wconf 83' lang='lat' dir='ltr'><strong>fi</strong></span> <span class='ocrx_word' id='word_1_55' title='bbox 1326 765 1462 805; x_wconf 83' lang='lat' dir='ltr'><strong>milites</strong></span> <span class='ocrx_word' id='word_1_56' title='bbox 1477 765 1532 806; x_wconf 85' lang='lat' dir='ltr'><strong>sui</strong></span> <span class='ocrx_word' id='word_1_57' title='bbox 1550 766 1692 809; x_wconf 80' lang='lat' dir='ltr'><strong>divites</strong></span> <span class='ocrx_word' id='word_1_58' title='bbox 1712 770 1842 823; x_wconf 72' lang='lat' dir='ltr'><strong>effent,</strong></span> 
     </span>
     <span class='ocr_line' id='line_1_15' title="bbox 6 820 1845 885; baseline -0.001 -18"><span class='ocrx_word' id='word_1_59' title='bbox 6 871 9 875; x_wconf 65' lang='grc'><em>,</em></span> <span class='ocrx_word' id='word_1_60' title='bbox 55 825 163 878; x_wconf 86' lang='lat' dir='ltr'><strong>quod</strong></span> <span class='ocrx_word' id='word_1_61' title='bbox 199 823 425 865; x_wconf 80' lang='lat' dir='ltr'><strong>existimaret</strong></span> <span class='ocrx_word' id='word_1_62' title='bbox 442 822 516 862; x_wconf 88' lang='lat' dir='ltr'><strong>hos</strong></span> <span class='ocrx_word' id='word_1_63' title='bbox 544 821 638 861; x_wconf 74' lang='lat' dir='ltr'><strong>tales</strong></span> <span class='ocrx_word' id='word_1_64' title='bbox 667 831 773 868; x_wconf 87' lang='lat' dir='ltr'><strong>metu</strong></span> <span class='ocrx_word' id='word_1_65' title='bbox 791 821 917 860; x_wconf 84' lang='lat' dir='ltr'><strong>damni</strong></span> <span class='ocrx_word' id='word_1_66' title='bbox 946 823 982 861; x_wconf 90' lang='lat' dir='ltr'><strong>in</strong></span> <span class='ocrx_word' id='word_1_67' title='bbox 1009 823 1143 876; x_wconf 85' lang='lat' dir='ltr'><strong>proelio</strong></span> <span class='ocrx_word' id='word_1_68' title='bbox 1162 820 1435 864; x_wconf 83' lang='lat' dir='ltr'><strong>constant-iores</strong></span> <span class='ocrx_word' id='word_1_69' title='bbox 1468 824 1538 881; x_wconf 78' lang='lat' dir='ltr'><strong>(b)</strong></span> <span class='ocrx_word' id='word_1_70' title='bbox 1568 826 1687 877; x_wconf 80' lang='lat' dir='ltr'><strong>fore3</strong></span> <span class='ocrx_word' id='word_1_71' title='bbox 1718 833 1845 885; x_wconf 71' lang='lat' dir='ltr'><strong>ampla</strong></span> 
     </span>
     <span class='ocr_line' id='line_1_16' title="bbox 6 875 1845 937; baseline 0.001 -10"><span class='ocrx_word' id='word_1_72' title='bbox 6 894 9 910; x_wconf 76' lang='lat'><em>³</em></span> <span class='ocrx_word' id='word_1_73' title='bbox 56 896 184 926; x_wconf 88' lang='lat' dir='ltr'><strong>tamen</strong></span> <span class='ocrx_word' id='word_1_74' title='bbox 198 885 315 937; x_wconf 83' lang='lat' dir='ltr'><strong>spolia</strong></span> <span class='ocrx_word' id='word_1_75' title='bbox 343 875 518 923; x_wconf 79' lang='lat' dir='ltr'><strong>venalem</strong></span> <span class='ocrx_word' id='word_1_76' title='bbox 536 880 680 920; x_wconf 77' lang='lat' dir='ltr'><strong>faciunt</strong></span> <span class='ocrx_word' id='word_1_77' title='bbox 696 879 894 920; x_wconf 62' lang='lat' dir='ltr'><strong>victoriam</strong></span> <span class='ocrx_word' id='word_1_78' title='bbox 918 911 930 929; x_wconf 94' lang='lat'>‚</span> <span class='ocrx_word' id='word_1_79' title='bbox 961 890 1076 934; x_wconf 89' lang='lat' dir='ltr'><strong>atque</strong></span> <span class='ocrx_word' id='word_1_80' title='bbox 1100 894 1200 921; x_wconf 83' lang='lat' dir='ltr'><strong>arma</strong></span> <span class='ocrx_word' id='word_1_81' title='bbox 1228 880 1302 921; x_wconf 66' lang='lat' dir='ltr'><strong>solfi</strong></span> <span class='ocrx_word' id='word_1_82' title='bbox 1326 881 1386 922; x_wconf 65' lang='lat' dir='ltr'><strong>fuir</strong></span> <span class='ocrx_word' id='word_1_83' title='bbox 1414 884 1642 927; x_wconf 73' lang='lat' dir='ltr'><strong>fortitudine</strong></span> <span class='ocrx_word' id='word_1_84' title='bbox 1659 900 1845 932; x_wconf 82' lang='lat' dir='ltr'><strong>exornata</strong></span> 
     </span>
     <span class='ocr_line' id='line_1_17' title="bbox 54 939 1846 1000; baseline 0.002 -15"><span class='ocrx_word' id='word_1_85' title='bbox 54 958 140 986; x_wconf 80' lang='lat' dir='ltr'><strong>eam</strong></span> <span class='ocrx_word' id='word_1_86' title='bbox 160 945 367 984; x_wconf 74' lang='lat' dir='ltr'><strong>coemunt:</strong></span> <span class='ocrx_word' id='word_1_87' title='bbox 400 943 506 981; x_wconf 86' lang='lat' dir='ltr'><strong>miles</strong></span> <span class='ocrx_word' id='word_1_88' title='bbox 534 942 634 980; x_wconf 84' lang='lat' dir='ltr'><strong>enim</strong></span> <span class='ocrx_word' id='word_1_89' title='bbox 656 939 880 993; x_wconf 89' lang='lat' dir='ltr'><strong>plerumque</strong></span> <span class='ocrx_word' id='word_1_90' title='bbox 898 943 1013 993; x_wconf 78' lang='lat' dir='ltr'><strong>magis</strong></span> <span class='ocrx_word' id='word_1_91' title='bbox 1027 941 1205 981; x_wconf 83' lang='lat' dir='ltr'><strong>sollicitus</strong></span> <span class='ocrx_word' id='word_1_92' title='bbox 1223 940 1342 982; x_wconf 58' lang='lat' dir='ltr'><strong>est¹de</strong></span> <span class='ocrx_word' id='word_1_93' title='bbox 1360 943 1618 995; x_wconf 69' lang='lat' dir='ltr'><strong>servandoeo,</strong></span> <span class='ocrx_word' id='word_1_94' title='bbox 1641 950 1750 1000; x_wconf 83' lang='lat' dir='ltr'><strong>quod</strong></span> <span class='ocrx_word' id='word_1_95' title='bbox 1782 952 1846 991; x_wconf 84' lang='lat' dir='ltr'><strong>ha.</strong></span> 
     </span>
     <span class='ocr_line' id='line_1_18' title="bbox 6 1000 1844 1058; baseline 0.001 -10"><span class='ocrx_word' id='word_1_96' title='bbox 6 1012 7 1015; x_wconf 77' lang='grc'>’</span> <span class='ocrx_word' id='word_1_97' title='bbox 54 1007 122 1044; x_wconf 76' lang='lat' dir='ltr'><strong>bec</strong></span> <span class='ocrx_word' id='word_1_98' title='bbox 147 1036 159 1053; x_wconf 88' lang='lat'>‚</span> <span class='ocrx_word' id='word_1_99' title='bbox 188 1003 301 1055; x_wconf 64' lang='lat' dir='ltr'><strong>quam</strong></span> <span class='ocrx_word' id='word_1_100' title='bbox 331 1003 379 1042; x_wconf 86' lang='lat' dir='ltr'><strong>de</strong></span> <span class='ocrx_word' id='word_1_101' title='bbox 401 1003 477 1054; x_wconf 87' lang='lat' dir='ltr'><strong>ipsa</strong></span> <span class='ocrx_word' id='word_1_102' title='bbox 495 1000 655 1040; x_wconf 68' lang='lat' dir='ltr'><strong>vietoria</strong></span> <span class='ocrx_word' id='word_1_103' title='bbox 679 1029 693 1050; x_wconf 88' lang='lat'>‚</span> <span class='ocrx_word' id='word_1_104' title='bbox 723 1001 786 1052; x_wconf 88' lang='lat' dir='ltr'><strong>qui</strong></span> <span class='ocrx_word' id='word_1_105' title='bbox 802 1000 1011 1051; x_wconf 84' lang='lat' dir='ltr'><strong>cupiditate</strong></span> <span class='ocrx_word' id='word_1_106' title='bbox 1029 1000 1166 1041; x_wconf 69' lang='lat' dir='ltr'><strong>duetus</strong></span> <span class='ocrx_word' id='word_1_107' title='bbox 1195 1001 1388 1042; x_wconf 86' lang='lat' dir='ltr'><strong>descendit</strong></span> <span class='ocrx_word' id='word_1_108' title='bbox 1412 1005 1447 1044; x_wconf 88' lang='lat' dir='ltr'><strong>in</strong></span> <span class='ocrx_word' id='word_1_109' title='bbox 1472 1008 1674 1058; x_wconf 85' lang='lat' dir='ltr'><strong>proelium,</strong></span> <span class='ocrx_word' id='word_1_110' title='bbox 1707 1010 1754 1050; x_wconf 88' lang='lat' dir='ltr'><strong>ad</strong></span> <span class='ocrx_word' id='word_1_111' title='bbox 1780 1011 1844 1052; x_wconf 75' lang='lat' dir='ltr'><strong>de-</strong></span> 
     </span>
     <span class='ocr_line' id='line_1_19' title="bbox 53 1058 1845 1119; baseline 0.002 -15"><span class='ocrx_word' id='word_1_112' title='bbox 53 1063 271 1104; x_wconf 84' lang='lat' dir='ltr'><strong>bellandum</strong></span> <span class='ocrx_word' id='word_1_113' title='bbox 290 1061 437 1103; x_wconf 85' lang='lat' dir='ltr'><strong>hostem</strong></span> <span class='ocrx_word' id='word_1_114' title='bbox 456 1058 568 1100; x_wconf 71' lang='lat' dir='ltr'><strong>unice</strong></span> <span class='ocrx_word' id='word_1_115' title='bbox 593 1059 753 1099; x_wconf 82' lang='lat' dir='ltr'><strong>intendit</strong></span> <span class='ocrx_word' id='word_1_116' title='bbox 771 1061 935 1100; x_wconf 85' lang='lat' dir='ltr'><strong>animum</strong></span> <span class='ocrx_word' id='word_1_117' title='bbox 957 1092 968 1110; x_wconf 88' lang='lat'><em>,</em></span> <span class='ocrx_word' id='word_1_118' title='bbox 992 1070 1036 1101; x_wconf 91' lang='lat' dir='ltr'><strong>ut</strong></span> <span class='ocrx_word' id='word_1_119' title='bbox 1055 1061 1179 1114; x_wconf 87' lang='lat' dir='ltr'><strong>spoliis</strong></span> <span class='ocrx_word' id='word_1_120' title='bbox 1201 1062 1288 1102; x_wconf 85' lang='lat' dir='ltr'><strong>dein</strong></span> <span class='ocrx_word' id='word_1_121' title='bbox 1308 1064 1488 1114; x_wconf 84' lang='lat' dir='ltr'><strong>potiatur.</strong></span> <span class='ocrx_word' id='word_1_122' title='bbox 1570 1066 1668 1119; x_wconf 85' lang='lat' dir='ltr'><strong>Spes</strong></span> <span class='ocrx_word' id='word_1_123' title='bbox 1696 1070 1789 1110; x_wconf 84' lang='lat' dir='ltr'><strong>lucri</strong></span> <span class='ocrx_word' id='word_1_124' title='bbox 1806 1070 1845 1111; x_wconf 67' lang='grc' dir='ltr'><strong>ἃ,</strong></span> 
     </span>
     <span class='ocr_line' id='line_1_20' title="bbox 53 1118 1846 1176; baseline 0.003 -12"><span class='ocrx_word' id='word_1_125' title='bbox 53 1125 171 1176; x_wconf 85' lang='lat' dir='ltr'><strong>gloria</strong></span> <span class='ocrx_word' id='word_1_126' title='bbox 184 1124 307 1176; x_wconf 83' lang='lat' dir='ltr'><strong>magni</strong></span> <span class='ocrx_word' id='word_1_127' title='bbox 324 1121 473 1175; x_wconf 63' lang='lat' dir='ltr'><strong>pectori</strong></span> <span class='ocrx_word' id='word_1_128' title='bbox 484 1121 652 1160; x_wconf 84' lang='lat' dir='ltr'><strong>humano</strong></span> <span class='ocrx_word' id='word_1_129' title='bbox 670 1119 753 1159; x_wconf 88' lang='lat' dir='ltr'><strong>sunt</strong></span> <span class='ocrx_word' id='word_1_130' title='bbox 773 1118 919 1162; x_wconf 80' lang='lat' dir='ltr'><strong>stimuli.</strong></span> <span class='ocrx_word' id='word_1_131' title='bbox 980 1120 1019 1161; x_wconf 89' lang='grc' dir='ltr'>Ο</span> <span class='ocrx_word' id='word_1_132' title='bbox 1034 1133 1145 1174; x_wconf 87' lang='lat' dir='ltr'><strong>quam</strong></span> <span class='ocrx_word' id='word_1_133' title='bbox 1163 1121 1289 1162; x_wconf 76' lang='lat' dir='ltr'><strong>risisset</strong></span> <span class='ocrx_word' id='word_1_134' title='bbox 1307 1121 1523 1172; x_wconf 84' lang='lat' dir='ltr'><strong>Hannibal,</strong></span> <span class='ocrx_word' id='word_1_135' title='bbox 1552 1126 1581 1166; x_wconf 85' lang='lat' dir='ltr'><strong>sr</strong></span> <span class='ocrx_word' id='word_1_136' title='bbox 1599 1127 1736 1168; x_wconf 88' lang='lat' dir='ltr'><strong>horum</strong></span> <span class='ocrx_word' id='word_1_137' title='bbox 1749 1139 1846 1171; x_wconf 76' lang='lat' dir='ltr'><strong>tem-</strong></span> 
     </span>
     <span class='ocr_line' id='line_1_21' title="bbox 52 1177 1846 1240; baseline 0.004 -19"><span class='ocrx_word' id='word_1_138' title='bbox 52 1196 193 1236; x_wconf 75' lang='lat' dir='ltr'><strong>porum</strong></span> <span class='ocrx_word' id='word_1_139' title='bbox 215 1184 383 1223; x_wconf 84' lang='lat' dir='ltr'><strong>militiam</strong></span> <span class='ocrx_word' id='word_1_140' title='bbox 404 1181 474 1221; x_wconf 86' lang='lat' dir='ltr'><strong>suis</strong></span> <span class='ocrx_word' id='word_1_141' title='bbox 493 1177 696 1231; x_wconf 73' lang='lat' dir='ltr'><strong>usurpasset</strong></span> <span class='ocrx_word' id='word_1_142' title='bbox 708 1180 848 1229; x_wconf 86' lang='lat' dir='ltr'><strong>oculis,</strong></span> <span class='ocrx_word' id='word_1_143' title='bbox 865 1191 940 1220; x_wconf 86' lang='lat' dir='ltr'><strong>tam</strong></span> <span class='ocrx_word' id='word_1_144' title='bbox 959 1182 996 1220; x_wconf 90' lang='lat' dir='ltr'><strong>in</strong></span> <span class='ocrx_word' id='word_1_145' title='bbox 1014 1183 1120 1222; x_wconf 82' lang='lat' dir='ltr'><strong>cultu</strong></span> <span class='ocrx_word' id='word_1_146' title='bbox 1141 1185 1311 1232; x_wconf 85' lang='lat' dir='ltr'><strong>corporis</strong></span> <span class='ocrx_word' id='word_1_147' title='bbox 1325 1181 1537 1236; x_wconf 83' lang='lat' dir='ltr'><strong>elegantem</strong></span> <span class='ocrx_word' id='word_1_148' title='bbox 1556 1197 1601 1226; x_wconf 85' lang='lat' dir='ltr'><strong>ac</strong></span> <span class='ocrx_word' id='word_1_149' title='bbox 1617 1187 1846 1240; x_wconf 85' lang='lat' dir='ltr'><strong>deliciosam,</strong></span> 
     </span>
     <span class='ocr_line' id='line_1_22' title="bbox 5 1234 1847 1301; baseline -0.003 -19"><span class='ocrx_word' id='word_1_150' title='bbox 5 1234 7 1287; x_wconf 46' lang='grc' dir='ltr'><em>ᾗ</em></span> <span class='ocrx_word' id='word_1_151' title='bbox 53 1256 128 1282; x_wconf 75' lang='lat' dir='ltr'><strong>tam</strong></span> <span class='ocrx_word' id='word_1_152' title='bbox 151 1244 302 1283; x_wconf 82' lang='lat' dir='ltr'><strong>lautitiis</strong></span> <span class='ocrx_word' id='word_1_153' title='bbox 331 1239 545 1281; x_wconf 70' lang='lat' dir='ltr'><strong>instruc‘tam</strong></span> <span class='ocrx_word' id='word_1_154' title='bbox 562 1268 574 1288; x_wconf 92' lang='lat'><strong>,</strong></span> <span class='ocrx_word' id='word_1_155' title='bbox 605 1249 647 1278; x_wconf 87' lang='lat' dir='ltr'><strong>ut</strong></span> <span class='ocrx_word' id='word_1_156' title='bbox 665 1240 732 1278; x_wconf 83' lang='lat' dir='ltr'><strong>vix</strong></span> <span class='ocrx_word' id='word_1_157' title='bbox 751 1251 879 1279; x_wconf 76' lang='lat' dir='ltr'><strong>currus</strong></span> <span class='ocrx_word' id='word_1_158' title='bbox 898 1241 1041 1293; x_wconf 66' lang='lat' dir='ltr'><strong>&amp;equi</strong></span> <span class='ocrx_word' id='word_1_159' title='bbox 1063 1241 1112 1280; x_wconf 87' lang='lat' dir='ltr'><strong>ad</strong></span> <span class='ocrx_word' id='word_1_160' title='bbox 1132 1240 1325 1282; x_wconf 60' lang='lat' dir='ltr'><strong>veeturarn</strong></span> <span class='ocrx_word' id='word_1_161' title='bbox 1346 1241 1557 1294; x_wconf 83' lang='lat' dir='ltr'><strong>suppetant.</strong></span> <span class='ocrx_word' id='word_1_162' title='bbox 1628 1246 1847 1301; x_wconf 73' lang='lat' dir='ltr'><strong>Quomodo</strong></span> 
     </span>
     <span class='ocr_line' id='line_1_23' title="bbox 52 1299 1846 1360; baseline 0.004 -18"><span class='ocrx_word' id='word_1_163' title='bbox 52 1304 114 1343; x_wconf 86' lang='lat' dir='ltr'><strong>ille</strong></span> <span class='ocrx_word' id='word_1_164' title='bbox 134 1314 241 1341; x_wconf 77' lang='lat' dir='ltr'><strong>tanto</strong></span> <span class='ocrx_word' id='word_1_165' title='bbox 263 1303 529 1341; x_wconf 81' lang='lat' dir='ltr'><strong>vehiculorum</strong></span> <span class='ocrx_word' id='word_1_166' title='bbox 542 1310 702 1338; x_wconf 84' lang='lat' dir='ltr'><strong>nurnero</strong></span> <span class='ocrx_word' id='word_1_167' title='bbox 722 1299 894 1350; x_wconf 81' lang='lat' dir='ltr'><strong>superare</strong></span> <span class='ocrx_word' id='word_1_168' title='bbox 910 1300 1089 1352; x_wconf 82' lang='lat' dir='ltr'><strong>potuisset</strong></span> <span class='ocrx_word' id='word_1_169' title='bbox 1106 1303 1293 1341; x_wconf 82' lang='lat' dir='ltr'><strong>montium</strong></span> <span class='ocrx_word' id='word_1_170' title='bbox 1312 1301 1580 1351; x_wconf 84' lang='lat' dir='ltr'><strong>Pyrenaeorurn</strong></span> <span class='ocrx_word' id='word_1_171' title='bbox 1595 1306 1846 1360; x_wconf 81' lang='lat' dir='ltr'><strong>asperitatem,</strong></span> 
     </span>
     <span class='ocr_line' id='line_1_24' title="bbox 5 1357 1846 1419; baseline 0.002 -15"><span class='ocrx_word' id='word_1_172' title='bbox 5 1378 8 1408; x_wconf 88' lang='grc'>;</span> <span class='ocrx_word' id='word_1_173' title='bbox 53 1362 90 1402; x_wconf 88' lang='lat'>&amp;</span> <span class='ocrx_word' id='word_1_174' title='bbox 106 1374 175 1413; x_wconf 87' lang='lat' dir='ltr'><strong>per</strong></span> <span class='ocrx_word' id='word_1_175' title='bbox 196 1362 307 1401; x_wconf 77' lang='lat' dir='ltr'><strong>nives</strong></span> <span class='ocrx_word' id='word_1_176' title='bbox 322 1361 478 1411; x_wconf 79' lang='lat' dir='ltr'><strong>Alpium</strong></span> <span class='ocrx_word' id='word_1_177' title='bbox 494 1359 596 1397; x_wconf 87' lang='lat' dir='ltr'><strong>viam</strong></span> <span class='ocrx_word' id='word_1_178' title='bbox 613 1358 679 1396; x_wconf 87' lang='lat' dir='ltr'><strong>fibi</strong></span> <span class='ocrx_word' id='word_1_179' title='bbox 708 1357 959 1408; x_wconf 78' lang='lat' dir='ltr'><strong>patefacere?</strong></span> <span class='ocrx_word' id='word_1_180' title='bbox 988 1373 1068 1400; x_wconf 85' lang='lat' dir='ltr'><strong>non</strong></span> <span class='ocrx_word' id='word_1_181' title='bbox 1090 1363 1278 1400; x_wconf 85' lang='lat' dir='ltr'><strong>exercitus</strong></span> <span class='ocrx_word' id='word_1_182' title='bbox 1300 1361 1480 1401; x_wconf 85' lang='lat' dir='ltr'><strong>videntur</strong></span> <span class='ocrx_word' id='word_1_183' title='bbox 1499 1363 1617 1404; x_wconf 86' lang='lat' dir='ltr'><strong>hodie</strong></span> <span class='ocrx_word' id='word_1_184' title='bbox 1641 1365 1665 1419; x_wconf 81' lang='grc'>&lt;</span> <span class='ocrx_word' id='word_1_185' title='bbox 1683 1367 1719 1406; x_wconf 85' lang='lat' dir='ltr'><strong>in</strong></span> <span class='ocrx_word' id='word_1_186' title='bbox 1747 1367 1846 1409; x_wconf 90' lang='lat' dir='ltr'><strong>Ger-</strong></span> 
     </span>
     <span class='ocr_line' id='line_1_25' title="bbox 5 1415 1847 1472; baseline 0.002 -9"><span class='ocrx_word' id='word_1_187' title='bbox 5 1447 8 1470; x_wconf 83' lang='lat'><em>;</em></span> <span class='ocrx_word' id='word_1_188' title='bbox 52 1424 176 1463; x_wconf 85' lang='lat' dir='ltr'><strong>mania</strong></span> <span class='ocrx_word' id='word_1_189' title='bbox 203 1417 447 1472; x_wconf 63' lang='lat' dir='ltr'><strong>praesertim&gt;</strong></span> <span class='ocrx_word' id='word_1_190' title='bbox 478 1415 542 1456; x_wconf 88' lang='lat' dir='ltr'><strong>sed</strong></span> <span class='ocrx_word' id='word_1_191' title='bbox 565 1416 789 1467; x_wconf 83' lang='lat' dir='ltr'><strong>ampliffimae</strong></span> <span class='ocrx_word' id='word_1_192' title='bbox 817 1415 1032 1458; x_wconf 88' lang='lat' dir='ltr'><strong>Nationum</strong></span> <span class='ocrx_word' id='word_1_193' title='bbox 1059 1420 1219 1458; x_wconf 86' lang='lat' dir='ltr'><strong>eoloniae</strong></span> <span class='ocrx_word' id='word_1_194' title='bbox 1237 1449 1251 1467; x_wconf 83' lang='lat'>,</span> <span class='ocrx_word' id='word_1_195' title='bbox 1283 1433 1367 1471; x_wconf 83' lang='lat' dir='ltr'><strong>quae</strong></span> <span class='ocrx_word' id='word_1_196' title='bbox 1392 1421 1438 1459; x_wconf 88' lang='lat' dir='ltr'><strong>ab</strong></span> <span class='ocrx_word' id='word_1_197' title='bbox 1467 1434 1546 1461; x_wconf 89' lang='lat' dir='ltr'><strong>uno</strong></span> <span class='ocrx_word' id='word_1_198' title='bbox 1563 1425 1651 1463; x_wconf 86' lang='lat' dir='ltr'><strong>loco</strong></span> <span class='ocrx_word' id='word_1_199' title='bbox 1673 1427 1711 1465; x_wconf 88' lang='lat' dir='ltr'><strong>in</strong></span> <span class='ocrx_word' id='word_1_200' title='bbox 1732 1416 1847 1470; x_wconf 71' lang='lat' dir='ltr'><strong>alium</strong></span> 
     </span>
     <span class='ocr_line' id='line_1_26' title="bbox 6 1472 1847 1535; baseline -0.005 -11"><span class='ocrx_word' id='word_1_201' title='bbox 6 1485 8 1501; x_wconf 76' lang='lat'>²</span> <span class='ocrx_word' id='word_1_202' title='bbox 51 1482 302 1533; x_wconf 81' lang='lat' dir='ltr'><strong>commigrant</strong></span> <span class='ocrx_word' id='word_1_203' title='bbox 325 1510 341 1527; x_wconf 82' lang='grc'><em>,</em></span> <span class='ocrx_word' id='word_1_204' title='bbox 369 1478 554 1517; x_wconf 83' lang='lat' dir='ltr'><strong>ducentes</strong></span> <span class='ocrx_word' id='word_1_205' title='bbox 587 1475 712 1514; x_wconf 83' lang='lat' dir='ltr'><strong>secum</strong></span> <span class='ocrx_word' id='word_1_206' title='bbox 741 1472 912 1515; x_wconf 80' lang='lat' dir='ltr'><strong>Familias</strong></span> <span class='ocrx_word' id='word_1_207' title='bbox 942 1479 1102 1530; x_wconf 83' lang='lat' dir='ltr'><strong>integras</strong></span> <span class='ocrx_word' id='word_1_208' title='bbox 1121 1506 1131 1522; x_wconf 78' lang='grc'><em>,</em></span> <span class='ocrx_word' id='word_1_209' title='bbox 1163 1477 1199 1516; x_wconf 85' lang='lat'>&amp;</span> <span class='ocrx_word' id='word_1_210' title='bbox 1224 1489 1379 1519; x_wconf 88' lang='lat' dir='ltr'><strong>omnem</strong></span> <span class='ocrx_word' id='word_1_211' title='bbox 1409 1479 1545 1521; x_wconf 86' lang='lat' dir='ltr'><strong>aedium</strong></span> <span class='ocrx_word' id='word_1_212' title='bbox 1576 1483 1847 1535; x_wconf 68' lang='lat' dir='ltr'><strong>supelleffilem</strong></span> 
     </span>
     <span class='ocr_line' id='line_1_27' title="bbox 51 1533 1847 1594; baseline -0.003 -12"><span class='ocrx_word' id='word_1_213' title='bbox 51 1550 234 1594; x_wconf 80' lang='lat' dir='ltr'><strong>tanquam</strong></span> <span class='ocrx_word' id='word_1_214' title='bbox 256 1539 284 1578; x_wconf 82' lang='lat' dir='ltr'>ss</span> <span class='ocrx_word' id='word_1_215' title='bbox 302 1539 391 1579; x_wconf 89' lang='lat' dir='ltr'><strong>belli</strong></span> <span class='ocrx_word' id='word_1_216' title='bbox 410 1534 654 1577; x_wconf 83' lang='lat' dir='ltr'><strong>instrumenta</strong></span> <span class='ocrx_word' id='word_1_217' title='bbox 673 1533 813 1574; x_wconf 89' lang='lat' dir='ltr'><strong>forent.</strong></span> <span class='ocrx_word' id='word_1_218' title='bbox 873 1535 1041 1577; x_wconf 86' lang='lat' dir='ltr'><strong>Similem</strong></span> <span class='ocrx_word' id='word_1_219' title='bbox 1062 1536 1263 1588; x_wconf 84' lang='lat' dir='ltr'><strong>disciplinae</strong></span> <span class='ocrx_word' id='word_1_220' title='bbox 1287 1539 1538 1580; x_wconf 84' lang='lat' dir='ltr'><strong>remillionem</strong></span> <span class='ocrx_word' id='word_1_221' title='bbox 1562 1542 1598 1581; x_wconf 88' lang='lat' dir='ltr'><strong>in</strong></span> <span class='ocrx_word' id='word_1_222' title='bbox 1630 1543 1847 1587; x_wconf 80' lang='lat' dir='ltr'><strong>Othonise-</strong></span> 
     </span>
     <span class='ocr_line' id='line_1_28' title="bbox 6 1591 1847 1654; baseline -0.003 -11"><span class='ocrx_word' id='word_1_223' title='bbox 6 1592 7 1597; x_wconf 31' lang='lat'>¹</span> <span class='ocrx_word' id='word_1_224' title='bbox 51 1602 202 1642; x_wconf 77' lang='lat' dir='ltr'><strong>xercitu</strong></span> <span class='ocrx_word' id='word_1_225' title='bbox 217 1597 282 1653; x_wconf 77' lang='lat' dir='ltr'><strong>(c)</strong></span> <span class='ocrx_word' id='word_1_226' title='bbox 307 1597 458 1637; x_wconf 79' lang='lat' dir='ltr'><strong>notavit</strong></span> <span class='ocrx_word' id='word_1_227' title='bbox 478 1593 646 1633; x_wconf 84' lang='lat' dir='ltr'><strong>Tacitus.</strong></span> <span class='ocrx_word' id='word_1_228' title='bbox 705 1591 870 1634; x_wconf 89' lang='lat' dir='ltr'><strong>Nullum</strong></span> <span class='ocrx_word' id='word_1_229' title='bbox 887 1594 941 1635; x_wconf 87' lang='lat' dir='ltr'><strong>est</strong></span> <span class='ocrx_word' id='word_1_230' title='bbox 965 1606 1042 1636; x_wconf 83' lang='lat' dir='ltr'><strong>tam</strong></span> <span class='ocrx_word' id='word_1_231' title='bbox 1061 1598 1286 1647; x_wconf 86' lang='lat' dir='ltr'><strong>opulentum</strong></span> <span class='ocrx_word' id='word_1_232' title='bbox 1310 1597 1493 1650; x_wconf 89' lang='lat' dir='ltr'><strong>Principis</strong></span> <span class='ocrx_word' id='word_1_233' title='bbox 1516 1601 1682 1644; x_wconf 78' lang='lat' dir='ltr'><strong>aerarium</strong></span> <span class='ocrx_word' id='word_1_234' title='bbox 1703 1634 1716 1654; x_wconf 87' lang='lat'>‚</span> <span class='ocrx_word' id='word_1_235' title='bbox 1745 1607 1847 1646; x_wconf 69' lang='lat' dir='ltr'><strong>nulla</strong></span> 
     </span>
     <span class='ocr_line' id='line_1_29' title="bbox 6 1652 1846 1711; baseline -0.002 -8"><span class='ocrx_word' id='word_1_236' title='bbox 6 1653 7 1657; x_wconf 30' lang='lat'>¹</span> <span class='ocrx_word' id='word_1_237' title='bbox 52 1661 256 1702; x_wconf 79' lang='lat' dir='ltr'><strong>Provincia</strong></span> <span class='ocrx_word' id='word_1_238' title='bbox 274 1668 351 1697; x_wconf 84' lang='lat' dir='ltr'><strong>tam</strong></span> <span class='ocrx_word' id='word_1_239' title='bbox 361 1657 474 1696; x_wconf 87' lang='lat' dir='ltr'><strong>rebus</strong></span> <span class='ocrx_word' id='word_1_240' title='bbox 485 1652 786 1704; x_wconf 82' lang='lat' dir='ltr'><strong>abundans‚quae</strong></span> <span class='ocrx_word' id='word_1_241' title='bbox 803 1654 850 1693; x_wconf 87' lang='lat' dir='ltr'><strong>ad</strong></span> <span class='ocrx_word' id='word_1_242' title='bbox 863 1667 930 1694; x_wconf 84' lang='lat' dir='ltr'><strong>eos</strong></span> <span class='ocrx_word' id='word_1_243' title='bbox 950 1654 1207 1695; x_wconf 80' lang='lat' dir='ltr'><strong>sustentandos</strong></span> <span class='ocrx_word' id='word_1_244' title='bbox 1227 1656 1391 1699; x_wconf 80' lang='lat' dir='ltr'><strong>sufficiat.</strong></span> <span class='ocrx_word' id='word_1_245' title='bbox 1449 1658 1578 1711; x_wconf 83' lang='lat' dir='ltr'><strong>AEque</strong></span> <span class='ocrx_word' id='word_1_246' title='bbox 1596 1663 1723 1703; x_wconf 84' lang='lat' dir='ltr'><strong>amicis</strong></span> <span class='ocrx_word' id='word_1_247' title='bbox 1736 1668 1846 1706; x_wconf 71' lang='lat' dir='ltr'><strong>noxii</strong></span> 
     </span>
     <span class='ocr_line' id='line_1_30' title="bbox 50 1713 1844 1774; baseline -0.003 -13"><span class='ocrx_word' id='word_1_248' title='bbox 50 1721 135 1762; x_wconf 83' lang='lat' dir='ltr'><strong>sunt</strong></span> <span class='ocrx_word' id='word_1_249' title='bbox 155 1720 332 1760; x_wconf 86' lang='lat' dir='ltr'><strong>nimirum</strong></span> <span class='ocrx_word' id='word_1_250' title='bbox 359 1729 402 1756; x_wconf 88' lang='lat' dir='ltr'><strong>ac</strong></span> <span class='ocrx_word' id='word_1_251' title='bbox 426 1713 599 1756; x_wconf 83' lang='lat' dir='ltr'><strong>hostibus</strong></span> <span class='ocrx_word' id='word_1_252' title='bbox 618 1723 630 1756; x_wconf 74' lang='lat' dir='ltr'><strong>t</strong></span> <span class='ocrx_word' id='word_1_253' title='bbox 660 1725 743 1764; x_wconf 86' lang='lat' dir='ltr'><strong>quae</strong></span> <span class='ocrx_word' id='word_1_254' title='bbox 772 1714 911 1754; x_wconf 75' lang='lat' dir='ltr'><strong>laxatio</strong></span> <span class='ocrx_word' id='word_1_255' title='bbox 933 1727 1002 1768; x_wconf 87' lang='lat' dir='ltr'><strong>per</strong></span> <span class='ocrx_word' id='word_1_256' title='bbox 1033 1713 1186 1755; x_wconf 86' lang='lat' dir='ltr'><strong>Ducem</strong></span> <span class='ocrx_word' id='word_1_257' title='bbox 1203 1714 1444 1758; x_wconf 84' lang='lat' dir='ltr'><strong>Fridlandum</strong></span> <span class='ocrx_word' id='word_1_258' title='bbox 1461 1719 1676 1761; x_wconf 58' lang='lat' dir='ltr'><strong>introducita</strong></span> <span class='ocrx_word' id='word_1_259' title='bbox 1693 1723 1784 1774; x_wconf 66' lang='lat' dir='ltr'><strong>fuit,</strong></span> <span class='ocrx_word' id='word_1_260' title='bbox 1802 1737 1844 1765; x_wconf 88' lang='lat' dir='ltr'><strong>ut</strong></span> 
     </span>
     <span class='ocr_line' id='line_1_31' title="bbox 49 1775 1847 1836; baseline -0.003 -15"><span class='ocrx_word' id='word_1_261' title='bbox 49 1779 162 1822; x_wconf 75' lang='lat' dir='ltr'><strong>tanto</strong></span> <span class='ocrx_word' id='word_1_262' title='bbox 186 1780 377 1830; x_wconf 83' lang='lat' dir='ltr'><strong>majorem</strong></span> <span class='ocrx_word' id='word_1_263' title='bbox 395 1777 554 1815; x_wconf 82' lang='lat' dir='ltr'><strong>militum</strong></span> <span class='ocrx_word' id='word_1_264' title='bbox 575 1784 629 1813; x_wconf 90' lang='lat' dir='ltr'><strong>nu</strong></span> <span class='ocrx_word' id='word_1_265' title='bbox 642 1784 777 1813; x_wconf 61' lang='lat' dir='ltr'><strong>nerum</strong></span> <span class='ocrx_word' id='word_1_266' title='bbox 795 1775 1009 1826; x_wconf 84' lang='lat' dir='ltr'><strong>colligeret,</strong></span> <span class='ocrx_word' id='word_1_267' title='bbox 1039 1777 1200 1826; x_wconf 83' lang='lat' dir='ltr'><strong>integras</strong></span> <span class='ocrx_word' id='word_1_268' title='bbox 1220 1775 1439 1817; x_wconf 85' lang='lat' dir='ltr'><strong>Provincias</strong></span> <span class='ocrx_word' id='word_1_269' title='bbox 1455 1791 1589 1819; x_wconf 85' lang='lat' dir='ltr'><strong>eorum</strong></span> <span class='ocrx_word' id='word_1_270' title='bbox 1607 1784 1745 1833; x_wconf 74' lang='lat' dir='ltr'><strong>rapinae</strong></span> <span class='ocrx_word' id='word_1_271' title='bbox 1761 1798 1847 1836; x_wconf 71' lang='lat' dir='ltr'><strong>per..</strong></span> 
     </span>
     <span class='ocr_line' id='line_1_32' title="bbox 4 1831 1846 1890; baseline -0.005 -8"><span class='ocrx_word' id='word_1_272' title='bbox 4 1877 7 1882; x_wconf 91' lang='lat'>.</span> <span class='ocrx_word' id='word_1_273' title='bbox 52 1838 245 1881; x_wconf 86' lang='lat' dir='ltr'><strong>mittendo</strong></span> <span class='ocrx_word' id='word_1_274' title='bbox 261 1869 272 1887; x_wconf 90' lang='lat'>‚</span> <span class='ocrx_word' id='word_1_275' title='bbox 302 1835 409 1888; x_wconf 84' lang='lat' dir='ltr'><strong>quod</strong></span> <span class='ocrx_word' id='word_1_276' title='bbox 438 1834 609 1874; x_wconf 83' lang='lat' dir='ltr'><strong>nonnulli</strong></span> <span class='ocrx_word' id='word_1_277' title='bbox 626 1831 715 1872; x_wconf 78' lang='lat' dir='ltr'><strong>ideo</strong></span> <span class='ocrx_word' id='word_1_278' title='bbox 741 1832 884 1874; x_wconf 75' lang='lat' dir='ltr'><strong>faetum</strong></span> <span class='ocrx_word' id='word_1_279' title='bbox 903 1834 1135 1882; x_wconf 83' lang='lat' dir='ltr'><strong>existimant‚</strong></span> <span class='ocrx_word' id='word_1_280' title='bbox 1164 1844 1207 1875; x_wconf 87' lang='lat' dir='ltr'><strong>ut</strong></span> <span class='ocrx_word' id='word_1_281' title='bbox 1230 1848 1283 1876; x_wconf 84' lang='lat' dir='ltr'><strong>eae</strong></span> <span class='ocrx_word' id='word_1_282' title='bbox 1300 1837 1353 1877; x_wconf 84' lang='lat' dir='ltr'><strong>fic</strong></span> <span class='ocrx_word' id='word_1_283' title='bbox 1369 1837 1555 1890; x_wconf 87' lang='lat' dir='ltr'><strong>oppressae</strong></span> <span class='ocrx_word' id='word_1_284' title='bbox 1572 1852 1617 1879; x_wconf 87' lang='lat' dir='ltr'><strong>ac</strong></span> <span class='ocrx_word' id='word_1_285' title='bbox 1641 1841 1846 1884; x_wconf 68' lang='lat' dir='ltr'><strong>debffitatae</strong></span> 
     </span>
     <span class='ocr_line' id='line_1_33' title="bbox 3 1892 1850 1948; baseline -0.001 -6"><span class='ocrx_word' id='word_1_286' title='bbox 3 1926 7 1931; x_wconf 89' lang='lat'><em>·</em></span> <span class='ocrx_word' id='word_1_287' title='bbox 53 1910 190 1941; x_wconf 77' lang='lat' dir='ltr'><strong>contra</strong></span> <span class='ocrx_word' id='word_1_288' title='bbox 208 1899 305 1939; x_wconf 82' lang='lat' dir='ltr'><strong>illius</strong></span> <span class='ocrx_word' id='word_1_289' title='bbox 330 1897 431 1936; x_wconf 85' lang='lat' dir='ltr'><strong>vires</strong></span> <span class='ocrx_word' id='word_1_290' title='bbox 451 1895 639 1946; x_wconf 82' lang='lat' dir='ltr'><strong>insurgere</strong></span> <span class='ocrx_word' id='word_1_291' title='bbox 665 1895 825 1946; x_wconf 85' lang='lat' dir='ltr'><strong>amplius</strong></span> <span class='ocrx_word' id='word_1_292' title='bbox 846 1894 948 1934; x_wconf 77' lang='lat' dir='ltr'><strong>haud</strong></span> <span class='ocrx_word' id='word_1_293' title='bbox 966 1892 1115 1948; x_wconf 90' lang='lat' dir='ltr'><strong>possent</strong></span> <span class='ocrx_word' id='word_1_294' title='bbox 1129 1924 1141 1941; x_wconf 94' lang='lat'><strong>‚</strong></span> <span class='ocrx_word' id='word_1_295' title='bbox 1171 1905 1236 1935; x_wconf 89' lang='lat' dir='ltr'><strong>aut</strong></span> <span class='ocrx_word' id='word_1_296' title='bbox 1251 1907 1293 1936; x_wconf 87' lang='lat' dir='ltr'><strong>ut</strong></span> <span class='ocrx_word' id='word_1_297' title='bbox 1316 1897 1388 1938; x_wconf 86' lang='lat' dir='ltr'><strong>hac</strong></span> <span class='ocrx_word' id='word_1_298' title='bbox 1419 1899 1570 1939; x_wconf 86' lang='lat' dir='ltr'><strong>licentia</strong></span> <span class='ocrx_word' id='word_1_299' title='bbox 1590 1904 1803 1945; x_wconf 83' lang='lat' dir='ltr'><strong>exercitum</strong></span> <span class='ocrx_word' id='word_1_300' title='bbox 1820 1906 1850 1944; x_wconf 88' lang='lat' dir='ltr'><strong>i·</strong></span> 
     </span>
     <span class='ocr_line' id='line_1_34' title="bbox 4 1950 1845 2013; baseline -0.009 1"><span class='ocrx_word' id='word_1_301' title='bbox 4 1967 6 1984; x_wconf 72' lang='lat'>²</span> <span class='ocrx_word' id='word_1_302' title='bbox 50 1961 160 2013; x_wconf 68' lang='lat' dir='ltr'><strong>Psssm</strong></span> <span class='ocrx_word' id='word_1_303' title='bbox 177 1966 378 1999; x_wconf 67' lang='lat' dir='ltr'><strong>essesVaset</strong></span> <span class='ocrx_word' id='word_1_304' title='bbox 395 1985 407 2003; x_wconf 71' lang='lat'>9</span> <span class='ocrx_word' id='word_1_305' title='bbox 434 1954 595 1993; x_wconf 73' lang='lat' dir='ltr'><strong>Caecissae</strong></span> <span class='ocrx_word' id='word_1_306' title='bbox 620 1951 781 1994; x_wconf 85' lang='lat' dir='ltr'><strong>modum</strong></span> <span class='ocrx_word' id='word_1_307' title='bbox 796 1955 982 2005; x_wconf 85' lang='lat' dir='ltr'><strong>imitatus,</strong></span> <span class='ocrx_word' id='word_1_308' title='bbox 1002 1955 1064 1994; x_wconf 87' lang='lat' dir='ltr'><strong>cui</strong></span> <span class='ocrx_word' id='word_1_309' title='bbox 1080 1950 1345 2009; x_wconf 74' lang='lat' dir='ltr'><strong>&lt;d)pe1fidiam</strong></span> <span class='ocrx_word' id='word_1_310' title='bbox 1360 1956 1538 1999; x_wconf 79' lang='lat' dir='ltr'><strong>meditanti</strong></span> <span class='ocrx_word' id='word_1_311' title='bbox 1554 1957 1845 2013; x_wconf 59' lang='lat' dir='ltr'><strong>affriagereexer.</strong></span> 
     </span>
     <span class='ocr_line' id='line_1_35' title="bbox 47 2016 701 2064; baseline -0.017 -3"><span class='ocrx_word' id='word_1_312' title='bbox 47 2019 139 2061; x_wconf 76' lang='lat' dir='ltr'><strong>citas</strong></span> <span class='ocrx_word' id='word_1_313' title='bbox 155 2021 324 2058; x_wconf 73' lang='lat' dir='ltr'><strong>virtutem</strong></span> <span class='ocrx_word' id='word_1_314' title='bbox 338 2047 350 2064; x_wconf 88' lang='grc'>,</span> <span class='ocrx_word' id='word_1_315' title='bbox 382 2016 472 2054; x_wconf 74' lang='lat' dir='ltr'><strong>inter</strong></span> <span class='ocrx_word' id='word_1_316' title='bbox 495 2020 590 2052; x_wconf 78' lang='lat' dir='ltr'><strong>artes</strong></span> <span class='ocrx_word' id='word_1_317' title='bbox 611 2019 701 2051; x_wconf 82' lang='lat' dir='ltr'><strong>erat.</strong></span> 
     </span>
     <span class='ocr_line' id='line_1_36' title="bbox 225 2071 1849 2127; baseline 0.003 -11"><span class='ocrx_word' id='word_1_318' title='bbox 225 2078 354 2127; x_wconf 80' lang='lat' dir='ltr'><strong>Atque</strong></span> <span class='ocrx_word' id='word_1_319' title='bbox 372 2075 434 2113; x_wconf 71' lang='lat' dir='ltr'><strong>liic</strong></span> <span class='ocrx_word' id='word_1_320' title='bbox 462 2072 595 2113; x_wconf 83' lang='lat' dir='ltr'><strong>abusus</strong></span> <span class='ocrx_word' id='word_1_321' title='bbox 615 2071 769 2125; x_wconf 86' lang='lat' dir='ltr'><strong>grandia</strong></span> <span class='ocrx_word' id='word_1_322' title='bbox 786 2074 947 2112; x_wconf 86' lang='lat' dir='ltr'><strong>minatur</strong></span> <span class='ocrx_word' id='word_1_323' title='bbox 964 2072 1125 2123; x_wconf 80' lang='lat' dir='ltr'><strong>damna,</strong></span> <span class='ocrx_word' id='word_1_324' title='bbox 1154 2072 1222 2113; x_wconf 79' lang='lat' dir='ltr'><strong>nili</strong></span> <span class='ocrx_word' id='word_1_325' title='bbox 1247 2075 1412 2126; x_wconf 86' lang='lat' dir='ltr'><strong>tempori</strong></span> <span class='ocrx_word' id='word_1_326' title='bbox 1441 2075 1665 2118; x_wconf 82' lang='lat' dir='ltr'><strong>adhibeatur</strong></span> <span class='ocrx_word' id='word_1_327' title='bbox 1688 2082 1849 2122; x_wconf 86' lang='lat' dir='ltr'><strong>remedi·</strong></span> 
     </span>
     <span class='ocr_line' id='line_1_37' title="bbox 0 2131 1848 2186; baseline -0.001 -5"><span class='ocrx_word' id='word_1_328' title='bbox 0 2147 6 2159; x_wconf 64' lang='lat'><em>*</em></span> <span class='ocrx_word' id='word_1_329' title='bbox 47 2137 218 2181; x_wconf 81' lang='lat' dir='ltr'><strong>medium</strong></span> <span class='ocrx_word' id='word_1_330' title='bbox 233 2166 244 2185; x_wconf 93' lang='lat'><strong>‚</strong></span> <span class='ocrx_word' id='word_1_331' title='bbox 272 2147 346 2176; x_wconf 90' lang='lat' dir='ltr'><strong>nec</strong></span> <span class='ocrx_word' id='word_1_332' title='bbox 364 2132 712 2186; x_wconf 83' lang='lat' dir='ltr'><strong>desperatum,hoc</strong></span> <span class='ocrx_word' id='word_1_333' title='bbox 732 2131 853 2172; x_wconf 89' lang='lat' dir='ltr'><strong>videri</strong></span> <span class='ocrx_word' id='word_1_334' title='bbox 882 2132 1014 2181; x_wconf 76' lang='lat' dir='ltr'><strong>debet,</strong></span> <span class='ocrx_word' id='word_1_335' title='bbox 1029 2133 1098 2173; x_wconf 77' lang='lat' dir='ltr'><strong>etsi</strong></span> <span class='ocrx_word' id='word_1_336' title='bbox 1124 2135 1224 2173; x_wconf 83' lang='lat' dir='ltr'><strong>enim</strong></span> <span class='ocrx_word' id='word_1_337' title='bbox 1237 2145 1316 2173; x_wconf 90' lang='lat' dir='ltr'><strong>non</strong></span> <span class='ocrx_word' id='word_1_338' title='bbox 1334 2135 1489 2175; x_wconf 83' lang='lat' dir='ltr'><strong>minoris</strong></span> <span class='ocrx_word' id='word_1_339' title='bbox 1499 2135 1543 2175; x_wconf 80' lang='lat' dir='ltr'><strong>fit</strong></span> <span class='ocrx_word' id='word_1_340' title='bbox 1561 2139 1672 2177; x_wconf 86' lang='lat' dir='ltr'><strong>molis</strong></span> <span class='ocrx_word' id='word_1_341' title='bbox 1686 2142 1848 2181; x_wconf 78' lang='lat' dir='ltr'><strong>laxatam</strong></span> 
     </span>
     <span class='ocr_line' id='line_1_38' title="bbox 3 2187 1848 2250; baseline 0.014 -36"><span class='ocrx_word' id='word_1_342' title='bbox 3 2187 7 2214; x_wconf 80' lang='lat'>1</span> <span class='ocrx_word' id='word_1_343' title='bbox 47 2199 192 2239; x_wconf 85' lang='lat' dir='ltr'><strong>militiae</strong></span> <span class='ocrx_word' id='word_1_344' title='bbox 213 2195 443 2246; x_wconf 77' lang='lat' dir='ltr'><strong>disciplinam</strong></span> <span class='ocrx_word' id='word_1_345' title='bbox 473 2191 664 2242; x_wconf 87' lang='lat' dir='ltr'><strong>corrigere</strong></span> <span class='ocrx_word' id='word_1_346' title='bbox 681 2220 694 2240; x_wconf 92' lang='lat'><strong>,</strong></span> <span class='ocrx_word' id='word_1_347' title='bbox 724 2190 836 2243; x_wconf 74' lang='lat' dir='ltr'><strong>quam</strong></span> <span class='ocrx_word' id='word_1_348' title='bbox 862 2191 935 2232; x_wconf 90' lang='lat' dir='ltr'><strong>sese</strong></span> <span class='ocrx_word' id='word_1_349' title='bbox 949 2205 1151 2244; x_wconf 82' lang='lat' dir='ltr'><strong>opponere</strong></span> <span class='ocrx_word' id='word_1_350' title='bbox 1174 2192 1343 2232; x_wconf 85' lang='lat' dir='ltr'><strong>hostibus</strong></span> <span class='ocrx_word' id='word_1_351' title='bbox 1365 2205 1378 2239; x_wconf 83' lang='lat'>;</span> <span class='ocrx_word' id='word_1_352' title='bbox 1407 2193 1445 2232; x_wconf 89' lang='lat' dir='ltr'><strong>id</strong></span> <span class='ocrx_word' id='word_1_353' title='bbox 1471 2195 1575 2245; x_wconf 88' lang='lat' dir='ltr'><strong>quod</strong></span> <span class='ocrx_word' id='word_1_354' title='bbox 1601 2195 1668 2250; x_wconf 78' lang='lat' dir='ltr'><strong>(e)</strong></span> <span class='ocrx_word' id='word_1_355' title='bbox 1699 2199 1848 2239; x_wconf 87' lang='lat' dir='ltr'><strong>Corbu-</strong></span> 
     </span>
     <span class='ocr_line' id='line_1_39' title="bbox 47 2250 1848 2307; baseline 0.001 -9"><span class='ocrx_word' id='word_1_356' title='bbox 47 2260 90 2299; x_wconf 77' lang='lat'><strong>10</strong></span> <span class='ocrx_word' id='word_1_357' title='bbox 108 2260 148 2297; x_wconf 86' lang='lat' dir='ltr'><strong>in</strong></span> <span class='ocrx_word' id='word_1_358' title='bbox 163 2256 272 2307; x_wconf 86' lang='lat' dir='ltr'><strong>Syria</strong></span> <span class='ocrx_word' id='word_1_359' title='bbox 297 2262 481 2307; x_wconf 85' lang='lat' dir='ltr'><strong>expertus</strong></span> <span class='ocrx_word' id='word_1_360' title='bbox 513 2250 613 2290; x_wconf 81' lang='lat' dir='ltr'><strong>fuit:</strong></span> <span class='ocrx_word' id='word_1_361' title='bbox 644 2251 720 2290; x_wconf 90' lang='lat' dir='ltr'><strong>hoc</strong></span> <span class='ocrx_word' id='word_1_362' title='bbox 749 2260 876 2290; x_wconf 87' lang='lat' dir='ltr'><strong>tamen</strong></span> <span class='ocrx_word' id='word_1_363' title='bbox 895 2251 1050 2304; x_wconf 87' lang='lat' dir='ltr'><strong>intelligi</strong></span> <span class='ocrx_word' id='word_1_364' title='bbox 1075 2252 1224 2298; x_wconf 82' lang='lat' dir='ltr'><strong>debet,</strong></span> <span class='ocrx_word' id='word_1_365' title='bbox 1254 2252 1408 2304; x_wconf 87' lang='lat' dir='ltr'><strong>quando</strong></span> <span class='ocrx_word' id='word_1_366' title='bbox 1437 2265 1506 2306; x_wconf 90' lang='lat' dir='ltr'><strong>per</strong></span> <span class='ocrx_word' id='word_1_367' title='bbox 1526 2254 1675 2296; x_wconf 85' lang='lat' dir='ltr'><strong>hostem</strong></span> <span class='ocrx_word' id='word_1_368' title='bbox 1700 2271 1780 2299; x_wconf 83' lang='lat' dir='ltr'><strong>non</strong></span> <span class='ocrx_word' id='word_1_369' title='bbox 1807 2261 1848 2299; x_wconf 72' lang='lat' dir='ltr'><strong>li-</strong></span> 
     </span>
     <span class='ocr_line' id='line_1_40' title="bbox 4 2309 1845 2367; baseline -0.004 -8"><span class='ocrx_word' id='word_1_370' title='bbox 4 2324 5 2327; x_wconf 76' lang='grc'>’</span> <span class='ocrx_word' id='word_1_371' title='bbox 45 2327 114 2358; x_wconf 74' lang='lat' dir='ltr'><strong>cet</strong></span> <span class='ocrx_word' id='word_1_372' title='bbox 129 2347 143 2367; x_wconf 85' lang='lat'>‚</span> <span class='ocrx_word' id='word_1_373' title='bbox 173 2325 239 2356; x_wconf 79' lang='lat' dir='ltr'><strong>aut</strong></span> <span class='ocrx_word' id='word_1_374' title='bbox 257 2313 362 2354; x_wconf 76' lang='lat' dir='ltr'><strong>certe</strong></span> <span class='ocrx_word' id='word_1_375' title='bbox 378 2325 459 2354; x_wconf 88' lang='lat' dir='ltr'><strong>non</strong></span> <span class='ocrx_word' id='word_1_376' title='bbox 475 2309 740 2362; x_wconf 83' lang='lat' dir='ltr'><strong>expedit‚tam</strong></span> <span class='ocrx_word' id='word_1_377' title='bbox 761 2321 920 2364; x_wconf 85' lang='lat' dir='ltr'><strong>repente</strong></span> <span class='ocrx_word' id='word_1_378' title='bbox 941 2311 988 2351; x_wconf 89' lang='lat' dir='ltr'><strong>ab</strong></span> <span class='ocrx_word' id='word_1_379' title='bbox 1005 2324 1083 2352; x_wconf 91' lang='lat' dir='ltr'><strong>uno</strong></span> <span class='ocrx_word' id='word_1_380' title='bbox 1104 2322 1279 2352; x_wconf 84' lang='lat' dir='ltr'><strong>extremo</strong></span> <span class='ocrx_word' id='word_1_381' title='bbox 1300 2310 1454 2353; x_wconf 83' lang='lat' dir='ltr'><strong>tranfire</strong></span> <span class='ocrx_word' id='word_1_382' title='bbox 1481 2313 1528 2352; x_wconf 89' lang='lat' dir='ltr'><strong>ad</strong></span> <span class='ocrx_word' id='word_1_383' title='bbox 1548 2316 1658 2355; x_wconf 81' lang='lat' dir='ltr'><strong>aliu-d.</strong></span> <span class='ocrx_word' id='word_1_384' title='bbox 1697 2317 1845 2359; x_wconf 52' lang='lat' dir='ltr'><strong>Veram</strong></span> 
     </span>
     <span class='ocr_line' id='line_1_41' title="bbox 4 2370 1847 2427; baseline -0.002 -9"><span class='ocrx_word' id='word_1_385' title='bbox 4 2420 6 2427; x_wconf 71' lang='grc'><strong>,</strong></span> <span class='ocrx_word' id='word_1_386' title='bbox 48 2376 78 2417; x_wconf 78' lang='lat' dir='ltr'><strong>si</strong></span> <span class='ocrx_word' id='word_1_387' title='bbox 96 2386 249 2427; x_wconf 86' lang='lat' dir='ltr'><strong>tempus</strong></span> <span class='ocrx_word' id='word_1_388' title='bbox 265 2387 346 2414; x_wconf 89' lang='lat' dir='ltr'><strong>non</strong></span> <span class='ocrx_word' id='word_1_389' title='bbox 365 2372 485 2422; x_wconf 84' lang='lat' dir='ltr'><strong>defit,</strong></span> <span class='ocrx_word' id='word_1_390' title='bbox 500 2370 593 2411; x_wconf 87' lang='lat' dir='ltr'><strong>nihil</strong></span> <span class='ocrx_word' id='word_1_391' title='bbox 618 2370 818 2423; x_wconf 83' lang='lat' dir='ltr'><strong>prohibet,</strong></span> <span class='ocrx_word' id='word_1_392' title='bbox 848 2372 1032 2411; x_wconf 84' lang='lat' dir='ltr'><strong>exercitio</strong></span> <span class='ocrx_word' id='word_1_393' title='bbox 1050 2402 1064 2422; x_wconf 87' lang='lat'>‚</span> <span class='ocrx_word' id='word_1_394' title='bbox 1094 2370 1297 2412; x_wconf 87' lang='lat' dir='ltr'><strong>severitate</strong></span> <span class='ocrx_word' id='word_1_395' title='bbox 1313 2401 1325 2420; x_wconf 86' lang='lat'><strong>,</strong></span> <span class='ocrx_word' id='word_1_396' title='bbox 1355 2371 1392 2411; x_wconf 85' lang='lat'>&amp;</span> <span class='ocrx_word' id='word_1_397' title='bbox 1409 2374 1588 2425; x_wconf 84' lang='lat' dir='ltr'><strong>exemplo</strong></span> <span class='ocrx_word' id='word_1_398' title='bbox 1604 2376 1779 2418; x_wconf 83' lang='lat' dir='ltr'><strong>ordinem</strong></span> <span class='ocrx_word' id='word_1_399' title='bbox 1803 2391 1847 2419; x_wconf 78' lang='lat' dir='ltr'><strong>ac</strong></span> 
     </span>
     <span class='ocr_line' id='line_1_42' title="bbox 53 2428 1846 2487; baseline -0.003 -12"><span class='ocrx_word' id='word_1_400' title='bbox 53 2436 284 2487; x_wconf 86' lang='lat' dir='ltr'><strong>disciplinam</strong></span> <span class='ocrx_word' id='word_1_401' title='bbox 300 2430 492 2474; x_wconf 65' lang='lat' dir='ltr'><strong>exercitiis</strong></span> <span class='ocrx_word' id='word_1_402' title='bbox 510 2428 740 2483; x_wconf 82' lang='lat' dir='ltr'><strong>postliminio</strong></span> <span class='ocrx_word' id='word_1_403' title='bbox 758 2431 961 2472; x_wconf 84' lang='lat' dir='ltr'><strong>reducere:</strong></span> <span class='ocrx_word' id='word_1_404' title='bbox 990 2431 1132 2483; x_wconf 84' lang='lat' dir='ltr'><strong>absque</strong></span> <span class='ocrx_word' id='word_1_405' title='bbox 1146 2433 1215 2472; x_wconf 85' lang='lat' dir='ltr'><strong>illis</strong></span> <span class='ocrx_word' id='word_1_406' title='bbox 1238 2431 1356 2471; x_wconf 82' lang='lat' dir='ltr'><strong>tribus</strong></span> <span class='ocrx_word' id='word_1_407' title='bbox 1376 2435 1477 2472; x_wconf 81' lang='lat' dir='ltr'><strong>enim</strong></span> <span class='ocrx_word' id='word_1_408' title='bbox 1493 2445 1566 2473; x_wconf 88' lang='lat' dir='ltr'><strong>nec</strong></span> <span class='ocrx_word' id='word_1_409' title='bbox 1582 2434 1628 2474; x_wconf 89' lang='lat' dir='ltr'><strong>ad</strong></span> <span class='ocrx_word' id='word_1_410' title='bbox 1649 2439 1846 2479; x_wconf 75' lang='lat' dir='ltr'><strong>meliorem</strong></span> 
     </span>
     <span class='ocr_line' id='line_1_43' title="bbox 4 2490 1846 2545; baseline -0.003 -8"><span class='ocrx_word' id='word_1_411' title='bbox 4 2501 6 2505; x_wconf 80' lang='grc'>’</span> <span class='ocrx_word' id='word_1_412' title='bbox 49 2496 214 2536; x_wconf 78' lang='lat' dir='ltr'><strong>formam</strong></span> <span class='ocrx_word' id='word_1_413' title='bbox 234 2495 408 2533; x_wconf 79' lang='lat' dir='ltr'><strong>revocari</strong></span> <span class='ocrx_word' id='word_1_414' title='bbox 427 2491 600 2545; x_wconf 89' lang='lat' dir='ltr'><strong>poterit,</strong></span> <span class='ocrx_word' id='word_1_415' title='bbox 628 2503 702 2531; x_wconf 90' lang='lat' dir='ltr'><strong>nec</strong></span> <span class='ocrx_word' id='word_1_416' title='bbox 720 2490 942 2531; x_wconf 88' lang='lat' dir='ltr'><strong>emendatus</strong></span> <span class='ocrx_word' id='word_1_417' title='bbox 956 2490 1021 2530; x_wconf 89' lang='lat' dir='ltr'><strong>diu</strong></span> <span class='ocrx_word' id='word_1_418' title='bbox 1039 2493 1078 2532; x_wconf 87' lang='lat' dir='ltr'><strong>in</strong></span> <span class='ocrx_word' id='word_1_419' title='bbox 1093 2491 1226 2531; x_wconf 85' lang='lat' dir='ltr'><strong>eadem</strong></span> <span class='ocrx_word' id='word_1_420' title='bbox 1244 2490 1433 2543; x_wconf 79' lang='lat' dir='ltr'><strong>disciplina</strong></span> <span class='ocrx_word' id='word_1_421' title='bbox 1447 2492 1642 2544; x_wconf 79' lang='lat' dir='ltr'><strong>persistere</strong></span> <span class='ocrx_word' id='word_1_422' title='bbox 1660 2509 1674 2544; x_wconf 84' lang='lat'><strong>‚-</strong></span> <span class='ocrx_word' id='word_1_423' title='bbox 1702 2498 1757 2537; x_wconf 91' lang='lat' dir='ltr'><strong>uti</strong></span> <span class='ocrx_word' id='word_1_424' title='bbox 1778 2498 1846 2538; x_wconf 69' lang='lat' dir='ltr'><strong>Vi-</strong></span> 
     </span>
     <span class='ocr_line' id='line_1_44' title="bbox 4 2546 1847 2608; baseline -0.003 -12"><span class='ocrx_word' id='word_1_425' title='bbox 4 2578 5 2581; x_wconf 62' lang='lat'><em>=</em></span> <span class='ocrx_word' id='word_1_426' title='bbox 50 2556 158 2596; x_wconf 85' lang='lat' dir='ltr'><strong>tellio</strong></span> <span class='ocrx_word' id='word_1_427' title='bbox 177 2552 334 2601; x_wconf 88' lang='lat' dir='ltr'><strong>accidit,</strong></span> <span class='ocrx_word' id='word_1_428' title='bbox 363 2553 470 2605; x_wconf 88' lang='lat' dir='ltr'><strong>cujus</strong></span> <span class='ocrx_word' id='word_1_429' title='bbox 484 2546 575 2604; x_wconf 76' lang='lat' dir='ltr'><strong>(f)</strong></span> <span class='ocrx_word' id='word_1_430' title='bbox 604 2551 696 2591; x_wconf 81' lang='lat' dir='ltr'><strong>miles</strong></span> <span class='ocrx_word' id='word_1_431' title='bbox 727 2548 952 2603; x_wconf 68' lang='lat' dir='ltr'><strong>degenerabat</strong></span> <span class='ocrx_word' id='word_1_432' title='bbox 974 2550 996 2588; x_wconf 74' lang='lat' dir='ltr'><strong>a</strong></span> <span class='ocrx_word' id='word_1_433' title='bbox 1012 2551 1124 2591; x_wconf 81' lang='lat' dir='ltr'><strong>labore</strong></span> <span class='ocrx_word' id='word_1_434' title='bbox 1140 2564 1182 2591; x_wconf 82' lang='lat' dir='ltr'><strong>ac</strong></span> <span class='ocrx_word' id='word_1_435' title='bbox 1206 2553 1342 2592; x_wconf 77' lang='lat' dir='ltr'><strong>virtute</strong></span> <span class='ocrx_word' id='word_1_436' title='bbox 1358 2584 1369 2601; x_wconf 85' lang='lat'><strong><em>,</em></strong></span> <span class='ocrx_word' id='word_1_437' title='bbox 1402 2550 1604 2603; x_wconf 74' lang='lat' dir='ltr'><strong>affitetudine</strong></span> <span class='ocrx_word' id='word_1_438' title='bbox 1631 2555 1847 2608; x_wconf 72' lang='lat' dir='ltr'><strong>voluptatum</strong></span> 
     </span>
     <span class='ocr_line' id='line_1_45' title="bbox 3 2609 1843 2666; baseline -0.001 -9"><span class='ocrx_word' id='word_1_439' title='bbox 3 2634 5 2637; x_wconf 90' lang='grc'><em>·</em></span> <span class='ocrx_word' id='word_1_440' title='bbox 49 2614 102 2661; x_wconf 74' lang='lat'><strong>&amp;³</strong></span> <span class='ocrx_word' id='word_1_441' title='bbox 124 2615 368 2655; x_wconf 68' lang='lat' dir='ltr'><strong>conviviorum</strong></span> <span class='ocrx_word' id='word_1_442' title='bbox 443 2609 570 2652; x_wconf 78' lang='lat' dir='ltr'><strong>Probe</strong></span> <span class='ocrx_word' id='word_1_443' title='bbox 587 2610 664 2651; x_wconf 91' lang='lat' dir='ltr'><strong>hoc</strong></span> <span class='ocrx_word' id='word_1_444' title='bbox 689 2611 875 2650; x_wconf 81' lang='lat' dir='ltr'><strong>intellexit</strong></span> <span class='ocrx_word' id='word_1_445' title='bbox 901 2609 1074 2650; x_wconf 85' lang='lat' dir='ltr'><strong>Corbulo</strong></span> <span class='ocrx_word' id='word_1_446' title='bbox 1093 2642 1103 2659; x_wconf 92' lang='lat'>‚</span> <span class='ocrx_word' id='word_1_447' title='bbox 1134 2610 1222 2651; x_wconf 77' lang='lat' dir='ltr'><strong>cum</strong></span> <span class='ocrx_word' id='word_1_448' title='bbox 1254 2613 1292 2650; x_wconf 88' lang='lat' dir='ltr'><strong>in</strong></span> <span class='ocrx_word' id='word_1_449' title='bbox 1329 2610 1574 2652; x_wconf 86' lang='lat' dir='ltr'><strong>Germaniam</strong></span> <span class='ocrx_word' id='word_1_450' title='bbox 1603 2615 1843 2666; x_wconf 83' lang='lat' dir='ltr'><strong>mitteretur,</strong></span> 
     </span>
     <span class='ocr_line' id='line_1_46' title="bbox 49 2668 1846 2725; baseline -0.007 2"><span class='ocrx_word' id='word_1_451' title='bbox 49 2674 228 2725; x_wconf 57' lang='lat' dir='ltr'><strong>adedque</strong></span> <span class='ocrx_word' id='word_1_452' title='bbox 247 2673 385 2725; x_wconf 75' lang='lat' dir='ltr'><strong>legiones</strong></span> <span class='ocrx_word' id='word_1_453' title='bbox 404 2679 538 2723; x_wconf 60' lang='lat' dir='ltr'><strong>‘’perf-‘¹¹³</strong></span> <span class='ocrx_word' id='word_1_454' title='bbox 553 2669 604 2714; x_wconf 66' lang='lat'><strong>&amp;⁹</strong></span> <span class='ocrx_word' id='word_1_455' title='bbox 624 2670 748 2711; x_wconf 75' lang='lat' dir='ltr'><strong>laboris</strong></span> <span class='ocrx_word' id='word_1_456' title='bbox 771 2671 915 2723; x_wconf 70' lang='lat' dir='ltr'><strong>ignaras</strong></span> <span class='ocrx_word' id='word_1_457' title='bbox 934 2701 947 2720; x_wconf 84' lang='lat'>‚</span> <span class='ocrx_word' id='word_1_458' title='bbox 969 2668 1238 2722; x_wconf 71' lang='lat' dir='ltr'><strong>populationibus</strong></span> <span class='ocrx_word' id='word_1_459' title='bbox 1262 2670 1440 2720; x_wconf 72' lang='lat' dir='ltr'><strong>lat—antes,</strong></span> <span class='ocrx_word' id='word_1_460' title='bbox 1481 2678 1631 2711; x_wconf 77' lang='lat' dir='ltr'><strong>veterem</strong></span> <span class='ocrx_word' id='word_1_461' title='bbox 1658 2672 1711 2713; x_wconf 84' lang='lat' dir='ltr'><strong>ad</strong></span> <span class='ocrx_word' id='word_1_462' title='bbox 1726 2688 1846 2716; x_wconf 80' lang='lat' dir='ltr'><strong>morem</strong></span> 
     </span>
     <span class='ocr_line' id='line_1_47' title="bbox 3 2728 1844 2783; baseline -0.005 -7"><span class='ocrx_word' id='word_1_463' title='bbox 3 2759 5 2761; x_wconf 89' lang='lat'>·</span> <span class='ocrx_word' id='word_1_464' title='bbox 49 2733 203 2776; x_wconf 70' lang='lat' dir='ltr'><strong>reduxit.</strong></span> <span class='ocrx_word' id='word_1_465' title='bbox 262 2732 367 2771; x_wconf 81' lang='lat' dir='ltr'><strong>idem</strong></span> <span class='ocrx_word' id='word_1_466' title='bbox 384 2728 517 2783; x_wconf 70' lang='lat' dir='ltr'><strong>postea</strong></span> <span class='ocrx_word' id='word_1_467' title='bbox 534 2729 627 2770; x_wconf 88' lang='lat' dir='ltr'><strong>fecit</strong></span> <span class='ocrx_word' id='word_1_468' title='bbox 651 2743 740 2770; x_wconf 89' lang='lat' dir='ltr'><strong>cum</strong></span> <span class='ocrx_word' id='word_1_469' title='bbox 761 2730 986 2770; x_wconf 82' lang='lat' dir='ltr'><strong>exercituin</strong></span> <span class='ocrx_word' id='word_1_470' title='bbox 1007 2728 1114 2779; x_wconf 86' lang='lat' dir='ltr'><strong>Syria</strong></span> <span class='ocrx_word' id='word_1_471' title='bbox 1133 2761 1146 2779; x_wconf 81' lang='lat'><strong>‚</strong></span> <span class='ocrx_word' id='word_1_472' title='bbox 1176 2731 1242 2769; x_wconf 85' lang='lat' dir='ltr'><strong>ubi</strong></span> <span class='ocrx_word' id='word_1_473' title='bbox 1270 2731 1406 2770; x_wconf 84' lang='lat' dir='ltr'><strong>milites</strong></span> <span class='ocrx_word' id='word_1_474' title='bbox 1435 2732 1575 2782; x_wconf 88' lang='lat' dir='ltr'><strong>reperit</strong></span> <span class='ocrx_word' id='word_1_475' title='bbox 1606 2743 1681 2773; x_wconf 84' lang='lat' dir='ltr'><strong>tam</strong></span> <span class='ocrx_word' id='word_1_476' title='bbox 1709 2738 1844 2776; x_wconf 60' lang='lat' dir='ltr'><strong>artium</strong></span> 
     </span>
     <span class='ocr_line' id='line_1_48' title="bbox 51 2787 1844 2847; baseline -0.001 -13"><span class='ocrx_word' id='word_1_477' title='bbox 51 2795 272 2834; x_wconf 85' lang='lat' dir='ltr'><strong>bellicarum</strong></span> <span class='ocrx_word' id='word_1_478' title='bbox 299 2793 448 2843; x_wconf 79' lang='lat' dir='ltr'><strong>ignaros</strong></span> <span class='ocrx_word' id='word_1_479' title='bbox 465 2820 479 2839; x_wconf 84' lang='lat'><strong>‚</strong></span> <span class='ocrx_word' id='word_1_480' title='bbox 507 2799 550 2830; x_wconf 91' lang='lat' dir='ltr'><strong>ut</strong></span> <span class='ocrx_word' id='word_1_481' title='bbox 564 2791 672 2829; x_wconf 89' lang='lat' dir='ltr'><strong>multi</strong></span> <span class='ocrx_word' id='word_1_482' title='bbox 687 2787 808 2831; x_wconf 77' lang='lat' dir='ltr'><strong>essent</strong></span> <span class='ocrx_word' id='word_1_483' title='bbox 824 2791 936 2828; x_wconf 84' lang='lat' dir='ltr'><strong>etiam</strong></span> <span class='ocrx_word' id='word_1_484' title='bbox 954 2788 1026 2843; x_wconf 72' lang='lat' dir='ltr'><strong>(g)</strong></span> <span class='ocrx_word' id='word_1_485' title='bbox 1046 2791 1229 2839; x_wconf 76' lang='lat' dir='ltr'><strong>veterani,</strong></span> <span class='ocrx_word' id='word_1_486' title='bbox 1259 2787 1601 2842; x_wconf 75' lang='lat' dir='ltr'><strong>qainoastatimoem,</strong></span> <span class='ocrx_word' id='word_1_487' title='bbox 1629 2795 1844 2847; x_wconf 71' lang='lat' dir='ltr'><strong>nonvigillas</strong></span> 
     </span>
     <span class='ocr_line' id='line_1_49' title="bbox 3 2846 1843 2907; baseline -0.001 -11"><span class='ocrx_word' id='word_1_488' title='bbox 3 2886 6 2890; x_wconf 79' lang='grc'><em>.</em></span> <span class='ocrx_word' id='word_1_489' title='bbox 50 2850 212 2907; x_wconf 70' lang='lat' dir='ltr'><strong>inliſjeat,</strong></span> <span class='ocrx_word' id='word_1_490' title='bbox 241 2851 397 2899; x_wconf 77' lang='lat' dir='ltr'><strong>vallum,</strong></span> <span class='ocrx_word' id='word_1_491' title='bbox 446 2846 604 2903; x_wconf 74' lang='lat' dir='ltr'><strong>cffizmque</strong></span> <span class='ocrx_word' id='word_1_492' title='bbox 619 2848 715 2904; x_wconf 78' lang='lat' dir='ltr'><strong>quast</strong></span> <span class='ocrx_word' id='word_1_493' title='bbox 731 2862 822 2890; x_wconf 77' lang='lat' dir='ltr'><strong>nova</strong></span> <span class='ocrx_word' id='word_1_494' title='bbox 845 2847 896 2894; x_wconf 69' lang='lat'><strong>&amp;⁹</strong></span> <span class='ocrx_word' id='word_1_495' title='bbox 912 2850 1002 2889; x_wconf 78' lang='lat' dir='ltr'><strong>mira</strong></span> <span class='ocrx_word' id='word_1_496' title='bbox 1025 2846 1192 2898; x_wconf 78' lang='lat' dir='ltr'><strong>viserent,</strong></span> <span class='ocrx_word' id='word_1_497' title='bbox 1211 2847 1284 2900; x_wconf 75' lang='lat' dir='ltr'><strong>fine</strong></span> <span class='ocrx_word' id='word_1_498' title='bbox 1302 2847 1408 2901; x_wconf 78' lang='lat' dir='ltr'><strong>galeis</strong></span> <span class='ocrx_word' id='word_1_499' title='bbox 1426 2880 1437 2897; x_wconf 90' lang='lat'><em>‚</em></span> <span class='ocrx_word' id='word_1_500' title='bbox 1458 2848 1533 2901; x_wconf 83' lang='lat' dir='ltr'><strong>stne</strong></span> <span class='ocrx_word' id='word_1_501' title='bbox 1547 2850 1657 2892; x_wconf 74' lang='lat' dir='ltr'><strong>loricis</strong></span> <span class='ocrx_word' id='word_1_502' title='bbox 1673 2884 1685 2902; x_wconf 87' lang='lat'>‚</span> <span class='ocrx_word' id='word_1_503' title='bbox 1713 2854 1818 2894; x_wconf 68' lang='lat' dir='ltr'><strong>nitidi</strong></span> <span class='ocrx_word' id='word_1_504' title='bbox 1830 2887 1843 2904; x_wconf 92' lang='lat'>,</span> 
     </span>
     <span class='ocr_line' id='line_1_50' title="bbox 48 2907 1844 2967; baseline -0.003 -8"><span class='ocrx_word' id='word_1_505' title='bbox 48 2913 103 2959; x_wconf 59' lang='lat'><strong>(⁰⁹³</strong></span> <span class='ocrx_word' id='word_1_506' title='bbox 126 2910 303 2967; x_wconf 71' lang='lat' dir='ltr'><em>quaestucfi</em></span> <span class='ocrx_word' id='word_1_507' title='bbox 316 2941 329 2962; x_wconf 94' lang='lat'>‚</span> <span class='ocrx_word' id='word_1_508' title='bbox 357 2907 478 2950; x_wconf 69' lang='lat' dir='ltr'><strong>militia¹</strong></span> <span class='ocrx_word' id='word_1_509' title='bbox 495 2917 563 2962; x_wconf 84' lang='lat' dir='ltr'><strong>per</strong></span> <span class='ocrx_word' id='word_1_510' title='bbox 584 2908 702 2962; x_wconf 79' lang='lat' dir='ltr'><strong>oppida</strong></span> <span class='ocrx_word' id='word_1_511' title='bbox 717 2908 847 2962; x_wconf 61' lang='lat' dir='ltr'><strong>expleta</strong></span> <span class='ocrx_word' id='word_1_512' title='bbox 870 2920 883 2956; x_wconf 85' lang='lat'>;</span> <span class='ocrx_word' id='word_1_513' title='bbox 912 2907 948 2948; x_wconf 85' lang='lat'>&amp;</span> <span class='ocrx_word' id='word_1_514' title='bbox 967 2920 1097 2949; x_wconf 86' lang='lat' dir='ltr'><strong>arcens</strong></span> <span class='ocrx_word' id='word_1_515' title='bbox 1118 2909 1295 2958; x_wconf 83' lang='lat' dir='ltr'><strong>inutiles,</strong></span> <span class='ocrx_word' id='word_1_516' title='bbox 1324 2909 1535 2950; x_wconf 78' lang='lat' dir='ltr'><strong>exercitum</strong></span> <span class='ocrx_word' id='word_1_517' title='bbox 1548 2911 1595 2950; x_wconf 86' lang='lat' dir='ltr'><strong>ad</strong></span> <span class='ocrx_word' id='word_1_518' title='bbox 1610 2912 1767 2954; x_wconf 83' lang='lat' dir='ltr'><strong>hiberna</strong></span> <span class='ocrx_word' id='word_1_519' title='bbox 1781 2913 1844 2954; x_wconf 88' lang='lat' dir='ltr'><strong>fri·</strong></span> 
     </span>
     <span class='ocr_line' id='line_1_51' title="bbox 934 2967 1843 3026; baseline -0.014 -19"><span class='ocrx_word' id='word_1_520' title='bbox 934 2967 1075 3008; x_wconf 84' lang='lat' dir='ltr'><strong>Xxxx</strong></span> <span class='ocrx_word' id='word_1_521' title='bbox 1750 2985 1843 3026; x_wconf 62' lang='lat' dir='ltr'><strong>gom</strong></span> 
     </span>
    </p>
   </div>
   <div class='ocr_carea' id='block_1_12' title="bbox 1149 3055 1390 3065">
    <p class='ocr_par' dir='ltr' id='par_1_12' title="bbox 1149 3055 1390 3065">
     <span class='ocr_line' id='line_1_52' title="bbox 1149 3055 1390 3065; baseline 0 665"><span class='ocrx_word' id='word_1_522' title='bbox 1149 3055 1390 3065; x_wconf 95' lang='lat' dir='ltr'><strong> </strong></span> 
     </span>
    </p>
   </div>
   <div class='ocr_carea' id='block_1_13' title="bbox 56 3056 311 3065">
    <p class='ocr_par' dir='ltr' id='par_1_13' title="bbox 56 3056 311 3065">
     <span class='ocr_line' id='line_1_53' title="bbox 56 3056 311 3065; baseline 0 665"><span class='ocrx_word' id='word_1_523' title='bbox 56 3056 311 3065; x_wconf 95' lang='lat' dir='ltr'><strong> </strong></span> 
     </span>
    </p>
   </div>
   <div class='ocr_carea' id='block_1_14' title="bbox 3 3088 1845 3348">
    <p class='ocr_par' dir='ltr' id='par_1_14' title="bbox 4 3088 1842 3142">
     <span class='ocr_line' id='line_1_54' title="bbox 4 3088 1842 3142; baseline 0.005 -20"><span class='ocrx_word' id='word_1_524' title='bbox 4 3119 5 3122; x_wconf 75' lang='grc'>,</span> <span class='ocrx_word' id='word_1_525' title='bbox 147 3091 215 3138; x_wconf 81' lang='lat' dir='ltr'><strong>(a)</strong></span> <span class='ocrx_word' id='word_1_526' title='bbox 243 3088 332 3127; x_wconf 76' lang='lat' dir='ltr'><strong>Tass‘.</strong></span> <span class='ocrx_word' id='word_1_527' title='bbox 351 3103 445 3129; x_wconf 81' lang='lat' dir='ltr'><strong>cant.</strong></span> <span class='ocrx_word' id='word_1_528' title='bbox 461 3103 495 3134; x_wconf 90' lang='lat'><strong>9.</strong></span> <span class='ocrx_word' id='word_1_529' title='bbox 548 3093 609 3138; x_wconf 89' lang='lat' dir='ltr'><strong>(b)</strong></span> <span class='ocrx_word' id='word_1_530' title='bbox 634 3089 746 3142; x_wconf 78' lang='lat' dir='ltr'><strong>Qod</strong></span> <span class='ocrx_word' id='word_1_531' title='bbox 757 3090 946 3126; x_wconf 70' lang='lat' dir='ltr'><strong>tenaciores</strong></span> <span class='ocrx_word' id='word_1_532' title='bbox 978 3102 1094 3126; x_wconf 82' lang='lat' dir='ltr'><strong>eorum</strong></span> <span class='ocrx_word' id='word_1_533' title='bbox 1117 3088 1157 3125; x_wconf 83' lang='lat' dir='ltr'><strong>in</strong></span> <span class='ocrx_word' id='word_1_534' title='bbox 1172 3088 1293 3140; x_wconf 76' lang='lat' dir='ltr'><strong>proelio</strong></span> <span class='ocrx_word' id='word_1_535' title='bbox 1314 3088 1414 3136; x_wconf 78' lang='lat' dir='ltr'><strong>effi²nt</strong></span> <span class='ocrx_word' id='word_1_536' title='bbox 1433 3101 1529 3128; x_wconf 74' lang='lat' dir='ltr'><strong>metu</strong></span> <span class='ocrx_word' id='word_1_537' title='bbox 1541 3091 1675 3131; x_wconf 77' lang='lat' dir='ltr'><strong>damni.</strong></span> <span class='ocrx_word' id='word_1_538' title='bbox 1693 3098 1842 3133; x_wconf 79' lang='lat' dir='ltr'><strong>Sueten.</strong></span> 
     </span>
    </p>

    <p class='ocr_par' dir='ltr' id='par_1_15' title="bbox 4 3139 1845 3197">
     <span class='ocr_line' id='line_1_55' title="bbox 4 3139 1845 3197; baseline 0.003 -19"><span class='ocrx_word' id='word_1_539' title='bbox 4 3140 7 3162; x_wconf 65' lang='lat' dir='ltr'>s</span> <span class='ocrx_word' id='word_1_540' title='bbox 51 3139 118 3190; x_wconf 87' lang='lat' dir='ltr'><strong>(c)</strong></span> <span class='ocrx_word' id='word_1_541' title='bbox 143 3141 310 3193; x_wconf 78' lang='lat' dir='ltr'><strong>Qidam</strong></span> <span class='ocrx_word' id='word_1_542' title='bbox 332 3141 520 3190; x_wconf 70' lang='lat' dir='ltr'><strong>luxuriosbs</strong></span> <span class='ocrx_word' id='word_1_543' title='bbox 540 3153 733 3195; x_wconf 77' lang='lat' dir='ltr'><strong>apparatus</strong></span> <span class='ocrx_word' id='word_1_544' title='bbox 745 3143 987 3179; x_wconf 72' lang='lat' dir='ltr'><strong>conviviorum</strong></span> <span class='ocrx_word' id='word_1_545' title='bbox 1006 3168 1015 3182; x_wconf 88' lang='lat'>‚</span> <span class='ocrx_word' id='word_1_546' title='bbox 1039 3139 1086 3184; x_wconf 60' lang='grc' dir='ltr'><strong>θ’·</strong></span> <span class='ocrx_word' id='word_1_547' title='bbox 1098 3142 1332 3178; x_wconf 71' lang='lat' dir='ltr'><strong>irritamenta</strong></span> <span class='ocrx_word' id='word_1_548' title='bbox 1351 3139 1535 3180; x_wconf 81' lang='lat' dir='ltr'><strong>libidinum</strong></span> <span class='ocrx_word' id='word_1_549' title='bbox 1547 3170 1556 3184; x_wconf 83' lang='lat'>‚</span> <span class='ocrx_word' id='word_1_550' title='bbox 1583 3154 1626 3181; x_wconf 72' lang='lat' dir='ltr'><strong>ut</strong></span> <span class='ocrx_word' id='word_1_551' title='bbox 1640 3145 1845 3197; x_wconf 64' lang='lat' dir='ltr'><strong>instrumen-</strong></span> 
     </span>
    </p>

    <p class='ocr_par' dir='ltr' id='par_1_16' title="bbox 3 3191 1845 3249">
     <span class='ocr_line' id='line_1_56' title="bbox 3 3191 1845 3249; baseline 0.005 -21"><span class='ocrx_word' id='word_1_552' title='bbox 3 3195 5 3204; x_wconf 75' lang='grc'><strong>“’</strong></span> <span class='ocrx_word' id='word_1_553' title='bbox 52 3203 97 3230; x_wconf 82' lang='lat' dir='ltr'><strong>ta</strong></span> <span class='ocrx_word' id='word_1_554' title='bbox 116 3191 191 3229; x_wconf 68' lang='lat' dir='ltr'><strong>bela</strong></span> <span class='ocrx_word' id='word_1_555' title='bbox 212 3206 465 3233; x_wconf 74' lang='lat' dir='ltr'><strong>mercarentur.</strong></span> <span class='ocrx_word' id='word_1_556' title='bbox 493 3196 578 3233; x_wconf 83' lang='lat' dir='ltr'><strong>Tac.</strong></span> <span class='ocrx_word' id='word_1_557' title='bbox 598 3195 620 3232; x_wconf 91' lang='lat' dir='ltr'><strong>l.</strong></span> <span class='ocrx_word' id='word_1_558' title='bbox 642 3208 673 3233; x_wconf 81' lang='grc' dir='ltr'><strong>ι.</strong></span> <span class='ocrx_word' id='word_1_559' title='bbox 686 3191 775 3231; x_wconf 84' lang='lat' dir='ltr'><strong>Hist.</strong></span> <span class='ocrx_word' id='word_1_560' title='bbox 828 3195 889 3239; x_wconf 93' lang='lat' dir='ltr'><strong>(d)</strong></span> <span class='ocrx_word' id='word_1_561' title='bbox 915 3194 999 3231; x_wconf 79' lang='lat' dir='ltr'><strong>Tac.</strong></span> <span class='ocrx_word' id='word_1_562' title='bbox 1016 3193 1040 3231; x_wconf 86' lang='lat' dir='ltr'><strong>l.</strong></span> <span class='ocrx_word' id='word_1_563' title='bbox 1054 3208 1087 3230; x_wconf 82' lang='lat'><strong>2.</strong></span> <span class='ocrx_word' id='word_1_564' title='bbox 1105 3191 1194 3230; x_wconf 81' lang='lat' dir='ltr'><strong>Hist.</strong></span> <span class='ocrx_word' id='word_1_565' title='bbox 1247 3197 1305 3240; x_wconf 79' lang='lat' dir='ltr'><strong>(e)</strong></span> <span class='ocrx_word' id='word_1_566' title='bbox 1317 3193 1381 3231; x_wconf 78' lang='lat' dir='ltr'><strong>Sed</strong></span> <span class='ocrx_word' id='word_1_567' title='bbox 1399 3192 1575 3233; x_wconf 73' lang='lat' dir='ltr'><strong>Corbuloni</strong></span> <span class='ocrx_word' id='word_1_568' title='bbox 1578 3197 1658 3249; x_wconf 73' lang='lat' dir='ltr'><strong>plus</strong></span> <span class='ocrx_word' id='word_1_569' title='bbox 1674 3199 1772 3237; x_wconf 75' lang='lat' dir='ltr'><strong>molis</strong></span> <span class='ocrx_word' id='word_1_570' title='bbox 1780 3197 1845 3238; x_wconf 79' lang='lat' dir='ltr'><strong>ad·</strong></span> 
     </span>
    </p>

    <p class='ocr_par' dir='ltr' id='par_1_17' title="bbox 4 3243 1844 3348">
     <span class='ocr_line' id='line_1_57' title="bbox 4 3243 1844 3301; baseline 0.003 -20"><span class='ocrx_word' id='word_1_571' title='bbox 4 3277 6 3281; x_wconf 82' lang='grc'>,</span> <span class='ocrx_word' id='word_1_572' title='bbox 51 3243 172 3290; x_wconf 67' lang='lat' dir='ltr'><strong>reetfits</strong></span> <span class='ocrx_word' id='word_1_573' title='bbox 190 3246 380 3296; x_wconf 63' lang='lat' dir='ltr'><strong>egnaviam</strong></span> <span class='ocrx_word' id='word_1_574' title='bbox 395 3247 560 3289; x_wconf 84' lang='lat' dir='ltr'><strong>militum,</strong></span> <span class='ocrx_word' id='word_1_575' title='bbox 577 3260 682 3301; x_wconf 78' lang='lat' dir='ltr'><strong>qaam</strong></span> <span class='ocrx_word' id='word_1_576' title='bbox 698 3255 819 3284; x_wconf 78' lang='lat' dir='ltr'><strong>contra</strong></span> <span class='ocrx_word' id='word_1_577' title='bbox 827 3246 1016 3300; x_wconf 70' lang='lat' dir='ltr'><strong>petfidiam</strong></span> <span class='ocrx_word' id='word_1_578' title='bbox 1027 3244 1169 3295; x_wconf 64' lang='lat' dir='ltr'><strong>bestium</strong></span> <span class='ocrx_word' id='word_1_579' title='bbox 1182 3258 1273 3284; x_wconf 66' lang='lat' dir='ltr'><strong>erat.</strong></span> <span class='ocrx_word' id='word_1_580' title='bbox 1290 3247 1375 3284; x_wconf 68' lang='lat' dir='ltr'><strong>Tac.</strong></span> <span class='ocrx_word' id='word_1_581' title='bbox 1388 3249 1410 3285; x_wconf 76' lang='lat'><strong>1.</strong></span> <span class='ocrx_word' id='word_1_582' title='bbox 1429 3260 1485 3297; x_wconf 65' lang='lat'><strong>13,</strong></span> <span class='ocrx_word' id='word_1_583' title='bbox 1503 3251 1600 3287; x_wconf 60' lang='lat' dir='ltr'><strong>Ano„</strong></span> <span class='ocrx_word' id='word_1_584' title='bbox 1656 3251 1677 3300; x_wconf 70' lang='grc' dir='ltr'>ζ</span> <span class='ocrx_word' id='word_1_585' title='bbox 1685 3250 1708 3288; x_wconf 87' lang='lat' dir='ltr'>f</span> <span class='ocrx_word' id='word_1_586' title='bbox 1708 3254 1729 3297; x_wconf 62' lang='lat' dir='ltr'>J</span> <span class='ocrx_word' id='word_1_587' title='bbox 1744 3255 1844 3290; x_wconf 85' lang='lat' dir='ltr'><strong>Idem</strong></span> 
     </span>
     <span class='ocr_line' id='line_1_58' title="bbox 51 3297 747 3348; baseline 0.004 -15"><span class='ocrx_word' id='word_1_588' title='bbox 51 3298 77 3337; x_wconf 81' lang='lat' dir='ltr'><strong>l.</strong></span> <span class='ocrx_word' id='word_1_589' title='bbox 94 3297 227 3336; x_wconf 74' lang='lat' dir='ltr'><strong>2.Hist.</strong></span> <span class='ocrx_word' id='word_1_590' title='bbox 277 3301 343 3348; x_wconf 77' lang='lat' dir='ltr'><strong>(g)</strong></span> <span class='ocrx_word' id='word_1_591' title='bbox 362 3301 462 3339; x_wconf 83' lang='lat' dir='ltr'><strong>Idem</strong></span> <span class='ocrx_word' id='word_1_592' title='bbox 481 3301 539 3343; x_wconf 62' lang='lat' dir='ltr'><strong>lib,</strong></span> <span class='ocrx_word' id='word_1_593' title='bbox 577 3313 633 3339; x_wconf 60' lang='grc' dir='ltr'><strong>ιι.3</strong></span> <span class='ocrx_word' id='word_1_594' title='bbox 658 3298 747 3337; x_wconf 83' lang='lat' dir='ltr'><strong>Hist.</strong></span> 
     </span>
    </p>
   </div>
   <div class='ocr_carea' id='block_1_15' title="bbox 893 3056 1144 3064">
    <p class='ocr_par' dir='ltr' id='par_1_18' title="bbox 893 3056 1144 3064">
     <span class='ocr_line' id='line_1_59' title="bbox 893 3056 1144 3064; baseline 0 666"><span class='ocrx_word' id='word_1_595' title='bbox 893 3056 1144 3064; x_wconf 95' lang='lat' dir='ltr'><strong> </strong></span> 
     </span>
    </p>
   </div>
  </div>
 </body>
</html>
