2132 3730
225 248 320 296 372
661 230 1013 279 DJDACJ
1067 230 1608 280 SAAVEDRAE.

399 327 435 374 §.
468 321 661 360 Verumm
676 317 734 356 his
755 326 913 368 quoque
933 315 1079 355 casibus
1090 326 1188 367 opus
1210 316 1266 357 est
1287 319 1374 359 belli
1388 319 1656 362 ⁴conditionem
1677 324 1917 375 expendere,
1932 338 2025 367 num

228 384 370 425 scilicet
380 383 559 429 Princeps
570 375 703 416 absens
712 375 861 416 Statum
871 374 978 416 suum
986 374 1118 426 majori
1126 377 1300 427 periculo
1313 388 1378 418 aut
1387 380 1537 420 interno
1543 390 1611 420 aut
1619 391 1779 423 externo
1787 385 2029 438 expositurus

226 443 303 490 fic3
331 452 422 482 num
447 434 553 476 forte
573 435 842 476 succeffionem
861 434 964 476 suam
981 432 1213 475 a>ddu6turus
1243 438 1284 477 in
1304 437 1530 488 discrimen,
1558 452 1651 481 num
1674 440 1785 483 fortis
1798 443 1842 484 fit
1856 445 1939 484 satis
1955 474 1967 492 ,
1990 446 2029 487 δε

229 510 418 544 armorum
438 507 561 548 capax
577 498 591 543 ς
621 494 660 535 &
677 493 726 535 ad
743 506 791 535 'ea
807 494 1108 548 propensionem
1126 494 1297 545 habeat,
1326 509 1414 539 nam
1431 498 1459 539 fi
1480 501 1545 541 vel
1562 501 1686 552 aliqua
1702 503 1966 545 conditionum
1987 508 2029 545 ἢ.

229 565 346 603 larum
360 555 546 604 defuerit,
574 553 663 607 plus
683 556 803 595 aliena
824 567 940 596 manu
961 555 1124 604 efficiet,
1153 556 1369 607 potentiam
1389 557 1491 598 suam
1508 587 1522 608 ,
1551 559 1589 600 &
1609 562 1710 601 vires
1727 563 1833 602 alteri
1853 567 2028 604 commit-

229 618 372 666 tendo,
396 626 439 656 ut
454 616 494 656 in
513 613 703 667 Magnete
717 612 917 666 videmus,
934 616 1000 667 qui
1019 614 1213 667 tangendo
1228 614 1378 656 ferrum
1395 617 1699 668 eiquevirtutem
1708 620 1808 662 suam
1817 627 2029 665 commum·-

225 677 351 719 cando
378 704 392 725 ,
419 675 540 727 majus
555 676 684 715 elevat
704 673 863 727 pondus
887 675 1001 727 quam
1018 675 1054 714 se
1074 675 1156 714 solo
1184 673 1341 716 faceret.
1399 676 1521 730 Quod
1546 677 1573 718 fi
1589 681 1714 731 gravis
1738 679 1854 721 fuerit
1877 686 2032 724 necesti-

226 747 282 778 tas
293 765 309 788 -,
339 735 424 777 satis
437 737 535 785 erit,
568 735 785 789 Principem
803 736 847 775 in
864 736 997 775 vicino
1011 733 1105 783 ess'e,
1136 743 1179 774 ut
1200 745 1303 775 arma
1323 735 1386 775 sua
1403 735 1537 789 majori
1560 748 1648 777 cum
1671 738 1805 781 ardore
1819 754 2030 794 promoves

226 808 292 848 at,
321 794 514 837 manendo
535 793 674 836 alicubi
691 826 702 844 ‚
731 794 836 835 unde
859 792 883 834 ὲ
898 796 1120 849 propinquo
1144 793 1359 844 deliberet,
1386 794 1543 846 statuat,
1573 796 1611 837 &
1628 796 1805 838 mandata
1831 799 1908 841 c'let.
1972 803 2028 842 lta

225 855 418 911 Augustus
447 855 614 896 faciebat
641 886 653 903 ‚
701 856 767 907 qui
804 866 908 896 nunc
934 854 1148 908 Aquilejam
1164 884 1178 904 ,
1206 866 1308 895 nunc
1337 852 1564 896 Ravennam
1583 887 1595 906 ,
1630 868 1733 898 nunc
1760 856 2029 903 Mediolanum

226 916 494 967 concedebat,
521 923 566 955 ut
597 915 706 956 bellis
725 914 956 970 Hungaricls
975 915 1261 956 &Germanicis
1274 914 1438 970 propius
1451 915 1639 958 affisteret,

489 1088 1297 1160 SYMBOLUM
1376 1090 1749 1161 LXXXVII.

356 2548 441 2593 ΟΝ
461 2547 609 2606 semper
625 2546 820 2594 fortunata
832 2545 888 2593 est
902 2549 1127 2604 prudentia,
1155 2560 1229 2606 nee
1244 2540 1407 2592 infausta
1422 2548 1571 2604 semper
1588 2545 1787 2591 temeritas
1797 2580 1810 2599 ,
1835 2548 1880 2590 ²&
1898 2557 2031 2602 quam>-

384 2613 445 2653 vis
477 2611 552 2666 (a)
580 2615 738 2667 quisquis
744 2610 841 2664 fizpit
854 2612 1024 2661 celeriter,
1054 2623 1119 2652 non
1134 2618 1208 2651 tuto
1221 2607 1358 2662 sapiat,
1389 2610 1550 2663 expedit
1572 2618 1700 2651 tamen
1719 2609 1912 2650 interdum
1929 2612 2032 2664 inge·
2094 2614 2098 2619 ’

384 2673 456 2713 niis
474 2673 614 2725 igneis,
642 2682 688 2711 ut
710 2672 749 2712 in
762 2668 1011 2712 decernendo
1042 2671 1209 2724 primum
1237 2670 1439 2722 sequantur
1463 2671 1651 2723 impetum
1683 2670 1913 2717 naturalem,
1944 2671 2034 2721 quia

235 2735 267 2776 fi
284 2730 511 2774 cunetentur
529 2760 544 2783 ‚
572 2730 818 2785 refrigescunt
832 2730 1050 2783 paullatim,
1080 2731 1117 2770 &
1141 2731 1391 2770 determinare
1418 2729 1456 2770 se
1480 2727 1586 2770 reete
1607 2739 1825 2782 nequeunt;
1853 2740 1928 2770 nec
1954 2740 2034 2770 ma*

236 2793 275 2834 le
296 2793 452 2833 evenire
468 2791 563 2831 solet
580 2791 607 2843 ζ
616 2792 655 2831 in
679 2791 783 2831 bello
809 2791 1048 2844 praesertim)
1075 2790 1105 2831 fi
1131 2787 1221 2831 ferri
1240 2789 1279 2829 se
1299 2789 1419 2829 fiuant
1440 2786 1595 2830 occulta
1609 2786 1671 2829 illa
1703 2790 1744 2829 vi
1765 2788 1956 2829 causarum
1978 2788 2033 2828 se-

235 2851 468 2900 cundarum,
498 2862 582 2903 quae
598 2847 626 2891 fi
642 2846 793 2904 ingenia
812 2863 893 2891 non
919 2861 1052 2904 cogat,
1077 2860 1217 2891 movet
1232 2859 1381 2898 tamen,
1411 2859 1453 2889 ut
1467 2861 1555 2890 cum
1573 2848 1707 2889 eadem
1726 2861 1806 2890 non
1833 2847 2034 2889 infeliciter

239 2920 460 2965 operentur.
519 2909 689 2952 Divinus
710 2910 865 2964 quidam
882 2908 1030 2952 Genius
1045 2910 1089 2951 iis
1107 2909 1210 2952 adest
1237 2907 1472 2960 aetionibus,
1498 2921 1586 2962 quae
1613 2908 1860 2963 suscipiunnu
1882 2908 2031 2949 audaci-

239 2970 286 3014 ὺε
299 3003 315 3025 ‚
340 2971 518 3014 nimirum

384 3067 599 3126 Audaces
618 3067 835 3137 fortuna
847 3072 1027 3141 juvat..

350 3258 353 3260 .
1007 3265 1017 3274 ,
1031 3257 2028 3275 ...ψῃ-..Μ

344 3295 401 3341 (a)
428 3296 584 3345 Sophoc.
