2132 3730
528 199 1482 246 SYMBOLAPOLITICA.
1818 221 1878 265 49

7 328 9 332 ,
77 284 151 325 fuit
166 285 241 339 (a)
254 284 453 332 Tiberius,
467 284 532 335 qui
550 287 613 339 qui
628 283 679 324 ad
684 297 802 334 vana,
820 283 871 329 &⁶³
882 287 979 325 toties
992 282 1094 337 irrisa
1109 285 1301 335 revolutus,
1321 286 1362 327 de
1373 286 1546 329 reddenda
1560 288 1762 341 Republica,
1775 296 1877 345 utque

73 347 212 388 conules
224 376 238 395 ,
256 339 317 394 spu
332 345 410 396 quis
424 343 514 384 alius
533 346 677 396 regimen
685 340 884 396 sttscg'veret,
913 358 998 385 vero
1014 357 1143 400 quoque
1159 342 1212 388 &⁹
1240 344 1368 399 honesto
1383 343 1493 400 fidem
1508 346 1654 400 dempfit.

243 402 278 455 §.
313 403 475 456 Quanto
503 402 743 444 Monarchiae
772 404 855 443 sunt
882 403 1124 457 grandiores,
1162 403 1272 443 tanto
1311 407 1469 446 vanitati
1507 406 1545 447 &
1569 406 1776 448 mendaciis
1803 404 1879 464 (h)

69 466 187 517 magis
218 463 403 516 expositae
421 463 518 504 sunt;
576 462 754 503 Fortunae
779 464 1009 517 banignioris
1026 463 1117 503 radii
1139 461 1466 505 obtrectationum
1491 478 1626 507 contra
1653 467 1690 507 se
1717 467 1878 508 nebulas

71 522 182 566 facile
203 524 410 564 attrahunt.
469 523 512 562 In
543 523 688 576 magnis
710 525 876 575 imperiis
900 526 1026 566 omnia
1043 525 1082 562 in
1104 521 1284 563 sinistram
1305 525 1518 564 trahuntur
1543 537 1712 578 partem,
1743 527 1782 568 δι
1815 539 1877 567 ca-

70 584 219 625 lumniis
241 582 325 623 sunt
344 584 526 623 obnoxia.
588 582 712 636 Quod
731 585 791 623 vis
808 595 937 636 aperta
954 584 1087 634 nequit
1101 583 1272 632 efficere,
1289 583 1387 635 saepe
1406 585 1592 625 calumnia
1617 589 1792 636 molitur,
1812 596 1879 628 aut

72 644 255 683 cuniculis
295 645 478 693 occultis,
510 651 574 682 aut
593 643 737 683 insertis
764 646 878 684 etiam
909 644 1061 692 cuneis,
1093 654 1168 693 qua
1199 643 1237 681 in
1267 654 1309 682 re
1330 643 1423 682 forti
1450 645 1578 684 animo
1606 658 1704 697 opus
1732 648 1877 697 habet,

70 704 134 756 qui
157 703 235 742 aliis
253 705 439 755 imperat;
469 713 512 743 ut
527 715 576 742 ne
597 701 745 743 cursum
760 705 865 744 suurn
882 705 1078 751 immutet,
1108 712 1174 740 aut
1205 703 1435 753 importunis
1467 706 1777 747 calumniantium
1803 720 1879 748 vo-

69 763 177 802 cibus
198 762 246 802 ab
272 763 414 803 eodem
444 763 625 803 retardari
651 763 688 803 se
713 763 820 807 sinat,
878 761 1091 813 Nunquam
1118 773 1197 801 non
1219 764 1378 802 eminuit
1409 762 1617 803 constantia
1637 764 1723 813 ista,
1753 765 1791 805 &
1816 766 1879 807 fir-

5 867 7 872 ,
66 824 178 864 mitas
201 823 314 863 animi
340 824 378 862 in
395 821 588 876 Hispaniae
616 824 806 875 Regibus,
837 824 974 874 quibus
992 822 1092 874 quali
1113 824 1315 873 proprium
1346 823 1493 875 semper
1510 823 1606 874 fuit,
1637 825 1820 865 invidiam
1838 827 1878 866 &

5 903 7 907 <
67 883 292 923 aemulorum
319 884 622 922 obtrectationes
657 883 871 934 despicere3
903 894 983 933 quo
1018 894 1096 921 uno
1119 894 1245 933 prope
1277 881 1437 922 artificio
1467 885 1640 935 plurimae
1665 884 1878 925 istiusmodi

67 942 235 994 dispulsae
265 942 349 981 sunt
378 941 550 992 nebulae,
583 955 675 994 quas
696 942 790 982 sicut
814 943 962 992 imperii
992 940 1161 992 majestas
1189 944 1353 991 excitat,
1384 945 1435 983 ita
1465 944 1620 984 easdem
1647 946 1687 984 vi
1705 946 1878 986 veritatis

64 1002 220 1042 viciffim
245 1002 418 1050 discutit,
449 1003 552 1042 haud
573 1004 679 1042 [ecus
695 1014 739 1041 ac
756 1013 923 1053 vapores
934 1001 1033 1041 Solis
1054 1003 1158 1041 calor
1187 1012 1372 1042 attenuat.
1435 1003 1564 1056 Quam
1589 1004 1751 1045 infames
1771 1006 1879 1046 libel-

62 1064 146 1111 los,
177 1074 292 1114 quam
319 1061 517 1102 manifesta
548 1061 746 1101 mendacia
785 1073 870 1113 quae
912 1060 1123 1109 figmenta,
1156 1073 1249 1112 quas
1285 1065 1489 1102 calumnias
1518 1074 1652 1104 contra
1684 1064 1878 1117 Hispaniae

3 1154 6 1157 .
62 1121 332 1163 Monarchiani
352 1122 560 1173 sparserunt
583 1122 680 1173 saepe
695 1121 895 1162 malevoli!
925 1121 1072 1172 Neque
1092 1131 1220 1160 tamen
1238 1124 1428 1161 aemulatio
1455 1122 1521 1162 ista
1537 1126 1651 1163 ullam
1681 1125 1878 1178 aspergere

62 1184 193 1235 potuit
214 1183 401 1221 maculam
418 1180 727 1221 administrationi
754 1191 830 1220 tam
848 1180 954 1233 justae
971 1193 1177 1235 regnorum
1194 1212 1206 1230 ,
1237 1194 1322 1233 quae
1334 1195 1370 1221 in
1388 1182 1546 1235 Europa
1561 1184 1722 1236 possidet
1734 1215 1746 1234 ,
1768 1185 1877 1237 quod

62 1243 187 1294 palam
210 1242 269 1279 illa
286 1241 331 1279 sit
347 1271 358 1288 ,
390 1246 427 1281 &
443 1243 481 1279 in
504 1242 626 1280 oculis
657 1244 845 1282 omnium.
905 1241 1006 1280 Inter
1024 1243 1111 1290 alia,
1143 1252 1186 1280 ut
1202 1244 1316 1282 novis
1342 1243 1503 1291 artibUS,
1525 1243 1564 1283 &
1583 1243 1760 1285 confietis
1770 1257 1879 1286 men-

62 1302 178 1342 daciis
203 1301 416 1340 dominatio
442 1300 521 1350 ejus
548 1301 666 1352 magis
694 1301 812 1340 invisa
835 1299 1082 1350 redderetur,
1116 1301 1294 1353 adeoque
1319 1304 1531 1354 provinciae
1553 1305 1717 1344 rebelles
1742 1305 1789 1344 ad
1818 1317 1878 1346 re-

3 1376 5 1404 q
62 1360 373 1401 conciliationem
394 1361 518 1399 minus
541 1359 748 1410 adjicerent
767 1362 932 1408 animos,
964 1371 1075 1399 autor
1102 1361 1230 1400 nescio
1264 1365 1370 1412 quis,
1399 1365 1558 1402 nomine
1580 1363 1790 1415 Chapenfis
1813 1378 1879 1405 cu-

3 1414 5 1465 }
56 1420 206 1473 jusdam
225 1419 409 1471 Episcopi
425 1419 563 1458 librum
587 1418 820 1472 divulgavit,
850 1422 889 1460 in
912 1432 990 1471 quo
1016 1422 1143 1460 multis
1176 1421 1434 1472 persequitur,
1471 1435 1584 1474 quam
1617 1425 1878 1466 inhumaniter

3 1492 5 1517 ;
60 1481 99 1520 &
119 1481 216 1520 male
246 1480 292 1518 ab
316 1477 484 1530 Hispana
502 1488 618 1531 gente
638 1478 786 1519 trattati
802 1479 945 1519 fuerint
964 1480 1155 1520 indiarum
1184 1483 1330 1533 populi.
1391 1483 1524 1534 Atque
1547 1493 1591 1522 ut
1612 1496 1657 1523 ea
1679 1485 1879 1527 mendacia

58 1539 207 1581 facilius
229 1538 346 1579 iidem
366 1540 603 1587 invenirent,
633 1539 799 1591 primiim
811 1542 849 1580 in
864 1539 1128 1592 ipsaHispania
1153 1541 1293 1593 sparsus
1317 1541 1390 1582 fuit
1412 1543 1507 1582 liber
1521 1542 1590 1582 iste
1607 1553 1788 1596 tanquam
1806 1546 1879 1587 Hi-

59 1601 149 1651 spali
172 1600 275 1651 typis
293 1598 440 1649 editus,
472 1598 510 1639 &
528 1601 566 1638 in
587 1598 675 1639 alias
685 1598 825 1640 deinde
845 1602 990 1653 linguas
1008 1601 1207 1640 translatus
1235 1601 1301 1642 est.
1364 1601 1559 1655 Ingeniosa
1577 1603 1664 1643 sane
1684 1606 1875 1658 inventio,

0 1680 1 1699 r
61 1660 100 1700 &
124 1668 234 1698 acuta
256 1660 422 1709 malitia,
456 1660 653 1711 magisque
668 1662 804 1708 noxia,
834 1672 949 1711 quam
966 1658 1071 1700 forte
1087 1660 1191 1699 credi
1213 1661 1341 1710 poffit2
1373 1664 1519 1712 quippe
1544 1674 1629 1712 quae
1653 1665 1690 1703 in
1722 1665 1878 1707 sinceris

63 1717 291 1771 quibusdam
306 1720 438 1759 animis
456 1717 664 1769 plurimum
684 1727 843 1769 operata
863 1718 919 1758 est
945 1720 1059 1765 mali3
1090 1718 1159 1758 etsi
1185 1718 1455 1770 prudentiores
1478 1722 1651 1773 plerique
1666 1735 1760 1763 mox
1773 1724 1876 1766 frau-

61 1779 151 1818 dem
175 1779 428 1830 agnoverint,
459 1776 645 1828 siquidem
661 1776 728 1816 ista
755 1779 884 1818 omnia
908 1777 992 1817 satis
1011 1777 1188 1817 confutat
1210 1778 1360 1830 insignis
1390 1779 1600 1832 Religionis
1627 1784 1736 1824 zelus
1755 1784 1793 1824 δε
1812 1786 1878 1836 Ju-

0 1869 3 1884 1,
61 1837 181 1885 stitia3
212 1849 327 1888 quarn
345 1836 513 1887 Hispana
530 1834 655 1874 Natio
677 1837 804 1874 ubivis
822 1845 1006 1874 terrarum
1030 1835 1321 1875 constantissime
1354 1837 1501 1888 semper
1531 1850 1689 1881 exercet
1721 1854 1766 1882 ac
1788 1854 1874 1885 tue.

60 1907 142 1946 tur,
172 1908 246 1937 nec
269 1896 337 1935 sibi
360 1895 436 1946 ipsa
469 1896 507 1933 in
522 1893 608 1932 solis
636 1892 752 1932 Indiis
781 1893 957 1934 dissimilis
982 1892 1050 1937 est.
1115 1893 1213 1933 Illud
1244 1905 1373 1935 tamen
1401 1909 1481 1936 non
1510 1898 1696 1949 diffiteor,
1716 1902 1783 1942 sub
1799 1906 1878 1956 pri·

0 1972 3 1995 l
59 1969 160 1997 mam
185 1955 373 1994 Americae
399 1952 637 1993 invasionem
675 1953 849 2004 quaedam
881 1965 962 1993 non
991 1954 1150 1993 omnino
1183 1955 1383 2006 probanda
1416 1957 1611 2007 accidifl'e3
1641 1959 1706 2000 sed
1736 1973 1875 2007 eorum

60 2016 246 2056 duntaxat
265 2015 387 2062 vitio,
413 2014 479 2065 qui
504 2012 593 2052 cum
620 2014 756 2053 orbem
771 2013 876 2053 hunc
901 2015 1099 2067 cognitum
1115 2016 1228 2054 animi
1251 2015 1326 2065 sui,
1357 2017 1596 2068 amplitudini
1619 2021 1730 2061 nimis
1757 2024 1875 2067 etiam

60 2073 258 2128 angustum
285 2073 510 2122 crederent,
542 2071 618 2112 ausi
635 2069 744 2112 fuere
765 2070 945 2126 permissu
961 2076 1081 2123 magis
1107 2073 1159 2114 sui
1180 2074 1317 2127 Regis,
1350 2089 1463 2128 quam
1480 2077 1605 2129 J'uffu,
1630 2090 1696 2120 aut
1714 2082 1874 2124 61θᾶἱο-

59 2148 130 2183 ne,
149 2136 251 2174 luam
279 2135 365 2173 alibi
385 2134 548 2185 experiri
569 2132 797 2181 Fortunam,
828 2133 866 2173 δε
891 2146 1014 2173 novas
1029 2133 1213 2175 ha&en11s
1234 2137 1446 2189 incognitas
1462 2139 1652 2189 inquirere
1678 2143 1871 2196 regiones,

60 2196 128 2234 ubi
153 2194 324 2247 populos
350 2191 550 2234 offendere
567 2193 769 2243 barbaros,
789 2192 982 2234 idolorum
1005 2196 1124 2233 cultui
1156 2194 1407 2246 superstitiose
1432 2197 1609 2248 deditos,
1640 2201 1729 2253 ips1s
1755 2205 1870 2245 etiam

60 2254 148 2294 feris
169 2255 436 2303 immaniores,
467 2255 531 2305 qui
553 2252 677 2293 ferino
697 2265 807 2294 more
828 2255 994 2294 humana
1031 2266 1145 2294 carne
1169 2256 1287 2295 vitam
1315 2259 1600 2310 propagabant,
1632 2273 1797 2312 quorum
1813 2265 1872 2304 in·

62 2314 296 2363 humanitas,
326 2324 579 2367 praeterquam
601 2314 642 2353 vi
658 2313 696 2353 &
721 2324 898 2354 extremo
914 2316 1058 2366 rigore,
1088 2315 1235 2355 domari
1261 2329 1341 2356 non
1365 2320 1508 2369 potuit.
1568 2320 1752 2361 Attamen
1774 2335 1870 2364 mox

61 2374 318 2415 incommodis
334 2374 408 2415 istis
423 2374 618 2426 provisum
637 2373 686 2413 de
700 2373 874 2414 remedio
895 2373 916 2413 ὲ
935 2375 1107 2427 Regibus
1129 2375 1357 2426 Catholicis,
1388 2377 1428 2417 hi
1452 2390 1619 2430 namque
1636 2392 1701 2420 eas
1724 2383 1763 2422 in
1782 2395 1870 2424 oras

63 2443 190 2473 certos
217 2446 306 2474 curn
332 2434 523 2486 potestate
551 2434 771 2486 ablegarunt
797 2433 1090 2483 commissarios,
1123 2438 1187 2487 qui
1211 2437 1249 2475 in
1275 2448 1368 2486 eos,
1399 2450 1497 2489 quos
1519 2438 1715 2491 deliquisse
1730 2441 1869 2494 depre-

62 2493 296 2542 henderent,
326 2493 457 2534 severa
472 2493 839 2544 animadverterent,
869 2494 907 2534 &
924 2494 1074 2546 justitiae
1098 2495 1202 2548 apud
1226 2496 1343 2537 Indos
1366 2498 1621 2552 integritatem
1644 2510 1871 2556 tuerentur3

1 2600 2 2607 ἵ
61 2555 181 2593 multa
204 2553 342 2594 deinde
357 2564 515 2607 paterna
538 2552 779 2604 ordinarunt,
809 2567 893 2607 quae
909 2567 982 2608 pro
1000 2556 1211 2596 eorundem
1231 2556 1405 2598 facerent
1425 2559 1740 2600 conservatione:
1767 2563 1868 2603 inter

1 2629 2 2667 j
63 2625 147 2665 quae
164 2612 255 2652 illud
271 2626 351 2652 non
377 2616 415 2654 in
433 2614 634 2667 postremis
652 2615 950 2665 numerandum,
981 2616 1088 2667 quod
1111 2628 1179 2656 eos
1201 2615 1221 2655 a
1242 2618 1456 2669 gravissimis
1473 2620 1589 2658 eximi
1605 2621 1801 2661 voluerint
1817 2624 1870 2662 la.

1 2673 2 2694 ³
61 2674 239 2721 boribus,
269 2673 406 2724 quibus
432 2684 513 2714 tum
539 2676 578 2714 in
603 2675 923 2726 metalli-fodinis,
952 2685 1034 2716 tum
1067 2678 1147 2717 aliis
1173 2678 1210 2716 in
1229 2678 1344 2716 rebus
1365 2679 1645 2719 exercebantur
1670 2681 1868 2732 quotidie,

1 2740 3 2745 ’
61 2743 264 2785 antequam
283 2734 458 2785 regiones
482 2733 559 2774 istae
587 2735 867 2789 detegerentur.
931 2735 1122 2776 Miserunt
1150 2736 1335 2788 praeterea
1361 2739 1467 2778 viros
1497 2739 1769 2792 ApostolicOS,
1801 2744 1867 2794 qui

58 2793 150 2834 fidei
167 2792 385 2832 Christianae
419 2794 594 2843 mysteria
631 2807 698 2835 eos
723 2795 848 2837 studio
870 2798 1037 2836 maximo
1059 2796 1297 2845 edocerent;
1328 2799 1419 2850 quin
1453 2798 1490 2840 δε
1515 2802 1679 2853 propriis
1715 2801 1786 2841 suis
1823 2814 1868 2842 ac

1 2861 2 2864 ’
61 2854 193 2906 Regiis
208 2853 420 2905 sumptibus
437 2853 643 2893 fundarunt
660 2854 912 2908 Episcopatus
924 2887 936 2905 ,
967 2866 1172 2896 erexerunt
1189 2859 1330 2909 templa
1347 2888 1360 2905 ,
1392 2859 1430 2899 &
1450 2858 1701 2901 sustentarunt
1719 2864 1869 2915 religio⁴

60 2914 113 2952 sas
128 2912 308 2961 familias,
340 2915 376 2953 in
407 2912 587 2953 Ecclesiae
611 2914 712 2954 istius
738 2929 872 2956 recens
897 2919 1075 2968 plantatae
1105 2918 1306 2957 utilitatem
1333 2918 1371 2958 &
1394 2922 1568 2971 gratiam:
1600 2923 1652 2961 ita
1679 2922 1835 2974 quidem
1852 2952 1866 2971 ‚

61 2984 103 3011 ut
124 2973 236 3012 abeo
265 2984 467 3024 tempore,
500 2986 579 3024 quo
612 2978 820 3025 provinciae
852 2987 928 3017 tam
959 2975 1074 3016 vastae
1102 2979 1138 3016 in
1167 2976 1425 3029 Hispanorum
1459 2980 1679 3021 concess'ere
1702 2980 1863 3034 potesta-

36 3069 38 3073 ,
61 3041 166 3081 tem,
197 3035 310 3073 etiam
334 3035 371 3073 in
394 3046 589 3073 novorum
609 3034 867 3077 Dominorum
891 3036 1077 3085 absentia,
1107 3038 1199 3076 nihil
1228 3048 1354 3078 tamen
1383 3051 1538 3090 eorum,
1571 3054 1655 3094 quae
1674 3042 1764 3092 regii
1781 3040 1866 3080 sunt

61 3094 248 3143 muneris,
278 3093 482 3134 desiderari
507 3094 577 3146 ipsi
609 3095 696 3146 passi
719 3096 802 3136 sint.
865 3097 960 3151 Quo
989 3098 1028 3136 in
1056 3108 1196 3150 genere
1234 3100 1383 3152 imperii
1399 3099 1514 3152 hujus
1547 3102 1794 3154 procuratio,
1825 3099 1865 3140 &

1001 3155 1046 3197 N
1745 3158 1865 3200 Mini-

169 3271 227 3317 (a)
250 3273 355 3310 Tacit
370 3274 432 3312 lib.
456 3288 493 3323 4.
512 3276 642 3313 Annal.
693 3276 754 3322 (b)
784 3279 918 3315 CuncJa
929 3281 1070 3332 magnis
1082 3279 1238 3331 imperiis
1261 3277 1429 3326 olgjeeJari
1439 3277 1561 3326 filim.
