2132 3730
492 178 1468 230 SYMBOLAPOLITICA.
1792 199 1874 238 273

25 267 28 323 ἓ
71 284 206 314 omnes
224 272 261 312 ἃ
279 270 530 322 cogitationes
551 267 698 309 defixas
714 268 846 308 habet.
905 269 980 310 Rei
1007 272 1166 322 privatae
1195 268 1342 318 studio,
1372 278 1437 310 aut
1467 269 1626 309 honoris
1654 268 1806 308 laesione
1829 272 1881 310 le-

3 340 28 377 2'2
69 335 171 374 viter
185 338 467 372 commovetur.
528 328 723 370 Oneribus
739 326 882 380 press'us
903 330 1286 379 concidit,allevatus
1302 331 1524 370 recalcitrat.
1587 329 1702 371 Amat
1726 330 1877 382 ingenia

0 396 27 440 ii?
66 389 294 444 praefervida
323 387 361 428 δε
395 391 615 439 temeraria,
643 389 834 429 rationem
858 391 951 432 item
980 388 1217 444 gubernandi
1249 390 1484 430 ambitiosam
1527 388 1566 429 &
1601 389 1874 430 turbulentam.

23 466 25 495 ;
63 451 286 502 Νιιηᾳυειω
300 447 507 502 acquiescit
526 449 700 502 praesenti
719 459 845 490 rerum
867 449 987 502 statu,
1015 451 1237 491 mutationis
1255 450 1404 502 semper
1417 450 1456 490 &
1473 450 1656 491 novitatis
1676 460 1877 503 appetens.

22 551 24 558 k
66 510 240 550 Virtutes
259 518 323 548 aut
356 510 450 549 vitia
476 520 634 559 eorum,
673 510 739 562 qui
772 509 957 562 praesunt,
984 512 1164 551 imitaturi
1222 509 1504 563 Locupletibus
1527 509 1564 549 &
1593 511 1878 564 potentioribus

22 574 25 622 j
65 570 237 619 invidet,
267 569 306 609 &
329 568 478 609 infidias
500 571 749 610 machinatur.
810 569 963 612 Ludos·
976 573 1122 622 aliaque
1150 568 1434 612 oblectamenta
1473 570 1612 622 diligit,
1643 583 1770 623 neque
1805 572 1880 611 ulla

21 664 23 671 .
61 630 133 669 alia
152 641 194 669 re
223 630 363 682 magis,
393 641 507 682 quam
542 629 644 680 istis,
674 631 820 671 animus
850 631 949 672 illius
970 630 1008 670 &
1036 631 1154 684 gratia
1171 632 1367 671 conciliari
1406 629 1548 684 potest.
1607 634 1651 671 in
1675 632 1878 684 Religione

65 688 339 741 superstitiosus
362 687 441 739 est,
470 690 509 730 δε
526 690 799 731 Sacerdotibus
815 701 924 744 paret
954 692 1109 743 potius,
1140 701 1253 743 quam
1283 692 1355 730 suis
1383 690 1635 742 Principibus,
1695 690 1769 732 11ae
1789 704 1882 745 prae-

63 748 178 801 cipue
202 749 445 791 conditiones
466 750 770 803 affectionesque
786 752 870 791 sunt
892 750 1161 791 multitudinis.
1223 750 1320 790 Illud
1345 760 1473 791 tamen
1508 749 1578 790 fibi
1596 749 1776 802 Princeps
1796 764 1883 804 per·

64 808 237 859 suadeat,
267 811 406 852 nullam
435 808 509 851 effe
530 813 871 860 communitatem,
900 820 965 850 aut
980 821 1057 851 tam
1085 811 1254 862 amplum
1281 811 1504 862 confilium,
1535 812 1780 862 quantumvis
1798 822 1878 864 gra-

62 879 114 909 ve
131 869 196 919 fit,
227 870 266 909 &
296 869 479 911 Virorum
503 871 753 921 seledkorum,
782 873 821 911 in
842 882 922 923 quo
949 872 1086 925 vulgus
1113 871 1270 924 aliquod
1302 883 1383 913 non
1417 872 1488 926 fit,
1516 870 1702 924 quodque
1736 883 1817 910 non
1843 872 1881 911 in

59 931 187 970 multis
217 942 306 970 cum
336 932 513 983 populari
533 934 755 972 conveniat.

233 989 269 1041 ἕ,
301 991 386 1031 Alia
405 993 519 1032 etiam
543 989 799 1034 Decachordi
826 988 930 1031 istius
957 988 1101 1032 Musici
1121 1001 1230 1043 pars,
1260 1003 1334 1032 nec
1359 992 1485 1034 minus
1509 992 1728 1046 principalis
1749 990 1805 1032 est
1818 1003 1880 1030 au-

60 1048 119 1094 ἵεις
148 1047 256 1100 cujus
283 1063 427 1092 nervos
452 1052 520 1092 nisi
537 1065 672 1105 magna
696 1063 784 1092 cum
814 1051 1017 1103 prudentia
1037 1051 1074 1092 &
1096 1051 1325 1092 dexteritate
1343 1053 1524 1106 Princeps
1539 1051 1737 1104 impellere
1760 1064 1896 1108 nove--

62 1109 133 1156 rit,
163 1108 281 1150 totius
303 1111 588 1164 gubernationis
603 1112 842 1152 harmoniam
867 1109 1157 1157 disturbabunt;
1187 1122 1304 1163 quare
1328 1122 1370 1153 ut
1392 1114 1494 1154 bene
1515 1115 1540 1153 ii
1566 1112 1715 1164 semper
1749 1122 1882 1152 attem-

60 1170 183 1219 perati
212 1181 480 1225 permaneant,
512 1174 609 1213 illius
626 1173 742 1213 etiam
764 1180 938 1212 naturam
964 1169 1071 1212 neffe
1095 1171 1309 1223 oportebit.
1369 1172 1437 1213 Est
1462 1175 1574 1227 igitur
1599 1174 1683 1212 aula
1711 1173 1886 1224 praesum-

58 1229 195 1279 ptuosa
219 1230 257 1270 δε
293 1234 407 1272 varia.
467 1232 532 1273 Ad
558 1243 757 1274 momenta
785 1231 927 1284 singula
961 1231 1262 1272 Chamaeleontis
1296 1232 1407 1274 instar
1442 1234 1529 1275 suos
1560 1242 1683 1274 mutat
1711 1234 1885 1280 colom,

57 1299 131 1339 pro
149 1299 222 1337 eu,
241 1300 285 1329 ac
301 1289 456 1331 fortuna
476 1293 681 1344 prospera,
710 1299 777 1331 aut
800 1291 957 1330 adversa
976 1291 1125 1343 aspirat.
1184 1290 1353 1336 Tametsi
1373 1306 1447 1334 una
1467 1294 1505 1335 δε
1531 1294 1748 1335 communis
1766 1294 1887 1332 omni-

57 1359 123 1386 um
148 1349 272 1401 lingua
298 1349 368 1398 fit,
395 1361 475 1390 non
502 1349 612 1401 aeque
631 1360 760 1390 tamen
778 1360 915 1389 omnes
934 1361 1021 1390 eam
1048 1351 1275 1402 intelligunt.
1334 1353 1553 1407 Principem
1580 1353 1798 1393 nascentem
1819 1364 1888 1391 ve-

57 1417 210 1448 neratur
225 1420 269 1449 ac
284 1410 400 1458 colit,
432 1409 583 1450 occasui
604 1411 827 1463 proximum
848 1408 1006 1448 minime
1025 1418 1147 1453 curat.
1207 1410 1396 1453 Afflones
1412 1413 1509 1453 illius
1537 1412 1717 1452 observat
1744 1412 1782 1451 &
1808 1424 1886 1450 car-

56 1469 128 1520 pit.
189 1468 371 1509 Moribus
393 1470 472 1521 ejus
492 1470 568 1509 sese
586 1468 881 1518 accommodat,
912 1469 1116 1509 &errores
1143 1470 1323 1512 imitatur.
1385 1473 1550 1512 Retibus
1583 1470 1811 1512 adulationis
1837 1469 1888 1510 as-

0 1542 1 1545 *
57 1527 166 1568 sidus·
193 1531 289 1568 illius
320 1539 483 1569 venatur
512 1531 683 1582 gratiam.
743 1528 961 1580 Nunquam
990 1542 1071 1569 non
1102 1531 1250 1570 intenta
1279 1533 1319 1572 in
1347 1533 1598 1573 ambitionem
1627 1532 1665 1572 &
1692 1534 1886 1584 privatum

59 1589 324 1628 commodum.
387 1588 606 1630 Mendaciis
631 1590 766 1638 alitur,
793 1587 832 1628 &
853 1589 1057 1628 veritatem
1081 1588 1175 1628 odio
1200 1589 1334 1636 habet.
1394 1591 1547 1633 Malum
1579 1602 1726 1632 temere
1746 1592 1888 1638 credit,

58 1647 276 1689 difficillime
297 1648 337 1688 id
363 1648 470 1701 quod
490 1650 639 1690 bonum
655 1647 720 1689 est.
780 1648 927 1690 Amans
949 1650 1207 1689 mutationum
1236 1649 1273 1689 ἃ
1294 1652 1528 1692 novitatum.
1591 1651 1734 1692 Omnia
1756 1654 1885 1698 timet,

57 1707 252 1751 &idiffidit
270 1711 309 1748 in
335 1709 526 1750 omnibus.
587 1708 764 1761 Superba
786 1706 824 1747 ὅτ.
850 1719 1029 1760 arrogans
1057 1710 1094 1749 in
1116 1709 1318 1761 jubendo,
1349 1711 1386 1750 in
1419 1712 1644 1752 obediendo
1674 1710 1820 1763 abjecsta
1848 1711 1887 1750 δε

58 1768 223 1808 humilis.
286 1768 420 1810 Invida
436 1778 519 1810 tum
536 1780 624 1824 erga
644 1769 682 1810 se
706 1768 824 1821 ipsam
846 1766 885 1807 &
902 1766 1159 1818 domesticos,
1189 1778 1271 1810 tum
1294 1782 1382 1823 erga
1404 1784 1493 1820 eos,
1523 1774 1587 1825 qui
1604 1771 1712 1813 extra
1731 1771 1886 1824 degunt.

58 1827 102 1868 ln
123 1828 387 1870 diffimulandis
405 1829 652 1882 celandisque
674 1829 746 1869 suis
768 1826 897 1868 studiis
913 1829 1052 1869 mirum
1072 1830 1110 1868 in
1137 1828 1299 1870 modum
1314 1830 1531 1871 artificiosa.
1594 1832 1740 1872 Odium
1769 1831 1889 1872 risu&

59 1891 298 1929 caeremoniis
329 1891 514 1942 contegit.
577 1888 730 1929 Laudat
756 1885 911 1939 palam,
943 1889 1041 1928 clam
1069 1889 1279 1940 vituperat,
1337 1889 1404 1930 Sui
1428 1891 1545 1944 ipsius
1572 1890 1691 1933 hostis
1720 1890 1789 1932 est.
1846 1891 1890 1930 ln

59 1949 127 1998 iis,
158 1961 243 2000 quae
266 1947 360 1988 foris
374 1950 572 1989 incurrunt
599 1950 638 1989 in
661 1948 822 1995 oculos,
851 1956 973 1996 vana,
1003 1949 1041 1986 in
1059 1949 1265 1999 promfflis,
1294 1949 1405 1991 levis.

211 2006 247 2060 §.
282 2007 452 2061 Cognito
480 2009 594 2062 igitur
614 2006 739 2048 isthoc
755 2007 1042 2059 gubernationis
1061 2006 1333 2058 instrumento,
1362 2020 1574 2051 nervorum
1601 2011 1692 2050 item
1716 2011 1812 2049 illius
1825 2022 1888 2049 na-

61 2076 145 2108 tura
166 2067 204 2107 &
225 2068 459 2119 concordia,
489 2076 651 2121 oportet
666 2067 885 2119 Principem
908 2066 974 2107 tali
998 2079 1087 2107 cum
1104 2067 1308 2120 prudentia
1333 2081 1403 2110 eos
1426 2073 1572 2124 pellere
1606 2069 1749 2123 digitis,
1777 2080 1820 2115 ut
1839 2081 1889 2109 ne

58 2127 246 2179 disparem
272 2127 435 2168 reddant
456 2128 614 2168 sonum:
644 2139 720 2180 qua
739 2129 778 2167 in
798 2138 840 2166 re
862 2138 963 2178 opus
979 2125 1055 2175 est,
1086 2137 1231 2168 certam
1245 2128 1394 2170 servare
1411 2133 1621 2171 mensuram
1657 2130 1694 2170 ³&
1721 2139 1889 2182 tempus,

56 2199 134 2229 nec
153 2189 272 2241 magis
296 2189 362 2229 uni
384 2187 520 2228 favere
547 2198 674 2227 nervo
690 2216 701 2235 ,
732 2184 846 2238 quam
862 2187 990 2236 alteri,
1020 2188 1057 2226 in
1076 2188 1142 2237 iis,
1171 2199 1257 2240 quae
1289 2188 1336 2229 ad
1366 2200 1601 2231 concentum
1633 2189 1672 2230 δι
1696 2189 1889 2230 harmoni-

58 2260 120 2290 am
156 2248 395 2289 efficiendam
421 2248 638 2301 pertinent;
671 2255 736 2287 aut
767 2247 928 2286 aliorum
954 2246 1148 2295 oblivisci3
1179 2259 1314 2289 omnes
1341 2251 1443 2291 enim
1466 2254 1504 2292 in
1528 2249 1778 2292 instrumento
1804 2262 1887 2289 mu-

58 2309 140 2350 fico
163 2309 277 2361 Reip.
314 2318 453 2348 munus
488 2307 607 2348 suum.
630 2306 802 2355 habent,
833 2305 924 2346 licet
953 2307 1157 2358 inaequales
1193 2308 1264 2349 sint
1287 2310 1386 2350 inter
1402 2312 1459 2359 se,
1489 2311 1526 2351 δε
1545 2308 1659 2351 facile
1681 2308 1885 2354 dissonent.

61 2369 163 2422 Quae
181 2380 330 2409 vocum
354 2367 540 2409 discordia
560 2376 642 2407 tum
659 2365 913 2419 periculosior
940 2367 1030 2416 erit,
1061 2367 1089 2407 fi
1111 2366 1292 2422 Princeps
1318 2372 1482 2423 amplam
1509 2372 1620 2412 nimis
1651 2368 1885 2422 potestatem

61 2428 293 2469 concesserit
331 2427 641 2482 Magistratibus3
672 2426 699 2466 fi
732 2424 891 2467 nimium
920 2425 1025 2479 plebi
1052 2423 1251 2469 faventem
1283 2429 1320 2470 se
1344 2431 1582 2480 exhibuerit,
1609 2440 1673 2471 aut
1703 2430 1889 2482 spreverit

59 2487 344 2537 Nobilitatem3
374 2489 402 2528 si
420 2486 600 2539 justitiam
619 2485 935 2527 administraverit
963 2487 1173 2539 aliquibus,
1204 2488 1283 2529 aliis
1312 2502 1393 2532 non
1417 2493 1534 2540 item,-
1563 2489 1591 2531 fi
1624 2501 1817 2530 armorum
1844 2491 1887 2529 li-

61 2558 309 2600 terarumque
328 2548 451 2589 officia
470 2545 702 2588 confuderit.
760 2546 799 2588 Si
834 2544 1001 2598 denique
1021 2558 1101 2588 non
1133 2548 1259 2602 probe
1291 2551 1520 2592 intellexerit
1549 2549 1793 2602 Majestatem
1829 2549 1887 2588 su-

62 2608 216 2650 stentari
245 2607 474 2650 au&oritate
492 2638 504 2658 ,
535 2618 694 2661 regnum
714 2617 846 2648 amore
862 2615 877 2658 3
909 2608 1031 2647 aulam
1068 2611 1284 2662 gravitaret
1313 2611 1555 2651 nobilitatem
1583 2608 1886 2656 existimatione;

59 2671 251 2722 populum
287 2670 494 2717 ubertate3
519 2666 696 2721 justitiam
745 2667 981 2719 aequalitate3
1012 2664 1117 2721 leges
1146 2680 1282 2716 metm
1312 2682 1413 2713 arma
1441 2672 1603 2724 proemio
1626 2697 1640 2720 ,
1669 2670 1887 2723 potentiam

59 2729 310 2782 parsimonia,
340 2729 483 2770 bellum
501 2728 659 2782 opibus,
686 2727 724 2769 &
752 2737 887 2782 pacem
912 2728 1112 2779 opinione.
1237 2782 1239 2784 q

236 2789 271 2841 ς.
300 2788 624 2842 Unumquodque
652 2788 830 2842 Regnum
858 2785 1149 2829 instrumentum
1185 2784 1240 2828 est
1263 2790 1310 2830 ab
1338 2791 1416 2830 aliis
1441 2784 1573 2830 natura
1601 2788 1639 2829 &
1670 2798 1881 2829 nervorum

61 2851 87 2906 (
97 2851 163 2904 qui
188 2850 274 2892 sunt
293 2850 363 2902 ipsi
382 2848 556 2901 subditi)
583 2846 828 2902 dispositione
849 2847 1063 2897 diversum,
1096 2849 1274 2902 adeoque
1299 2847 1319 2889 a
1351 2849 1500 2891 diversa
1527 2859 1663 2897 manu,
1694 2849 1732 2889 ὅτ
1762 2849 1883 2889 modo

63 2910 215 2952 diverso
232 2912 312 2964 regi
338 2908 375 2950 &
401 2910 545 2961 impelli
565 2908 693 2949 debet.
752 2910 930 2963 Regnum
958 2909 1112 2960 aliquod
1149 2907 1397 2950 Decachordi
1425 2909 1536 2951 instar
1559 2909 1635 2959 est,
1666 2909 1773 2960 quod
1803 2920 1883 2948 non

62 2973 187 3013 solum
210 2973 371 3012 mollitie
389 2980 650 3010 extremorum
672 2969 875 3024 digitorum
899 2968 1066 3021 indiget,
1098 2968 1162 3011 sed
1191 2971 1373 3023 unguium
1407 2972 1521 3011 etiam
1555 2970 1705 3010 duritie.
1766 2967 1884 3008 Aliud

66 3043 212 3084 organo
239 3032 386 3073 musico
407 3030 528 3071 fimile
545 3028 721 3079 videtur,
739 3029 788 3070 ‘in
809 3042 888 3083 quo
910 3030 1093 3070 ambabus
1115 3039 1216 3083 opus
1247 3028 1302 3070 est
1329 3032 1524 3080 manibus,
1556 3040 1599 3070 ut
1625 3042 1752 3070 earum
1784 3041 1882 3079 pon-

67 3092 158 3132 dere
185 3105 331 3134 vocum
359 3091 586 3144 symphonia
604 3091 850 3142 exprimatur.
910 3089 1025 3131 Aliud
1046 3101 1122 3131 tam
1161 3087 1366 3131 delicatum
1389 3091 1468 3141 est,
1499 3091 1554 3130 uti
1582 3089 1767 3139 cythara,
1797 3101 1882 3140 quae

68 3163 148 3191 non
172 3152 246 3193 fert
262 3154 363 3206 ipsos
384 3152 546 3205 digitos,
578 3150 641 3191 sed
659 3150 736 3190 levi
769 3148 912 3202 pulsata
929 3151 1096 3201 calamo,
1126 3162 1208 3191 tum
1231 3149 1386 3192 demum
1423 3152 1586 3192 suaviter
1614 3149 1776 3189 resonat.
1838 3149 1881 3190 In

69 3221 121 3261 eo
139 3211 248 3266 igitur
262 3214 443 3267 Princeps
459 3212 658 3262 elaboret,
689 3219 732 3251 ut
760 3209 826 3251 ista
850 3211 1076 3264 Regnorum
1107 3213 1262 3254 suorum
1286 3211 1532 3253 instrumenta
1559 3210 1597 3251 δι
1638 3209 1878 3251 subditorum

887 3270 994 3314 Zzz
1796 3279 1880 3311 ner·
