2132 3730
184 292 271 335 414
623 272 968 316 DIDA'CI
1021 271 1552 316 SAAVEDRAE.

527 462 1320 534 SYMBOLUM
1391 464 1614 534 XCIX.

308 1989 474 2040 agnoscit
485 1987 749 2038 dulcedinem,
763 1989 827 2039 qui
836 1986 925 2026 belli
933 1989 1219 2030 amaritudinem
1236 2001 1312 2030 non
1331 1990 1507 2042 gustavit.
1536 1986 1619 2027 Ubi
1627 1985 1819 2040 subJugata
1830 1986 1947 2039 fuerit
1958 2015 1973 2036 ,

308 2058 391 2088 tum
400 2049 564 2100 primum
578 2045 649 2088 rite
663 2048 874 2102 agnoscitur
882 2044 948 2086 ista
963 2048 1107 2099 bellua,
1126 2050 1215 2089 vitae
1226 2051 1383 2090 inimica.
1414 2050 1456 2090 In
1476 2060 1560 2089 eam
1574 2050 1759 2087 convenit
1769 2045 1861 2086 illud
1870 2046 1975 2086 Sam·

186 2111 286 2152 sonis
295 2110 451 2160 aenigma
461 2109 510 2148 de
527 2108 662 2148 Leone
672 2109 819 2158 occiso,
833 2110 872 2148 in
889 2107 994 2158 cujus
1006 2105 1145 2149 deinde
1163 2120 1231 2150 ore
1245 2121 1334 2162 apes
1359 2110 1471 2151 favos
1486 2110 1572 2149 suos
1597 2105 1672 2161 (a)
1701 2107 1977 2153 concinabant;

185 2166 369 2211 confecto
382 2170 483 2209 enim
492 2170 614 2218 bello,
628 2181 704 2220 pax
724 2167 876 2209 emendi
894 2168 1162 2221 vendendique
1177 2173 1405 2210 commercia
1414 2168 1591 2216 restituit,
1606 2178 1761 2207 manum
1775 2176 1897 2207 aratro
1907 2165 1974 2205 ad-

187 2237 343 2277 movet,
354 2238 510 2268 exercet
527 2239 647 2277 artes,
658 2228 760 2268 unde
776 2238 902 2268 rerum
918 2229 1071 2268 ubertas
1096 2229 1134 2268 &
1147 2230 1336 2270 affluentia
1354 2233 1471 2269 oritur
1484 2258 1498 2278 ,
1515 2240 1564 2268 ex
1577 2229 1648 2268 hac
1661 2226 1756 2268 verb
1778 2227 1919 2266 divitiae
1937 2225 1978 2265 δε

187 2300 283 2341 opes
296 2317 310 2337 ,
325 2299 408 2339 quae
422 2298 527 2328 metu
541 2290 644 2328 omni
654 2299 756 2328 nunc
764 2286 912 2340 posito,
925 2289 989 2339 qui
999 2291 1195 2329 anteaillas
1206 2290 1427 2330 condiderat
1437 2319 1449 2338 ,
1461 2302 1529 2342 per
1538 2289 1708 2328 omnium
1718 2298 1852 2329 manus
1866 2297 1980 2338 vaga-

185 2351 218 2390 ri
233 2349 429 2399 incipiunt.
473 2346 540 2388 Est
553 2350 681 2399 itaque
693 2360 769 2400 pax
784 2347 892 2397 isaia,
906 2345 979 2402 (b)
994 2346 1109 2397 teste,
1128 2352 1300 2389 cumulus
1317 2351 1509 2388 bonorum
1541 2348 1732 2396 omnium,
1761 2358 1844 2397 quae
1861 2344 1976 2385 Deus

186 2407 409 2450 mortalibus
419 2409 590 2460 largitur,
605 2409 660 2447 uti
671 2408 812 2448 bellum
825 2409 1009 2446 malorum
1018 2408 1412 2448 omniummaximum.
1466 2405 1614 2447 Idcirco
1631 2404 1805 2457 AEgyptii
1817 2430 1830 2453 ,
1850 2413 1894 2442 ut
1912 2415 1981 2455 pa..

186 2479 273 2507 cem
282 2467 488 2516 symbolice
498 2466 1036 2518 repraeientarentzplutonem
1048 2477 1209 2517 puerum
1229 2466 1506 2519 depingebant,
1526 2465 1740 2504 divitiarum
1755 2462 1978 2515 Praefidem,

187 2527 295 2566 lauro
318 2525 488 2577 rosisque
508 2536 754 2576 coronatum,
784 2526 832 2565 ad
850 2524 1108 2577 significandas
1124 2525 1346 2575 felicitates,
1377 2538 1469 2578 quas
1479 2524 1552 2564 unii
1572 2523 1698 2563 secum
1717 2523 1854 2565 adfert.
1889 2522 1980 2572 Pul„

188 2585 442 2625 chritudinem
473 2586 574 2637 apud
592 2586 756 2626 eundem
774 2586 899 2624 isaiam
921 2596 1002 2623 eam
1018 2582 1129 2625 Deus
1155 2588 1338 2638 appellat,
1369 2586 1473 2637 quod
1490 2587 1528 2624 in
1546 2579 1607 2623 illa
1625 2582 1843 2637 (tanquam
1864 2584 1964 2623 inter

186 2644 333 2699 flores>
348 2646 514 2697 populus
523 2645 607 2684 suus
618 2647 889 2696 conquieturus
910 2642 974 2698 (c)
1008 2643 1065 2684 fit.
1126 2644 1250 2686 Etiam
1263 2658 1322 2685 res
1336 2647 1506 2685 inanimae
1524 2644 1816 2695 pacelaetantur.
1846 2642 1979 2697 Quem

186 2706 262 2745 laeti
286 2706 322 2744 &
350 2704 495 2744 fertiles
509 2714 694 2756 apparent
715 2706 811 2757 agri,
842 2715 939 2755 quos
962 2704 1021 2743 illa
1038 2707 1191 2744 excolit.
1253 2705 1380 2758 Quam
1404 2706 1511 2745 bellae
1529 2704 1661 2751 urbes,
1692 2715 1785 2754 quas
1815 2713 1978 2743 exorna-

188 2766 245 2803 vit
272 2764 484 2815 ditavitque
515 2765 611 2803 illius
639 2765 864 2815 tranquillita
891 2776 901 2802 z
932 2773 1085 2812 contra,
1116 2775 1227 2815 quam
1255 2764 1368 2804 vastae
1406 2766 1580 2816 regiones
1594 2791 1606 2811 ,
1637 2773 1731 2813 quas
1745 2763 1836 2802 belli
1864 2761 1973 2802 furor

187 2823 422 2876 pertransiit!
452 2823 602 2871 Urbes,
632 2822 844 2875 Castellaqu
894 2822 1106 2862 Germaniae
1132 2825 1199 2863 vix
1225 2822 1382 2876 ampliuS
1404 2826 1443 2864 in
1464 2824 1534 2863 suis
1549 2822 1756 2862 noscuntur
1773 2823 1976 2866 cineribus.

187 2882 405 2935 Burgundia
421 2883 581 2923 viridem
599 2880 735 2922 frontis
762 2883 834 2922 suae
853 2882 1042 2934 generosae
1067 2883 1248 2922 caesariem
1266 2883 1422 2924 tinctam
1440 2884 1617 2936 sanguine
1639 2881 1677 2921 &
1703 2880 1888 2923 ambustas
1905 2891 1973 2920 ve-

189 2941 284 2990 steS,
295 2952 371 2982 tam
383 2940 469 2981 ante
485 2943 667 2995 speciosas
684 2952 890 2982 contuetur
902 2971 913 2990 ,
924 2942 1076 2993 seipsam
1093 2954 1192 2982 nunc
1203 2942 1398 2984 admirans.
1456 2939 1598 2983 Nullus
1607 2940 1767 2981 Naturae
1775 2939 1976 2982 hostisma-

186 3002 246 3056 jor
261 3014 305 3042 ac
330 3002 486 3047 bellum.
543 3002 623 3055 Qui
649 3013 775 3042 rerum
800 3003 971 3042 omnium
997 3001 1232 3042 conditarum
1249 3004 1393 3055 primus
1415 3001 1548 3041 auctor
1568 3000 1661 3050 fuit,
1688 2999 1764 3042 suit
1793 3000 1832 3041 δε
1853 3001 1977 3052 pacis.-

1918 3059 1978 3112 ‚In

185 1924 400 2067 POrtus
420 1927 590 1979 quietem
606 1936 684 1966 non
706 1921 882 1974 aestimat,
912 1925 978 1976 qui
1007 1924 1267 1980 tempestatem
1291 1936 1472 1982 expertus
1495 1937 1574 1970 non
1602 1923 1689 1967 fuit.
1746 1923 1841 1968 Nec
1866 1923 1975 1967 Pacis

292 3182 349 3223 (a)
375 3182 419 3213 Et
433 3190 503 3214 ecce
523 3189 671 3214 examen
688 3187 791 3229 apum
803 3177 841 3212 in
857 3188 912 3211 ore
927 3173 1029 3211 leonis
1048 3182 1147 3212 erat,
1171 3186 1213 3209 ac
1227 3169 1349 3222 favus
1363 3171 1486 3209 mellis.
1514 3169 1625 3219 JudiC.
1653 3182 1708 3217 14.
1729 3170 1764 3210 8.
1817 3169 1879 3219 (b)
1903 3173 1974 3206 Do-

187 3229 295 3269 mine,
320 3226 421 3266 dahis
436 3240 557 3281 pacem
579 3228 688 3266 nobis:
712 3228 829 3266 omnia
845 3229 937 3264 enim
950 3237 1050 3278 opera
1064 3223 1181 3276 nestra
1193 3234 1350 3276 operatus
1378 3235 1412 3260 es
1430 3221 1534 3259 nobis.
1564 3223 1624 3257 Ila.
1645 3225 1704 3280 αις.
1738 3232 1812 3280 12..
1844 3222 1903 3269 (c)
1927 3225 1975 3259 Et

176 3278 311 3369 fedeliist
319 3281 457 3333 populus
479 3295 573 3321 meuc
589 3283 628 3321 iu
641 3279 900 3334 pulchritudine
908 3281 1026 3332 pacis:
1053 3275 1098 3319 ὦ·
1115 3278 1154 3314 in
1167 3274 1563 3327 tabernaculisfiduciae,
1588 3271 1634 3316 ὦ·
1652 3286 1692 3311 m
1713 3284 1829 3326 reqme
1841 3272 1972 3327 :palen-2

189 3341 243 3373 ta.
301 3359 310 3368 .
338 3346 394 3381 3²·
419 3341 474 3376 18.
