2132 3730
403 178 1393 227 SYMBOLAPOLJTJCA.
1773 193 1830 238 43

19 276 206 315 minatum
230 271 358 317 unius,
383 278 561 319 tanquam
581 280 772 309 venenum
799 267 983 319 aliquod,
1012 279 1147 307 omnes
1167 267 1334 307 theriaca
1358 266 1432 306 sese
1446 267 1643 314 muniunt,
1669 264 1707 304 &
1733 268 1830 305 mul-

22 342 150 374 torum
178 333 379 382 imperium
393 327 507 368 avide
529 340 572 368 ac
600 328 718 368 securi
751 327 941 368 hauriunt.
1004 326 1265 377 Tyrannidem
1304 335 1525 367 exterorum
1557 323 1830 374 reformidant,

22 394 123 433 illam
144 390 249 431 domi
267 388 340 428 suae
370 397 498 428 natam
520 400 600 428 non
631 386 850 439 agnoscunt.
912 383 1064 427 Multus
1086 387 1231 437 ubique
1255 385 1304 426 de
1329 386 1506 426 libertate
1523 386 1668 433 sermo,
1699 383 1833 424 &nus-

24 464 136 504 quam
162 462 207 489 ea
233 448 432 504 reperitur.
494 448 768 500 Imaginatione
793 459 947 496 omnes,
978 445 1106 498 reapse
1133 457 1250 485 nemo
1282 457 1366 484 earn
1398 446 1572 497 possidet.
1632 442 1831 485 Instituant

22 522 124 552 nunc
150 510 478 561 comparationem
503 507 771 548 confaederatae
794 507 994 561 Belgarum
1015 506 1229 545 Provinciae
1250 505 1348 544 inter
1370 505 1608 555 libertatem,
1633 517 1708 557 qua
1726 504 1833 544 fruiti

24 571 107 612 sunt
124 568 343 621 quondam,
372 567 531 608 &istam
551 567 774 619 praesentem
788 597 801 617 ‚
834 567 872 608 &
895 564 1115 619 expendant
1134 564 1354 616 diligenter,
1384 574 1468 604 utra
1487 576 1536 604 ex
1553 566 1610 605 his
1637 564 1757 616 major
1773 563 1832 611 fin

22 642 114 672 num
131 630 223 669 item
245 640 331 668 eam
360 630 452 668 olim
480 629 631 680 experti
664 627 736 667 sint
759 628 999 675 servitutem,
1033 636 1078 664 ea
1096 625 1254 676 perpeffi
1278 623 1436 673 damna,
1460 624 1497 663 &
1514 625 1744 664 tributorum
1767 636 1834 664 ex-

23 688 216 738 actiones,
247 700 341 740 quas
360 700 463 729 nunc
484 688 734 740 experiuntur
755 688 792 727 &
817 688 993 727 sentiunt.
1055 684 1239 737 Cogitent
1269 683 1504 736 quarundam
1532 684 1678 724 Rerum
1705 684 1834 736 publi—

21 761 152 789 carum
169 747 346 797 Subdiu,
376 749 443 788 vel
464 748 533 799 ipsi
564 749 680 788 etiam
697 746 959 801 Magistratus;
990 746 1054 796 qui
1075 745 1112 783 in
1141 741 1235 783 allos
1259 744 1402 784 habent
1431 745 1655 796 imperium,
1683 746 1833 784 ullusne

19 808 222 859 Tyrannus
256 806 331 847 effe
365 809 561 860 potuerit,
593 811 657 859 qui
683 807 824 848 duriori
855 818 922 845 eos
956 806 1137 845 servitute
1174 806 1433 857 opprimeret,
1465 803 1579 855 quam
1608 802 1725 842 iidem
1756 805 1831 852 illi,

23 880 121 920 quos
140 868 295 919 sibiipsi
315 867 467 908 tuendae
491 870 674 907 libertatis
698 866 974 907 constituerunt
1002 864 1209 913 patronos,
1228 877 1316 904 curn
1333 865 1457 904 nullus
1488 865 1649 903 omnino
1673 862 1742 911 fit,
1769 863 1836 914 qui

24 940 70 969 ea
90 926 235 968 sincere
253 927 421 976 fruatur,
450 937 514 967 aut
533 930 593 967 cui
611 929 649 968 in
672 926 884 966 actionibus
903 925 973 964 suis
999 925 1119 964 libero
1142 923 1216 964 effe
1236 926 1359 965 liceat.
1424 922 1572 964 Omnes
1588 920 1837 975 suspitionum

25 989 171 1028 suarum
187 987 392 1028 miserrima
411 989 598 1040 mancipia
616 987 711 1030 sunt.
770 985 838 1025 Sui
866 985 980 1037 ipsius
997 983 1200 1034 Tyrannus
1232 983 1286 1024 est
1309 984 1492 1036 ejusmodi
1510 981 1779 1037 Magistratus,
1797 981 1836 1022 &

21 1059 115 1088 vere
140 1047 189 1087 de
214 1049 257 1088 iis
285 1047 358 1088 dici
377 1047 525 1101 potest,
551 1047 657 1099 quod
685 1046 758 1101 (a)
774 1044 962 1097 magisfiue
986 1044 1131 1086 Domino
1151 1046 1307 1095 vivant,
1337 1058 1439 1098 quam
1454 1046 1489 1084 in
1503 1045 1684 1092 libertate,
1717 1054 1836 1094 quan-

20 1108 64 1147 to
83 1109 184 1147 enim
201 1110 317 1160 magis
337 1107 359 1148 e
379 1108 574 1150 servitutis
598 1109 761 1150 vinculis
792 1105 869 1147 sese
892 1115 1079 1147 conantur
1109 1106 1302 1157 eximere,
1329 1114 1438 1146 tanto
1461 1106 1579 1160 magis
1602 1104 1735 1145 iisdem
1757 1101 1835 1143 sese

22 1168 96 1223 (b)
118 1170 335 1222 illaqueant.

524 1336 1166 1412 SYMBOLUM
1219 1342 1336 1412 XI,

142 2863 259 2918 Ingua
275 2862 565 2905 instrumentum
580 2862 634 2904 est
659 2895 672 2914 ‚
701 2877 781 2918 quo
805 2865 907 2906 sensa
923 2863 987 2905 sua
1010 2876 1120 2905 mens
1152 2865 1347 2917 exprimit.
1417 2861 1526 2905 Nam
1550 2873 1617 2906 aut
1640 2864 1738 2906 illius
1768 2864 1836 2907 be-

170 2923 313 2966 neficio
331 2924 406 2964 sese
425 2925 591 2975 explicat
611 2955 624 2974 ,
653 2936 717 2965 aut
734 2927 865 2966 calami
886 2956 899 2975 ‚
931 2926 996 2976 qui
1020 2927 1129 2965 velut
1144 2926 1269 2977 lingua
1289 2923 1464 2976 quaedam
1489 2935 1595 2965 muta
1616 2927 1768 2966 alterius
1777 2926 1836 2965 vi-

172 2996 258 3025 cem
281 2985 379 3024 subit
404 3014 418 3033 ,
446 2984 637 3024 interdum
657 3015 670 3034 ‚
701 2985 739 3026 δε
768 2987 888 3026 verba
924 2984 1103 3026 efformat
1132 2986 1171 3024 in
1193 2984 1323 3024 charta
1345 3013 1358 3034 ,
1388 2996 1473 3037 quae
1499 2997 1604 3025 voce
1635 2992 1837 3037 oporteret

29 3042 171 3094 eloqui.
230 3043 293 3085 Ex
315 3054 476 3097 utraque
492 3043 611 3096 porro
628 3046 740 3085 animi
764 3046 950 3098 cujusque
971 3044 1084 3085 dotes
1106 3043 1144 3085 &
1163 3044 1464 3098 magnitudinem
1489 3046 1620 3086 licebit
1642 3044 1836 3095 conjicere

933 3105 969 3145 L
997 3117 1027 3147 2
1760 3102 1838 3157 (a)

29 3262 63 3300 ei
115 3217 141 3301 l(
144 3214 180 3257 a)
207 3213 360 3303 'IAzgzitLL
385 3227 422 3251 2.
448 3214 510 3262 (b)
534 3214 667 3253 Annal.
720 3213 785 3252 sed
796 3214 881 3253 dum
900 3216 1062 3253 veritati
1082 3211 1280 3259 confilium
1295 3209 1740 3265 libertascorrumpebatur.
1767 3213 1838 3251 Ta-

65 3275 92 3300 t·
131 3290 139 3299 ι
164 3276 196 3301 1·
274 3280 317 3302 ssa
