2132 3730
487 225 925 269 SYMBOLA
981 226 1447 267 POLITICA.
1799 229 1883 277 367

97 312 175 351 bita
190 313 347 352 ratione.
407 306 479 348 Pro
497 320 706 348 eventuum
725 310 908 348 varietate
931 318 1077 349 mutant
1099 308 1135 348 ἃ
1159 308 1225 357 ipsi
1255 311 1418 348 animum
1433 319 1445 352 ς
1463 306 1565 346 unde
1587 304 1742 353 fanum,
1759 307 1887 347 utfor-

94 380 224 410 tunam
251 370 347 408 suam
372 380 449 406 non
471 361 582 406 valde
603 370 626 407 ii
645 368 844 415 auxerint,
876 379 961 407 cum
989 369 1128 419 alioqui
1154 366 1340 417 ejusmodi
1361 367 1404 406 sit
1420 365 1541 405 Natio
1564 396 1576 413 ‚
1607 379 1690 417 quae
1710 364 1761 405 ob
1781 367 1885 405 inna-

93 438 170 467 tam
191 429 301 466 animi
318 425 581 466 fortitudinem
606 427 772 465 dominia
788 427 850 465 sua
875 426 991 479 longe
1015 428 1168 477 lateque
1199 426 1321 476 posset
1340 424 1560 464 extendere.
1651 425 1693 464 In
1723 424 1885 466 eandem

93 487 238 525 causam
255 486 385 525 referri
412 484 540 537 potest
557 485 779 524 diuturnitas
802 486 987 527 bellorum
1018 486 1250 532 civivilium‚
1282 487 1418 536 quibus
1434 484 1639 523 etiamnum
1666 484 1884 524 hodiecon-

90 543 254 585 flic‘tatur
278 545 505 597 Imperium,
536 556 620 596 quae
648 543 832 584 constanti
856 546 983 596 aliquo
1015 545 1196 592 consilio,
1214 557 1258 582 ac
1281 546 1475 584 celeritate
1498 543 1613 594 sopiri
1635 544 1709 594 jam
1735 543 1884 595 pridem

90 604 327 656 potuissent,
356 603 492 644 verbm
519 605 571 643 ob
588 602 740 643 consilia
758 605 860 643 lenta
879 634 890 653 ,
921 617 1004 656 quae
1024 606 1094 656 pro
1123 603 1374 654 prudentibus
1395 612 1521 642 tamen
1545 603 1801 652 habebantur,
1830 605 1886 643 in·

90 671 222 715 gentes
238 663 285 702 ad
311 662 490 703 Rhenum
506 663 670 703 vidimus
689 666 879 703 exercitus
894 694 905 712 ,
936 666 1000 716 qui
1017 665 1055 703 in
1076 662 1105 702 F
1107 665 1270 703 ranciam
1289 674 1411 713 usque
1437 672 1638 713 penetrare
1658 662 1882 713 potuissent,

90 733 251 774 eamque
267 722 314 761 ad
344 734 478 774 pacem
494 723 740 762 universalem
758 721 970 763 faciendam
993 724 1247 774 compellere:
1279 721 1385 773 quod
1403 722 1581 761 damnum
1604 723 1756 774 gravius
1781 722 1855 762 fuit
1871 750 1883 769 ,

90 781 203 832 quam
225 781 253 821 fi
274 783 319 820 ab
345 780 453 821 hoste
483 782 564 821 caesr
581 781 731 821 fuissent
748 783 908 835 saepius‚·
937 784 1038 822 nulla
1061 783 1163 822 enim
1192 781 1318 821 clades
1336 781 1455 831 major
1471 811 1484 829 ,
1516 780 1629 832 quam
1645 780 1672 820 fi
1696 784 1885 821 exercitus

92 842 222 891 aliquis
243 842 279 880 in
306 842 423 892 seipso
446 841 577 881 sensim
610 843 790 881 intereat.'
841 841 897 881 Ea
924 842 1000 894 ipsa
1023 853 1083 881 res
1106 843 1279 893 proprias
1300 839 1463 879 vastavit
1486 839 1707 880 Provincias
1733 840 1770 879 &
1800 842 1884 880 loca

90 898 254 939 confinia
278 930 289 948 ,
319 913 388 951 per
415 913 497 951 quae
516 902 654 941 bellun]
677 902 750 940 alib
771 899 962 941 transferri
995 898 1206 949 debuisset,
1236 912 1340 940 nunc
1370 899 1466 940 vero
1494 902 1534 940 in
1568 899 1645 952 ipsa
1672 899 1885 939 Germaniae

90 959 232 999 viscera
253 960 491 1012 immigravir.

262 1018 298 1068 §.
332 1019 373 1058 ln
389 1020 467 1058 aliis
491 1015 610 1058 civilis
629 1019 912 1070 gubernationis
935 1018 1103 1071 negotiis
1127 1016 1257 1057 locum
1277 1017 1419 1059 habere
1447 1015 1601 1070 possunt
1630 1016 1786 1057 consilia
1807 1029 1883 1057 me-

91 1076 169 1124 dia,
197 1086 277 1116 tum
294 1088 453 1129 propter
470 1088 729 1117 extremorum
757 1075 941 1129 pericula,
963 1088 1044 1118 tum
1061 1080 1147 1129 quia
1179 1077 1339 1129 expedit
1375 1090 1460 1118 eam
1482 1078 1628 1129 semper
1655 1077 1799 1129 ingredi
1827 1078 1885 1117 vi-

90 1147 170 1184 am,
200 1137 302 1176 uude
319 1138 454 1176 minori
479 1149 565 1177 cum
587 1137 838 1178 incommodo
863 1136 995 1189 postea
1024 1135 1045 1192 (
1060 1137 1087 1177 si
1103 1135 1294 1176 necessum
1321 1136 1479 1190 fuerit)
1509 1136 1557 1175 ad
1589 1147 1706 1175 unum
1730 1135 1884 1187 aliquod

90 1206 346 1235 extremorum
375 1197 485 1247 possis
519 1196 715 1239 accedere.
777 1197 878 1236 Inter
902 1209 1071 1237 extrema
1098 1194 1157 1235 illa
1185 1198 1328 1247 antiqui
1358 1196 1600 1248 prudentiam
1634 1192 1885 1244 constituere,

92 1253 350 1295 adumbratam
369 1267 438 1306 per
465 1258 638 1296 volatum
658 1256 828 1304 Daedali,
860 1259 925 1307 qui
957 1268 1030 1295 nec
1052 1255 1131 1295 Soli
1156 1258 1313 1295 nimium
1336 1255 1687 1308 appropinquabat,
1718 1266 1790 1293 nec
1806 1266 1883 1294 ma-

88 1316 138 1362 ri,
169 1325 218 1353 ne
240 1324 303 1352 aut
323 1316 441 1354 nimio
467 1312 563 1355 illius
585 1315 722 1354 ardore
748 1316 814 1354 alae
838 1316 975 1365 quibus
1002 1317 1198 1363 utebatur,
1232 1315 1542 1361 dissolverentur,
1574 1324 1638 1352 aut
1672 1314 1780 1364 hujus
1814 1314 1883 1353 hu-

89 1372 242 1412 midiate
262 1372 522 1412 madefierent.
582 1374 624 1412 In
649 1376 692 1412 iis
724 1374 957 1420 Provinciis,
991 1386 1149 1423 quarum
1173 1376 1308 1413 incolae
1331 1372 1465 1413 natura
1494 1373 1645 1413 serviles
1670 1385 1750 1411 non
1782 1373 1882 1421 sunt,

88 1431 151 1472 sed
179 1432 335 1484 ingeniis
354 1433 461 1471 cultis
477 1431 627 1482 potius,
659 1431 697 1470 ὅτ
720 1433 851 1469 animis
868 1432 1080 1482 generosis,
1110 1434 1279 1482 populus
1298 1441 1373 1471 tam
1393 1431 1506 1471 caute
1534 1433 1570 1471 &
1593 1430 1727 1470 dextre
1753 1441 1884 1483 regen-

89 1491 160 1530 dus
187 1490 263 1537 est,
295 1501 336 1529 ut
355 1503 427 1530 nec
443 1490 674 1542 indulgentia
700 1492 813 1529 nimia
838 1502 926 1530 eum
949 1489 1214 1542 efferat,·nec
1242 1492 1342 1542 rigor
1374 1492 1524 1534 alienet,
1584 1490 1712 1542 AEque
1735 1493 1883 1542 pericu-

88 1550 208 1590 losum
233 1548 306 1597 est,
335 1561 442 1588 oreas
469 1549 506 1588 &
536 1548 766 1600 pastornides
792 1551 826 1588 ei
848 1550 1070 1599 imponere,
1103 1561 1147 1587 ac
1176 1549 1255 1588 sine
1285 1548 1406 1590 fraeno
1429 1552 1663 1601 relinquere,
1693 1552 1780 1602 quia
1808 1549 1836 1601 ζ
1835 1549 1884 1603 a)

86 1622 143 1649 nec
174 1617 279 1649 totam
305 1608 489 1648 libertatem
511 1610 590 1659 pati
610 1605 743 1661 potest,
773 1620 830 1647 nec
853 1614 959 1647 totam
976 1605 1204 1659 fh1·-vitute7n;
1234 1610 1291 1648 uti
1310 1608 1358 1648 de
1381 1609 1565 1649 Romanis
1583 1609 1705 1648 Pisoni
1728 1609 1880 1649 dicebat

87 1666 169 1723 (b)
201 1668 335 1707 Galba.
397 1667 544 1718 Exequi
578 1667 724 1719 semper
748 1669 982 1719 potentiam,
1014 1665 1068 1706 est
1088 1666 1252 1707 ferream
1281 1669 1469 1707 servitutis
1499 1679 1671 1707 catenam
1704 1677 1879 1708 atterere.

87 1727 312 1777 Tyrannidis
334 1739 450 1778 genus
470 1726 523 1766 est
546 1726 714 1766 subditos
730 1727 778 1766 ad
796 1739 969 1767 normam
985 1727 1099 1777 Reip.
1125 1725 1268 1766 summe
1294 1726 1475 1778 iierfes‘tae
1493 1726 1594 1766 velle
1623 1726 1815 1780 redigere,
1845 1727 1885 1767 id

89 1790 190 1827 enim
206 1798 286 1827 non
303 1786 378 1827 fert
395 1787 555 1825 humana
572 1786 757 1826 conditio.
819 1786 986 1826 Minime
1006 1783 1253 1826 necessarium
1275 1785 1349 1834 est,
1383 1787 1698 1839 gubernationem
1729 1785 1804 1826 esse
1831 1797 1884 1826 ta·

87 1848 182 1894 lem,
214 1847 332 1898 qualis
353 1844 425 1885 ess'e
442 1845 618 1895 deberet,
648 1846 710 1885 sed
730 1844 848 1897 qualis
872 1843 946 1885 esse
973 1844 1120 1898 potest:
1151 1857 1278 1897 neque
1307 1848 1408 1886 enim
1441 1848 1588 1893 omnia,
1620 1858 1703 1897 quae
1735 1858 1882 1886 conve-

85 1908 214 1954 niunt,
242 1905 421 1959 poffibilia
441 1905 708 1945 sunthumanae
728 1906 990 1948 imbecillitati.
1050 1904 1216 1946 Stultum
1244 1905 1298 1946 est
1321 1917 1489 1958 cupere,
1520 1914 1563 1945 ut
1596 1906 1687 1944 nulli
1723 1907 1880 1946 omnino

86 1967 124 2005 in
146 1966 311 2017 Republ.
344 1965 465 2015 aliqua
489 1964 558 2003 sint
586 1963 769 2004 defecstus.
833 1963 899 2018 (c)
936 1964 1040 2004 Vitia
1066 1971 1190 2013 erunt,
1219 1963 1317 2006 donec
1342 1967 1495 2005 homines.
1555 1961 1671 2004 Zelus
1696 1965 1881 2004 immode-

85 2034 186 2065 ratus
206 2026 410 2063 multorum
432 2035 600 2063 errorum
625 2022 730 2064 causa
753 2021 892 2072 estiis,
924 2025 987 2074 qui
1013 2023 1202 2074 praesunt‚
1234 2023 1283 2064 eo
1310 2024 1416 2076 quod
1440 2036 1527 2064 cum
1558 2023 1759 2075 prudentia
1788 2036 1880 2065 con-

85 2084 251 2124 formare
272 2084 306 2122 se
323 2083 478 2121 nesciat:
509 2084 563 2122 uti
583 2083 620 2122 &
651 2083 809 2123 ambitio
829 2113 840 2132 ,
871 2082 1026 2134 quando
1049 2084 1225 2123 nimirum
1254 2083 1449 2136 Principes
1478 2082 1597 2123 severi
1622 2084 1750 2122 audire
1774 2087 1880 2136 cupi-

86 2156 176 2192 unt,
205 2141 242 2182 &
258 2143 414 2195 gloriam
440 2142 538 2180 suam
554 2144 779 2181 collocatam
797 2151 932 2192 putant
956 2143 994 2181 in
1015 2142 1170 2181 subditis
1185 2142 1517 2194 ficgubernandis,
1541 2153 1582 2180 ut
1597 2154 1645 2180 ne
1666 2145 1702 2181 in
1721 2143 1879 2182 minimo

86 2214 252 2254 unquam
268 2204 289 2240 a
305 2202 451 2240 ratione
473 2200 509 2240 &
527 2201 672 2251 legibus
688 2201 758 2253 ipsi
775 2200 990 2239 desciscant.
1052 2199 1291 2242 Periculosus
1325 2200 1378 2240 est
1402 2204 1521 2253 rigor,
1554 2202 1617 2252 qui
1652 2200 1811 2240 affeetus
1841 2203 1878 2241 δε

87 2262 290 2302 ordinarias
309 2261 412 2311 vulgi
428 2259 611 2311 pastiones
633 2262 765 2299 nonin
780 2258 979 2299 confilium
1005 2258 1184 2299 adhibet:
1213 2259 1315 2313 apud
1332 2260 1423 2299 illud
1442 2261 1539 2299 enim
1568 2261 1651 2311 plus
1675 2260 1877 2301 dexterita-

85 2331 126 2363 te
145 2318 365 2374 proficitur,
394 2317 506 2369 quarn
529 2321 729 2370 potentia;
759 2320 845 2371 plus
865 2319 1045 2370 exemplo
1063 2318 1101 2359 &
1117 2318 1428 2368 mansuetudine,
1461 2318 1573 2371 quam
1600 2318 1799 2359 severitate
1823 2323 1877 2360 in-

85 2383 260 2422 humana.
320 2379 361 2418 In
381 2390 464 2418 eam
479 2379 590 2430 igitur
611 2390 739 2418 curam
760 2378 954 2418 incumbat
976 2377 1175 2430 Princeps,
1205 2389 1248 2419 ut
1274 2381 1450 2421 videatur
1466 2378 1634 2418 subditos
1660 2380 1745 2418 suos
1766 2391 1874 2431 repe-

87 2440 170 2480 risse
188 2438 316 2489 potitis
344 2439 492 2486 bonos,
522 2436 634 2488 quam
662 2436 845 2484 effeciss'e3
877 2432 989 2487 quani
1018 2439 1205 2490 egregiam
1229 2437 1379 2478 laudem
1403 2438 1451 2477 de
1475 2439 1651 2490 Agricola
1679 2440 1716 2477 in
1740 2440 1874 2490 guber-

86 2500 243 2540 natione
263 2496 462 2536 Britanniae
482 2506 758 2535 commemorat
776 2494 849 2548 (A)
880 2495 1048 2535 Tacitus.
1108 2495 1365 2549 Temporibus
1388 2498 1584 2548 praeteritis
1601 2510 1651 2536 ne
1675 2497 1751 2536 falli
1776 2501 1812 2538 se
1833 2499 1876 2538 sr—

84 2568 176 2607 nat,
206 2565 249 2595 ut
267 2556 392 2595 bonos
407 2567 554 2600 moreS,
584 2567 682 2606 quos
703 2556 828 2594 deillis
852 2553 918 2594 fibi
939 2556 1183 2605 imaginatur,
1213 2568 1315 2596 nunc
1340 2556 1388 2594 de
1420 2556 1589 2606 praesenti
1617 2568 1774 2606 quoque
1806 2559 1876 2596 ob=

87 2617 226 2658 servari
244 2617 359 2662 velit,
390 2626 476 2654 nam
496 2613 630 2653 eadem
651 2615 796 2666 semper
811 2614 884 2653 fuit
910 2614 1070 2655 malitia:
1105 2612 1164 2652 sed
1200 2610 1271 2667 (e)
1300 2616 1425 2655 vitismz
1448 2611 1497 2667 est
1515 2615 1738 2666 malignitatis
1758 2616 1875 2656 huma-

85 2691 162 2727 nae,
191 2681 313 2715 vetera
317 2670 448 2725 semper
475 2675 511 2714 in
528 2672 644 2723 laude,
663 2671 849 2726 pra-finilia
869 2669 1057 2726 infasticlio
1073 2670 1141 2726 ff.

297 2771 584 2826 Laudamus
610 2786 810 2830 veteres,
843 2769 1084 2841 praesentes
1115 2773 1358 2840 carpimus
1377 2788 1540 2823 annos.

87 2889 170 2932 Etsi
189 2886 309 2939 major
331 2888 421 2926 olim
437 2885 617 2926 severitas
634 2885 751 2927 fuerit
776 2885 815 2925 &
837 2885 1080 2930 obedientia,
1110 2881 1192 2922 hece
1215 2893 1345 2935 tamen·
1365 2895 1453 2924 aetas
1476 2895 1561 2926 eam
1582 2881 1683 2926 ferre.
1710 2897 1789 2926 non
1817 2888 1872 2928 su-

887 2943 920 2983 Z
936 2959 957 2985 z
974 2959 996 2985 z
1011 2958 1033 2985 z
1067 2953 1090 2980 2
1735 2945 1846 2986 stinet
1857 2978 1869 2996 ,

192 3064 257 3114 (a)
282 3061 386 3098 Tacit
406 3060 466 3096 lib.
485 3075 518 3104 4.
534 3059 666 3096 Histor.
720 3061 784 3106 (b)
812 3064 928 3112 Neque
948 3061 1039 3095 enim
1057 3056 1128 3099 hic,
1147 3067 1214 3094 aut
1229 3059 1268 3095 in
1287 3060 1414 3094 crateris
1433 3053 1614 3110 gentibus,
1641 3071 1707 3109 quse
1723 3070 1871 3109 regnan-

89 3127 169 3156 tur,
192 3124 291 3152 certa
311 3114 522 3151 dominorum
541 3111 675 3152 domus,
701 3110 746 3154 ῤ’
761 3108 998 3157 caterist’rvi:
1011 3105 1076 3156 fid
1095 3112 1329 3162 imperatus-us
1359 3123 1392 3145 es
1414 3107 1605 3147 hominibus
1620 3135 1629 3149 ‚
1655 3111 1714 3160 qui
1740 3122 1798 3145 nec
1818 3121 1870 3147 to-

90 3179 169 3205 tam
174 3165 388 3214 sbrvitutem
393 3166 477 3216 pati
489 3162 618 3216 pqffimt
632 3190 641 3204 ‚
668 3176 727 3199 nec
741 3172 855 3199 totam
870 3161 1081 3200 libertatem.
1109 3162 1224 3199 Tacit.
1251 3161 1312 3208 lib.
1345 3173 1373 3198 1.
1397 3162 1484 3198 Hist.
1534 3173 1590 3207 rc)
1606 3163 1715 3212 *Idem
1739 3161 1800 3198 lib.
1830 3175 1867 3213 4.

92 3220 182 3257 Hist.
232 3220 294 3263 (d)
317 3218 457 3255 Maluit
476 3215 596 3254 videri
614 3213 778 3264 invemffe
790 3212 905 3262 bonos,
918 3212 1158 3268 quamfectffiss
1184 3215 1269 3251 Tac.
1288 3208 1324 3250 in
1341 3213 1416 3252 Vita
1438 3211 1564 3263 Agric..
1609 3215 1639 3261 ’ζ
1650 3212 1669 3248 f
1672 3216 1692 3261 J
1718 3213 1865 3265 Quin&-

92 3271 130 3309 in
146 3268 227 3308 dial.
244 3271 288 3306 de
306 3281 396 3307 orat.
1002 3276 1005 3279 ’
