2132 3730
179 298 263 341 400
602 281 950 325 DIDACI
1010 282 1540 329 SAAVEDRAE

177 370 292 409 eisin
314 370 454 408 ltaliam
475 365 740 413 admittendis;
769 378 897 417 neque
920 369 1021 407 enim
1038 368 1077 406 in
1097 380 1171 407 una
1195 369 1321 422 aliqua
1345 348 1793 412 Proviffia-ffit—eff‘d’uas
1819 378 1897 409 tam
1927 368 1982 408 di.

179 429 302 470 versas
319 425 592 479 oppositasque
620 423 813 466 Nationes
833 438 907 478 pax
924 427 1137 466 conservari
1149 432 1312 479 poterit,
1327 442 1401 470 nec
1420 430 1521 471 aliud
1537 430 1626 471 inde
1645 430 1759 469 Italiae
1776 428 1863 470 fore
1881 426 1992 468 com-'
2032 462 2033 465 ,

177 488 356 535 modum,
388 485 502 537 quam
528 484 634 536 quod
650 483 864 537 serpentem
885 488 924 526 in
944 486 1026 526 sinu
1048 486 1185 536 aleret,
1212 486 1233 526 ὲ
1251 500 1330 539 quo
1348 489 1488 530 deinde
1506 490 1801 544 pestilentiffimo
1830 493 1987 528 veneno

177 547 406 589 inficeretur.
470 544 725 595 Praeterquam
747 545 854 597 quod
875 545 1006 586 Franci
1026 547 1123 586 intra
1147 546 1232 586 suos
1251 549 1365 588 etiam
1383 551 1521 590 limites
1543 548 1790 591 consistentes
1818 549 1866 588 ab
1896 548 2005 593 alte-¹

177 622 217 649 ra
236 608 392 658 Alpium
410 614 520 657 parte
536 634 549 653 ,
578 603 662 643 satis
680 604 817 656 praesto
840 605 911 646 sint
942 606 1114 657 semper,
1144 616 1187 645 ut
1210 609 1339 647 vocati
1357 609 1395 647 in
1412 608 1554 649 ltaliam
1570 611 1707 662 posfint
1735 610 1898 657 irruere,
1914 618 1990 647 nec

177 666 325 709 necess'e
340 665 385 704 fit
409 677 478 704 eos
495 665 637 703 habere
661 675 738 704 tam
755 666 924 714 vicinos,
955 675 997 705 ut
1020 666 1084 705 ille
1115 667 1154 705 in
1178 666 1322 707 Italiam
1350 667 1531 725 ingressus
1559 669 1724 721 ipsorum
1754 669 1989 718 relinquatur

179 728 346 768 arbitrie.
407 725 556 763 Ver‘um
581 723 648 763 etfi
671 722 803 764 Franci
820 735 896 765 tarn
906 724 1068 765 modesti
1087 724 1226 775 effe-nt,
1252 726 1290 766 &
1308 727 1355 766 ab
1370 729 1474 767 omni
1494 727 1714 768 dominandi
1729 726 1886 768 libidine
1901 727 1988 765 alie-

176 790 235 836 ni,
266 798 308 825 ut
323 787 398 824 illic
419 784 455 823 se
475 785 738 833 continerent,
767 796 841 825 nec
861 786 1065 836 quicquam
1081 784 1150 825 nisi
1167 787 1357 838 implorati
1378 788 1425 827 ab
1445 788 1524 827 aliis
1542 796 1790 836 attentarent,
1821 787 1904 839 quis
1922 784 1991 825 du-

177 849 274 888 bitet
296 856 444 893 tamen,
474 842 588 896 longe
611 855 679 883 eos
696 853 804 883 extra
829 845 1083 896 protectionis
1100 847 1237 885 limites
1259 855 1353 886 tunc
1379 847 1603 888 dominandi
1632 846 1837 887 occasione
1868 847 1991 886 abitu-

175 919 261 954 ros;
293 907 347 945 uti
376 905 495 955 reipsa
520 905 670 954 experti
690 903 775 944 sunt
790 902 1018 945 Ludovicus
1032 904 1197 954 Sfortia,
1229 899 1703 955 Castrucius’Castrocani,
1733 908 1896 958 aliique,
1926 905 1992 957 qui

176 970 327 1007 illorum
351 964 603 1016 implorarunt
630 964 834 1013 auxilium,
864 965 971 1004 nullo
1004 965 1078 1004 alio
1105 963 1233 1004 fructu
1249 996 1262 1015 ,
1293 965 1408 1018 quam
1431 967 1538 1019 quod
1566 969 1611 1007 iis
1632 965 1825 1007 accideret
1850 962 1878 1017 ζ
1896 963 1993 1004 ficut

176 1028 215 1068 &
247 1025 363 1066 hodie
390 1024 582 1063 nonnullis
610 1021 780 1079 accidit)
811 1024 851 1063 id
875 1023 983 1077 quod
1006 1023 1248 1065 Trecentinis
1278 1027 1473 1078 quondam
1496 1026 1663 1069 evenisse
1697 1033 1888 1066 memorat
1920 1023 1994 1063 Ta-

178 1089 295 1135 citus,
325 1085 501 1124 nimirum
524 1081 600 1137 (a)
629 1085 760 1137 quoties
784 1083 841 1124 isti
859 1083 1034 1124 concordes
1054 1085 1202 1136 agebant
1221 1116 1233 1134 ,
1257 1082 1488 1138 spernebatur
1510 1087 1698 1128 Parthus.-
1725 1086 1784 1126 ubi
1812 1094 1909 1124 vero
1930 1080 1994 1135 dis-

166 1144 327 1199 sensere,
356 1142 436 1184 dnm
448 1143 517 1196 fibi
550 1145 693 1197 quisque
720 1151 841 1184 contra
866 1144 1001 1184 aemulos
1017 1140 1199 1195 fitbstdimn
1229 1145 1400 1186 vocabant
1425 1149 1555 1187 accitus
1570 1149 1607 1187 in
1616 1153 1781 1199 partem,
1812 1141 1996 1195 adverfitm
2058 1150 2061 1153 ’

177 1219 288 1247 onmes
310 1201 507 1254 valescebat.
567 1200 691 1256 Quod
709 1203 736 1244 si
752 1202 819 1243 ista
840 1202 1074 1244 Francorum
1089 1206 1266 1256 potentia
1291 1206 1531 1246 Pinnarolam
1557 1219 1601 1246 ea
1621 1208 1705 1257 lege
1727 1203 1854 1244 fuisset
1876 1204 1994 1243 intro-

180 1265 317 1314 dueta,
346 1273 389 1303 ut
417 1264 455 1302 in
481 1261 596 1315 ipsius
623 1262 736 1303 Italiae
762 1262 855 1303 effet
882 1264 1038 1305 arbitrio
1067 1275 1154 1304 eam
1183 1275 1248 1304 aut
1271 1267 1309 1305 in
1341 1266 1547 1306 subsidium
1581 1277 1769 1314 evocare,
1800 1272 1865 1304 aut
1882 1261 1904 1302 ὲ
1923 1262 1997 1302 suis

179 1326 317 1366 finibus
344 1323 488 1363 rursum
512 1322 726 1374 dimittere,
757 1324 824 1363 ubi
846 1322 898 1363 fic
928 1322 1114 1377 expedire
1147 1325 1269 1364 visum
1294 1324 1432 1376 fuerit,
1462 1324 1650 1366 habuisset
1683 1323 1771 1366 sane
1797 1322 1996 1363 confilium

179 1385 275 1425 istud
301 1384 498 1437 politicam
526 1383 689 1433 aliquam
722 1384 912 1424 rationem
940 1383 978 1423 δε
1007 1384 1175 1436 speciem
1206 1386 1279 1424 zeli
1309 1385 1404 1425 boni
1425 1387 1601 1438 publici3
1632 1395 1670 1425 at
1689 1395 1794 1425 nunc
1814 1392 1996 1434 tempore

179 1444 335 1487 minime
359 1451 585 1495 opportuno
601 1453 687 1482 eam
710 1443 807 1482 intra
821 1442 917 1494 ipsas
938 1441 1053 1481 Italiae
1081 1452 1213 1492 portas
1235 1442 1492 1494 constituere,
1521 1454 1564 1484 ut
1583 1456 1657 1497 pro
1678 1445 1811 1492 libitu,
1838 1443 1998 1494 quoties

166 1516 244 1546 'aut
261 1505 439 1552 ambitio,
470 1509 534 1541 aut
551 1502 688 1541 levitas
704 1500 875 1550 suaserit,
906 1513 990 1540 eam
1013 1501 1127 1552 poffit
1152 1502 1388 1553 subingredi,
1419 1514 1536 1554 atque
1558 1513 1603 1541 ut
1628 1515 1678 1542 ex
1707 1502 1780 1542 isto
1804 1509 1912 1541 metu
1925 1500 1996 1541 Hi-

180 1566 305 1618 spani,
333 1572 528 1612 nunquam
544 1561 681 1599 nonin
699 1562 810 1598 armis
830 1561 1013 1611 vigilent,
1044 1558 1235 1610 deturque
1262 1560 1415 1599 occalio
1433 1590 1446 1611 ,
1475 1569 1519 1600 ut
1540 1562 1600 1600 alii
1620 1572 1778 1613 quoque
1800 1559 1996 1612 Principes

180 1637 280 1665 arma
305 1621 533 1671 corripiant,
565 1617 603 1656 &
635 1628 772 1669 graves
799 1619 1044 1657 concitentur
1068 1617 1259 1658 bellorum
1286 1629 1416 1660 motus
1450 1621 1596 1672 absque
1625 1622 1700 1660 ulla
1737 1621 1877 1672 quietis
1907 1621 1997 1672 spe,

181 1698 260 1728 non
278 1694 356 1723 tam
375 1677 575 1720 confilium
595 1675 698 1726 fuit,
728 1675 843 1729 quam
860 1677 1032 1730 proditio
1049 1678 1205 1728 patriae:
1235 1690 1364 1730 neque
1393 1682 1495 1720 enim
1526 1689 1608 1720 erat
1630 1679 1754 1727 aliud,
1787 1680 1901 1732 quam
1919 1684 1997 1726 [ex-

179 1755 327 1800 ponere
343 1752 429 1782 eam
450 1738 605 1777 arbitrio
623 1734 809 1786 Franciae,
840 1737 877 1777 &
897 1735 1031 1778 contra
1055 1736 1223 1778 adimere
1241 1738 1408 1794 Principi
1423 1738 1524 1780 Italo
1548 1738 1796 1789 facultatem,
1828 1752 1902 1792 qua
1922 1740 1996 1793 pro

181 1804 377 1848 communi
402 1799 574 1839 omnium
591 1796 700 1836 bono
718 1796 807 1849 iplis
832 1797 998 1850 Alpibus
1035 1797 1291 1849 imperitabat.

355 1862 390 1914 §.
421 1859 464 1899 In
489 1857 643 1909 reliquis
668 1856 784 1897 ltaliae
800 1856 1102 1909 Principatibus,
1131 1859 1197 1910 qui
1216 1860 1315 1899 inter
1339 1859 1468 1899 ambas
1484 1860 1566 1899 illas
1586 1858 1762 1899 Coronas
1793 1857 1993 1898 constituti

180 1938 258 1966 non
287 1923 397 1972 sunt,
424 1919 505 1959 vim
525 1928 605 1958 non
619 1917 737 1957 habet
760 1916 827 1957 ista
843 1916 1111 1957 Neutralitatis
1140 1919 1261 1960 ratio:
1290 1919 1398 1958 illatis
1423 1920 1525 1958 enim
1547 1920 1584 1958 in
1609 1918 1754 1960 Italiam
1777 1920 1907 1967 armis,
1924 1917 1997 1957 Vi-

184 1985 298 2025 §toris
334 1988 445 2022 erunt
466 1977 683 2031 praemium,
715 1988 788 2017 nec
814 1978 928 2017 ullam
954 1977 1121 2028 partium
1155 1978 1224 2017 fibi
1255 1979 1453 2018 habebunt
1480 1977 1722 2028 obstrictam,
1753 1980 1808 2018 uti
1849 1978 1997 2018 Consul

184 2042 387 2098 Quinctius
409 2039 582 2084 dicebat,
611 2035 779 2076 AEtholis
796 2037 1054 2089 persuasumst,
1083 2045 1127 2076 ut
1149 2039 1188 2078 in
1210 2039 1313 2077 bello
1339 2048 1473 2077 contra
1491 2037 1638 2091 Regem
1667 2039 1909 2078 Antiochum
1938 2037 1997 2078 su·-

185 2106 315 2156 scepto
344 2098 527 2140 Romanis
544 2096 582 2135 se
612 2095 684 2149 (h)
709 2097 931 2149 jungerent,·
961 2096 998 2134 ἂι
1018 2099 1169 2148 experti
1189 2097 1283 2137 illud
1306 2097 1390 2137 sunt
1415 2097 1643 2146 Florentini,
1676 2097 1833 2149 quando
1865 2098 1992 2138 detre-

185 2163 288 2206 ftato
311 2160 456 2202 soedere
474 2168 561 2195 cum
585 2155 693 2207 Rege
709 2158 905 2208 Aragonio
932 2152 1105 2194 mansere
1125 2158 1337 2205 neutrales,
1365 2157 1573 2208 perdentes
1592 2157 1709 2210 Regis
1727 2156 1894 2197 Franciae
1917 2170 1998 2210 gra-

185 2226 297 2272 tiam,
325 2232 398 2261 nec
416 2227 545 2257 tamen
561 2213 758 2255 Pontificis
781 2218 875 2255 iram
890 2216 1118 2267 mitigantes.
1178 2215 1415 2256 Neutralitas
1433 2216 1579 2268 semper
1603 2216 1818 2258 admittenti
1837 2218 1997 2263 exitiosa

185 2283 262 2334 est,
291 2293 405 2334 quam
430 2278 482 2317 ob
500 2276 649 2324 causam
674 2274 723 2315 de
738 2275 968 2316 Senenfibus
985 2273 1084 2327 (qui
1097 2276 1340 2317 neutralitate
1360 2277 1516 2316 salutem
1533 2287 1747 2328 quaerentes
1762 2276 1913 2317 ‘misere
1931 2290 2000 2330 pe-
2067 2289 2073 2298 ‘

185 2338 314 2397 πῖθι-ε)
341 2340 436 2380 dixit
452 2334 673 2388 Alphonsus
696 2336 785 2376 Rex
799 2333 1107 2387 NeapolitanuS,
1137 2339 1182 2376 iis
1215 2334 1407 2384 evenfflb,
1439 2336 1549 2385 quod
1569 2336 1746 2377 accidere
1773 2336 1869 2376 solet
1897 2336 1996 2376 ἀιιο-ι

184 2405 257 2444 bus
274 2403 386 2442 unius
409 2397 659 2449 ejusdemque
682 2395 820 2437 domus
842 2393 1052 2447 inquilinis,
1083 2407 1248 2446 quorum
1268 2395 1357 2442 illc,
1386 2395 1451 2445 qui
1475 2393 1676 2435 inferiores
1705 2394 1844 2435 aedium
1864 2407 1997 2448 partes

186 2465 348 2510 incolit,
376 2459 486 2500 fumo
517 2453 678 2507 superne
695 2457 930 2496 habitantem
953 2454 1122 2507 opplet;
1150 2455 1215 2494 hic
1233 2465 1330 2494 vero
1349 2452 1485 2493 contra
1505 2453 1656 2494 inferne
1687 2466 1997 2497 commorantem

186 2520 405 2565 madefacit.
464 2515 660 2556 Thebanis
677 2517 882 2568 plurimum
902 2515 1057 2563 nocuit,
1089 2514 1196 2565 quod
1223 2514 1414 2554 neutrales
1435 2511 1510 2553 effe
1535 2513 1753 2562 voluerint,
1780 2514 1872 2554 dum
1902 2515 1998 2556 Xer-

187 2595 255 2624 xes
271 2580 459 2622 Graeciam
480 2576 734 2628 oppugnavit.
787 2574 839 2616 Et
854 2574 1035 2626 quamdiu
1064 2576 1180 2615 talem
1203 2573 1240 2613 se
1260 2574 1363 2628 gestit
1377 2571 1454 2629 (c)
1482 2572 1711 2614 Ludovicus
1733 2572 1800 2620 XI.
1826 2573 1996 2617 Franciae

188 2644 296 2693 Rex,
324 2651 412 2680 cum
428 2637 535 2677 nullo
554 2636 728 2688 Principe
751 2646 886 2688 pacem
904 2635 1049 2674 habuit.
1316 2660 1319 2667 ι
1360 2661 1362 2663 »
1458 2666 1461 2667 ⁷
1655 2644 1657 2649 ’
1677 2646 1679 2648 ·
1950 2645 1951 2651 ’

363 2698 398 2751 §.
430 2695 499 2737 Ne
512 2706 630 2747 porro
647 2694 725 2735 falli
749 2695 786 2736 se
806 2695 924 2735 sinant
941 2694 1153 2746 Principes,
1168 2691 1364 2746 opinando
1373 2693 1549 2733 nimirum
1564 2723 1576 2741 ,
1589 2695 1872 2735 neutralitatem
1885 2691 1993 2734 istam

190 2762 381 2814 optimum
407 2755 482 2797 effe
504 2755 673 2795 medium
699 2754 747 2795 ad
778 2754 1055 2794 conservandas
1076 2756 1115 2795 in
1148 2754 1356 2805 aequilibrio
1378 2752 1569 2805 Hispaniae
1604 2751 1850 2805 Franciaeque
1868 2757 1993 2801 vitea,

189 2833 277 2862 nam
297 2827 432 2859 revera
450 2817 572 2867 aliqua
596 2827 693 2866 opus
719 2813 774 2854 est
799 2813 958 2854 affectus
985 2813 1201 2855 ostensione
1222 2815 1259 2853 in
1277 2812 1454 2853 favorem
1485 2811 1700 2866 Hispaniae,
1726 2826 1807 2853 non
1840 2824 1883 2853 ut
1910 2815 1992 2865 plu.

189 2882 292 2921 ribus
307 2879 496 2929 potiatur,
524 2886 652 2926 neque
679 2885 721 2913 ut
741 2876 778 2914 in
803 2874 997 2914 Franciam
1021 2876 1156 2921 irruat;
1186 2873 1248 2914 sed
1275 2882 1316 2913 ut
1338 2885 1403 2922 ea,
1433 2885 1518 2926 quae
1545 2885 1648 2914 nunc
1672 2873 1855 2925 poffidet,
1887 2883 1992 2913 tuen*

191 2950 273 2988 tur,
305 2938 343 2977 &
367 2939 405 2976 in
432 2935 567 2987 Regno
592 2935 658 2975 suo
682 2935 922 2974 detineantur
949 2934 1108 2984 Franci,
1139 2946 1188 2975 ne
1220 2935 1461 2974 neutralitate
1481 2932 1607 2985 forte,
1636 2943 1701 2973 aut
1717 2934 1990 2973 benevolentia

192 3001 267 3040 alib
285 2999 506 3039 invitentur.
565 2994 615 3033 Et
633 2996 710 3034 hoc
735 2995 855 3046 ipsum
872 3005 948 3034 tarn
965 3004 1112 3035 certum
1137 2993 1191 3034 est
1214 2995 1557 3046 exploratumque,
1587 3002 1630 3034 ut
1650 2994 1730 3034 sola
1760 2995 1876 3034 etiam
1899 2992 1992 3033 affe-

193 3059 276 3100 &us
293 3056 498 3099 declara-‘io
520 3054 663 3105 absque
690 3056 771 3093 ullis
792 3057 869 3094 aliis
892 3055 1039 3095 indiciis
1060 3055 1222 3107 publicis
1252 3054 1404 3106 pondus
1422 3054 1466 3094 lit
1484 3055 1680 3106 aequilibrii
1706 3052 1854 3093 istarum
1871 3053 1993 3093 bilan-

194 3121 317 3166 cium,
347 3116 383 3156 &
410 3125 670 3168 argumentum
697 3115 878 3155 sufficiens
899 3145 911 3164 ,
943 3127 1009 3156 cur
1030 3115 1120 3155 ideo
1146 3116 1289 3154 bellum
1321 3115 1552 3155 exardescat.
1609 3113 1714 3154 Italia
1738 3112 1830 3152 duas
1853 3112 1992 3152 fastio-

193 3191 261 3219 nes
277 3178 378 3220 ferre
404 3187 485 3216 non
507 3173 679 3224 sustinet,
713 3186 796 3225 quae
819 3175 985 3216 Coronae
1015 3176 1212 3227 utriusque
1237 3173 1333 3214 intra
1357 3174 1466 3214 illius·
1483 3173 1627 3215 viscera
1656 3175 1908 3214 contentione
1933 3173 1991 3212 su-

1929 3244 1992 3272 am

195 3298 299 3308 0—-0—0—
450 3299 498 3305 *-

196 3370 208 3408 1
302 3297 792 3403 <2>T2133t221ig⁶ffinnat
845 3316 912 3362 rb>
939 3294 1735 3365 W
1765 3314 1882 3353 emis.
1908 3317 1991 3359 nv.

213 3378 298 3414 .35.
354 3370 410 3411 (c)
477 3380 528 3402 ιι..
590 3379 700 3406 omni.

2116 559 2121 588 l

2110 1062 2121 1187 e—b-
2099 389 2128 1049 Λ-ῌ-αὰ-α--ηῴτδ-..ῥ
2104 102 2127 369 mafi-
2111 50 2129 87 ⁸-

2118 2006 2120 2010 .
2121 1856 2123 1891 -Α
2114 1792 2123 1814 -
2116 1774 2118 1776 .
2116 1648 2121 1751 ,ῃἉ-Μ,
2119 1576 2121 1590 g
