2132 3730
297 211 376 256 178
723 195 1069 241 DJDACJ
1122 175 1658 242 SAAVEDRAE.

464 285 499 336 ς,
529 281 693 322 Tametsi
716 279 811 318 vero
827 279 1001 331 praesenti
1021 278 1260 321 Emblemate
1283 281 1566 333 permittamus,
1579 282 1698 321 immo
1714 284 1828 322 etiam
1839 282 2088 325 neceffariam

285 344 497 398 iudicemus
515 337 757 380 diffimulandi
775 347 920 387 artem,
950 338 1104 378 servatis
1132 338 1437 390 conditionibus,
1475 351 1568 392 quas
1587 340 1777 391 diximus,
1805 344 1923 395 magis
1950 352 2078 384 tamen

288 416 335 444 ea
352 400 530 443 Ministris
545 398 731 438 convenit
748 394 932 452 (quando
954 399 1120 438 excusari
1138 397 1300 453 potest)
1319 398 1433 452 quam
1459 398 1716 452 Principibus:
1744 402 1784 442 in
1802 402 1860 441 his
1884 402 1986 442 enim
2010 414 2077 441 oc·

287 464 389 504 culta
416 457 588 510 quaedam
616 455 710 497 inest
745 457 943 507 divinitas,
973 470 1058 510 quae
1084 470 1129 498 ea
1149 459 1298 499 cura&
1325 460 1505 500 cautlone
1529 459 1751 504 offenditur.
1819 459 2075 504 Diffimulatio

286 524 510 576 plerumque
532 529 581 558 ex
597 526 703 559 metu
720 516 757 557 &
777 518 986 558 ambitione
1006 517 1104 558 nasci
1130 516 1247 565 solet;
1273 527 1409 559 neutra
1436 527 1583 568 autem,
1613 519 1642 560 fi
1667 528 1849 570 notetur,
1878 521 1962 561 satis
1975 520 2079 560 Prin-

245 600 258 604 *
284 583 411 633 cipem
439 577 565 619 decet.
626 576 748 630 Quod
766 576 954 619 simulatio
981 590 1119 619 cavere
1137 577 1275 626 debet,
1305 587 1440 619 caveat
1461 579 1650 619 silentium
1675 579 1844 632 prudens
1859 607 1872 628 ,
1900 580 1940 620 &
1963 581 2080 620 solers

283 639 458 692 gravitas.
519 637 648 691 Magis
678 646 824 677 amatur
849 637 1030 690 Princeps
1045 668 1058 687 ‚
1088 639 1154 691 qui
1185 646 1320 677 cautus
1345 638 1384 678 ἀ
1414 638 1584 691 prudens
1611 638 1773 678 habetur
1805 640 1852 679 ab
1875 642 2076 688 omnibus,

282 697 403 740 modo
428 705 513 752 agat
528 710 619 738 cum
636 696 849 738 sinceritate
875 697 1037 750 quadam
1058 699 1169 752 regia.
1230 694 1367 737 Nemo
1389 697 1469 747 est,
1497 699 1589 751 quin
1615 707 1715 738 artes
1731 698 1811 738 illas
1827 698 1997 739 occultas
2013 698 2080 738 de-

280 756 461 806 testetur,
489 756 624 799 contra
648 756 745 798 vero
769 757 903 810 agendi
920 757 1060 798 modus
1074 757 1251 798 naturalis
1268 767 1358 796 cum
1377 758 1539 811 ingenua
1558 757 1719 810 quadam
1737 758 1932 810 probitate
1949 760 2077 808 placet

281 818 485 868 omnibus,
514 817 839 871 quemadmodum
869 819 908 857 in
935 816 1118 858 Petronio
1150 816 1315 856 advertit
1338 815 1518 866 Tacitus,
1546 814 1634 874 (a)
1660 818 1756 872 czq‘us
1787 816 1882 859 (dicta
1910 813 2079 872 fastuque

280 877 409 932 quant&
420 873 607 929 Jblutiora,
636 875 689 922 &⁹
705 876 877 931 quandam
886 874 945 929 fici
957 877 1188 932 negligentiam
1198 873 1453 929 praeferentia,
1478 884 1576 918 tanto
1589 880 1730 931 gratius
1757 881 1793 921 in
1801 875 1941 932 speciem
1951 876 2078 931 simpli·

279 939 397 979 citatis
406 937 673 991 accipiebantur.

688 1113 1326 1182 SYMBOLUM
1368 1113 1587 1181 XLVI.

420 2650 471 2679 ex
498 2636 727 2678 refractione
744 2637 956 2690 specierum
975 2638 1113 2679 oritur:
1142 2636 1194 2675 ita
1209 2636 1336 2675 multis
1361 2635 1401 2675 in
1415 2637 1529 2676 rebus
1543 2648 1614 2677 nos
1632 2636 1727 2677 fallit
1744 2639 1888 2690 opinio.
1947 2636 2002 2677 Ea
2017 2639 2068 2677 de

421 2698 531 2738 causa
545 2698 766 2751 Philosophi
783 2695 970 2749 Sceptici‚
998 2706 1042 2736 ut
1063 2696 1306 2744 dicebantur,
1337 2693 1386 2735 de
1415 2698 1520 2736 omni
1540 2708 1581 2736 re
1604 2696 1849 2745 dubitabant,
1869 2707 1943 2736 nec
1958 2699 2063 2748 quic-

272 2773 386 2813 quam
409 2770 482 2811 pro
512 2766 621 2799 certo
655 2757 847 2798 audebant
879 2755 1051 2799 asserere.
1111 2755 1239 2796 Solers
1262 2755 1348 2795 sane
1370 2755 1574 2806 modestia,
1604 2756 1642 2796 &
1667 2751 1873 2798 diffidentia
1898 2756 2066 2807 prudens

271 2820 428 2861 humani
445 2818 598 2869 judicii,
624 2829 699 2858 nec
727 2818 872 2870 absque
900 2815 1179 2862 fundamento;
1209 2814 1391 2867 siquidem
1416 2817 1462 2856 ad
1486 2826 1628 2857 certam
1653 2829 1780 2858 rerum
1806 2816 2064 2867 cognitionem

271 2881 372 2920 binae
388 2880 628 2929 requiruntur
644 2877 930 2930 dispositiones,
958 2878 1055 2917 illius
1067 2877 1264 2922 nimirum,
1293 2876 1359 2926 qu'i
1374 2876 1588 2929 cognoscit,
1620 2877 1657 2918 &
1672 2879 1726 2917 rei
1739 2908 1752 2927 ,
1781 2889 1865 2929 quae
1880 2876 2065 2926 cognosci

272 2940 405 2980 debet.
465 2938 545 2990 Qui
561 2939 780 2989 cognoscit,
810 2935 1024 2978 intellectus
1047 2934 1120 2985 est,
1151 2936 1215 2987 qui
1229 2936 1393 2974 externis
1407 2935 1514 2986 juxta
1530 2946 1645 2989 atque
1667 2938 1821 2977 internis
1843 2934 1960 2975 utitur
1982 2937 2064 2976 sen-

272 2999 397 3047 sibus,
426 3006 606 3048 tanquam
623 2995 876 3037 instrumentis
897 2996 945 3036 ad
961 2995 1197 3036 efformanda
1219 2995 1487 3046 phantasmata.
1546 2996 1706 3036 Externi
1729 2993 1833 3036 varie
1863 2996 2063 3035 immutan-

275 3069 336 3099 tur
358 3069 431 3112 pro
450 3057 582 3108 majori
608 3056 812 3097 humorum
840 3054 1092 3104 abundantia,
1121 3064 1186 3094 aut
1218 3054 1493 3098 moderatione.
1554 3056 1661 3109 Quas
1689 3055 1919 3095 mutationes
1946 3057 2061 3096 etiam

275 3120 413 3159 interni
429 3117 610 3166 subeunt,
641 3126 705 3155 aut
732 3117 783 3155 ob
802 3116 964 3157 eandem
978 3115 1148 3163 causam,
1178 3123 1243 3154 aut
1261 3125 1420 3168 propter
1450 3116 1613 3157 diversas
1636 3127 1864 3168 organorum
1890 3112 2063 3170 affectio<

1979 3186 2062 3215 nes.

271 2574 512 2716 REmus
535 2586 587 2618 ex
608 2584 720 2631 parte
755 2575 863 2630 aquis
881 2573 1099 2625 immersus,
1128 2574 1307 2628 obliquus
1340 2573 1496 2615 videtur
1520 2575 1659 2625 oculis,
1689 2573 1728 2617 δε
1762 2573 1921 2626 fractus,
1949 2577 2068 2630 idque

373 3260 428 3300 (a)
451 3255 566 3298 Tacit,
587 3254 647 3295 lib,
678 3258 733 3290 16.
750 3255 879 3291 Annal-
