2132 3730
238 263 321 301 124
670 237 1021 283 DJDACJ
1075 238 1618 282 SAAVEDRAE.

232 333 330 374 tudo
354 332 401 371 ad
427 329 607 369 tuendam
635 322 953 364 existimationem
974 334 1216 375 nequaquam
1233 323 1387 372 sufficit,
1410 322 1438 362 si
1458 314 1553 362 desit
1569 324 1726 373 Virtus,
1757 325 1795 366 δε
1809 323 2032 378 magnitudo

232 394 344 434 animi
365 390 539 443 proprian
568 382 730 436 perinde
745 391 790 423 ut
807 381 1001 436 speculum
1025 394 1106 423 non
1124 383 1231 423 limbi
1256 384 1467 423 exteriores
1504 381 1673 424 aestimari
1696 383 1871 441 faciunt3
1901 384 1966 425 sed
1986 386 2043 424 in-

228 452 386 494 trinseca
406 448 484 499 ejus
513 442 738 498 praestantia.
797 443 841 484 In
854 445 957 496 regia
972 440 1175 495 Majestate
1203 454 1283 482 non
1305 445 1391 495 plus
1418 442 1515 484 inest
1534 445 1673 484 virium
1693 443 1806 496 quam
1842 447 1881 486 in
1920 443 2045 484 existi-

228 515 418 556 matione,
449 517 535 558 quae
564 516 614 545 ex
634 504 884 545 admiratione
905 504 943 544 ὅτ
962 513 1068 544 metu
1098 503 1333 552 nascisolet3
1364 515 1413 544 ex
1433 513 1602 557 utroque
1631 503 1731 544 vero
1760 505 1980 545 obedientia
2007 504 2047 544 δε

227 568 410 622 Γυὺ]εὲὶίο
423 596 436 615 ,
467 578 552 618 quae
571 565 601 605 si
620 564 835 615 defuerint,
865 576 945 604 non
966 563 1042 604 sese
1068 563 1133 604 diu
1150 563 1320 603 tuebitur
1339 563 1523 617 Principis
1545 564 1728 618 dignitas,
1756 566 1795 605 in
1811 567 1930 606 aliena
1956 565 2042 616 opi-

227 634 345 673 nione
362 625 541 674 fundata,
572 625 610 665 &
631 636 802 677 purpura
830 626 931 678 regia
958 623 1135 665 irrisionis
1155 621 1287 675 potius
1303 623 1450 676 signum
1471 624 1667 665 videbitur
1684 654 1697 674 ‚
1727 637 1842 677 quarn
1877 627 2047 665 eminen-

228 693 290 731 tiae
309 701 388 741 prae
409 687 487 726 aliis
511 685 550 726 &
568 684 800 736 Majestatis,
830 686 887 725 uti
904 687 942 725 in
965 696 1055 738 rege
1077 683 1252 724 Henrico
1275 683 1428 737 Quarto
1456 697 1615 726 cernere
1634 685 1755 725 licuit.
1817 685 1978 737 Spiritus
2008 684 2048 723 <St

228 751 383 792 nativus
406 748 509 787 calor
532 757 673 798 corpus
697 746 907 785 humanum
922 746 961 785 in
980 744 1101 797 pedes
1117 743 1291 785 ereetum
1307 741 1509 790 sustinent:
1539 746 1618 786 sola
1645 744 1825 784 tibiarum
1852 745 1950 784 basis
1969 756 2052 783 non

228 810 428 852 sufficeret.
487 805 540 846 Et
557 805 648 857 quid
668 804 767 844 aliud
784 803 840 845 est
875 804 1122 856 existimatio,
1154 803 1270 857 quam
1291 802 1453 856 Spiritus
1475 805 1632 858 quidam
1658 806 1805 854 tenuis,
1834 805 1874 844 in
1895 805 2050 856 opinio-

227 882 279 912 ne
293 871 466 909 omnium
494 865 672 906 accensus
687 895 699 914 ,
731 866 796 916 qui
822 864 1015 917 sceptrum
1032 864 1138 906 redta
1163 866 1305 906 sursum
1327 864 1459 917 erigit,
1488 863 1753 906 &sustentat‘?
1782 863 1904 905 Curet
1919 865 2051 915 itaque

226 931 433 981 Princeps,
464 925 572 979 quod
603 924 685 964 fieri
709 922 869 976 potest,
898 933 942 964 ut
968 938 1104 966 omnes
1130 924 1302 965 actiones
1327 924 1424 971 suae,
1462 924 1503 964 δε
1538 926 1784 976 operationes
1823 925 1918 964 tales
1951 923 2053 972 sint,

233 1003 319 1042 quae
340 989 488 1040 spiritus
502 984 592 1025 istos
612 984 796 1033 foveant,
827 996 871 1024 ac
896 987 1075 1026 nutriant.
1133 985 1178 1025 In
1198 984 1481 1026 existimatione
1498 982 1713 1024 fundabant
1737 984 1868 1024 Parthi
1895 984 2053 1036 petitiou

232 1062 322 1091 nem
347 1049 470 1095 suam,
502 1044 590 1085 clim
606 1054 785 1097 rogarent
801 1043 1020 1096 Tiberium,
1049 1055 1094 1086 ut
1106 1047 1151 1086 iis
1170 1045 1310 1098 sponte
1326 1044 1391 1086 sua
1403 1044 1626 1086 Phrahaten
1643 1043 1841 1085 Phrahatis
1871 1044 1993 1097 Regis
2010 1041 2055 1082 fi-

231 1111 325 1149 lium
348 1108 476 1149 Roma
500 1100 571 1162 (a)
599 1106 778 1145 mitteret.

384 1167 420 1218 §.
451 1164 582 1205 Isthaec
606 1162 835 1204 existimatio
864 1163 902 1204 &
925 1161 1131 1203 auctoritas
1160 1163 1324 1214 maJ'ores
1350 1165 1465 1205 etiam
1489 1165 1529 1205 in
1561 1164 1694 1205 militia
1720 1161 1885 1204 effeetus
1905 1162 2058 1215 operari

232 1229 328 1269 solet
349 1258 362 1277 ‚
390 1227 457 1266 ubi
473 1227 559 1278 plus
580 1233 705 1264 metus
728 1222 858 1276 potest
879 1254 891 1272 ‚
922 1222 1038 1275 quam
1053 1222 1222 1276 gladiu83
1259 1224 1297 1263 δε
1322 1225 1513 1264 efficacior
1540 1223 1596 1264 est
1616 1225 1774 1277 opinio,
1789 1222 1904 1276 quam
1932 1222 2056 1274 ipsum

232 1299 297 1328 aut
317 1288 430 1327 animi
459 1295 524 1324 aut
558 1286 731 1337 corporis
765 1285 905 1332 robur,
936 1283 1115 1335 adeoque
1143 1295 1225 1323 non
1251 1283 1378 1324 minus
1403 1284 1453 1323 de
1471 1286 1534 1323 illa
1559 1283 1836 1332 laborandum,
1867 1281 1981 1334 quam
2009 1281 2059 1320 de

232 1359 425 1388 armorum
447 1346 605 1386 viribus.
664 1344 761 1383 Eam
781 1345 834 1383 ob
851 1355 934 1383 rem
953 1341 1239 1396 prudentissime
1265 1342 1447 1382 suadebat
1468 1342 1620 1383 Othoni
1640 1343 1847 1383 Suetonius
1867 1342 2060 1389 Paulinus,

230 1418 276 1448 ut
301 1408 483 1446 Senatum
505 1405 726 1445 Romanum
744 1405 782 1443 in
802 1404 905 1443 suam
929 1403 1079 1455 semper
1103 1403 1255 1442 trahere
1286 1412 1438 1454 partem
1461 1412 1688 1451 conaretur,
1721 1404 1867 1454 quippe
1896 1401 1973 1454 (h)
1995 1412 2061 1439 cu-

229 1467 291 1520 jus
310 1479 484 1520 nimquam
502 1461 636 1515 obscura
654 1464 792 1515 poffint
814 1461 889 1503 effe
908 1465 1064 1512 nomme,
1084 1462 1146 1515 etsi
1162 1461 1345 1515 aliqnando
1365 1462 1619 1503 obumbremur.
1682 1462 1783 1514 Quae
1808 1462 1924 1501 etiam
1952 1460 2062 1499 causa

231 1527 331 1575 fuit,
364 1538 430 1566 cur
452 1524 664 1577 provinciae
701 1535 782 1562 non
811 1534 947 1574 paucae
975 1524 1014 1562 in
1040 1523 1123 1574 ipso
1146 1524 1252 1574 spem
1283 1522 1385 1561 suam
1424 1521 1462 1561 δε
1482 1521 1664 1561 fiduciam
1694 1519 1721 1573 (
1730 1518 1778 1575 c)
1810 1520 2061 1560 collocarent.

231 1588 276 1626 In
299 1585 446 1625 diffidiis
463 1583 536 1623 illis
564 1594 790 1635 magnorum
806 1582 989 1630 Ducum,
1020 1581 1175 1621 Caesaris
1205 1581 1243 1621 &
1268 1581 1433 1633 Pompei
1457 1582 1699 1634 praecipuum
1730 1582 1931 1631 utriusque
1951 1578 2067 1619 studi-

230 1659 297 1686 um
317 1655 418 1694 erat,
448 1652 491 1682 ut
524 1643 618 1681 alter
646 1643 799 1680 alterius
836 1639 1107 1680 auctoritatem
1129 1642 1306 1681 vinceret
1331 1639 1489 1692 potius,
1528 1639 1644 1693 quam
1673 1652 1796 1682 arma:
1827 1639 1914 1679 satis
1950 1640 2066 1678 etiam

233 1713 427 1748 noverant
451 1703 620 1748 animos,
651 1700 689 1740 δε
707 1699 870 1752 perinde
890 1701 1016 1748 vires,
1045 1698 1158 1739 samae
1187 1700 1397 1739 clamorem
1425 1700 1530 1752 sequi
1573 1701 1714 1753 magis,
1744 1697 1859 1752 quam
1900 1699 2067 1739 sonitum

232 1766 421 1817 tympani.
481 1762 571 1801 Rex
586 1760 785 1812 Philippus
805 1758 1007 1799 Secundus
1025 1760 1188 1799 eximius
1205 1756 1321 1811 plane
1337 1758 1413 1798 fuit
1438 1760 1478 1799 in
1503 1759 1577 1799 hac
1599 1769 1681 1800 arte
1707 1759 1861 1800 tuendae
1881 1757 2068 1799 existima-

232 1827 381 1867 tionist
425 1820 614 1872 siquidem
649 1819 760 1870 hujus
792 1818 987 1859 beneficio
1027 1818 1050 1859 e
1086 1820 1244 1871 privato
1279 1818 1462 1858 cubiculo
1490 1818 1638 1860 Mundi
1663 1821 1866 1881 utriusque
1900 1819 2071 1859 habenas

234 1885 288 1927 fic
315 1882 539 1924 moderatus
569 1877 649 1927 est,
680 1888 725 1917 ut
752 1878 1102 1930 obsequentiffimas
1117 1890 1181 1917 eas
1202 1878 1353 1928 semper
1381 1878 1574 1919 habuerit.

411 1944 447 1992 ς.
480 1939 589 1992 Quin
615 1947 697 1977 tum
718 1939 858 1986 etiam,
890 1937 978 1976 cum
999 1939 1108 1977 ruina
1124 1935 1289 1975 statuum
1303 1947 1384 1987 prae
1410 1938 1535 1976 oculis
1557 1937 1649 1984 est,
1664 1935 1816 1990 praestat
1835 1947 1971 1977 eorum
1981 1942 2068 1989 per-¹

239 2004 394 2044 mittere
408 2001 616 2047 interitum,
627 1995 742 2049 quam
765 1995 1053 2037 existimationis
1065 1994 1251 2046 jacturam
1265 1994 1415 2035 facere:
1445 1995 1526 2035 sine
1535 1995 1609 2035 hac
1626 1999 1727 2037 enim
1746 1990 1857 2035 illi'in
1877 1997 2070 2048 integrum

237 2062 381 2103 restitui
400 2071 596 2110 nunquam
612 2055 779 2109 possunt.
843 2056 1096 2108 Quapropter
1122 2057 1160 2095 in
1190 2053 1400 2106 gravissima
1424 2055 1485 2094 illa
1507 2054 1737 2107 tempestate
1774 2055 2069 2106 conspirationis

238 2119 523 2163 Cameracensis
540 2148 553 2166 ,
584 2117 653 2156 etsi
681 2117 920 2167 Respublica
940 2115 1095 2155 Veneta
1115 2115 1305 2167 perditam
1323 2114 1362 2153 se
1385 2113 1539 2154 videret
1557 2145 1582 2163 ,γ
1599 2115 1907 2166 prudentissimus
1938 2124 2068 2156 tamen

238 2185 301 2223 ille
328 2181 364 2221 &
388 2178 606 2220 fortissimus
628 2176 792 2216 Senatus
811 2175 923 2214 satius
942 2174 1017 2215 effe
1039 2175 1148 2215 duxit
1168 2173 1409 2213 constantem
1438 2185 1484 2212 ea
1522 2176 1560 2213 in
1589 2185 1631 2212 re
1663 2175 1700 2213 se
1727 2174 1922 2226 praebere,
1953 2187 2070 2226 quam

241 2243 407 2294 aliquam
430 2237 597 2291 prodere
613 2237 827 2289 ignaviam,
856 2234 992 2274 mediis
1030 2234 1179 2275 utendo
1194 2232 1345 2272 illicitis,
1406 2229 1647 2272 Dominandi
1662 2233 1785 2273 libido
1806 2233 1961 2274 serviles
1978 2235 2066 2274 red-

240 2303 297 2343 dit
316 2301 525 2351 Principes.
585 2297 629 2337 Id
648 2297 735 2348 quia
752 2294 976 2347 expendere
993 2293 1199 2335 omittebat
1225 2290 1357 2340 Otho,
1386 2290 1516 2340 passim
1535 2289 1607 2346 (d)
1618 2293 1830 2344 protendens
1846 2306 1969 2333 manus
1984 2294 2069 2336 ado:

240 2376 325 2403 rare
350 2360 491 2411 vulgum
505 2356 715 2406 videbatur,
736 2356 854 2409 jacere
869 2352 993 2406 escula,
1021 2353 1075 2399 ἐξ)
1099 2355 1210 2395 onmia
1229 2348 1411 2403 serviliter
1422 2358 1492 2402 pro
1527 2351 1770 2394 dominantione
1797 2364 1955 2406 gerere:
1985 2354 2067 2395 hoc

243 2422 326 2474 ipso
348 2421 547 2467 nimirum,
579 2428 659 2469 quo
675 2416 868 2456 ambiebat
888 2415 1117 2467 Imperium,
1148 2410 1263 2466 quam
1286 2411 1336 2453 eo
1367 2410 1548 2464 indignus
1581 2411 1699 2463 esset,
1728 2414 1855 2465 palam
1883 2414 2066 2455 omnibus

243 2482 402 2523 faciens.
462 2477 530 2519 Ne
548 2479 587 2517 in
613 2478 744 2529 inopia
759 2474 917 2529 quidem
937 2473 1200 2529 &indigentia
1218 2471 1378 2527 expedit
1393 2470 1529 2513 mediis
1551 2474 1607 2514 uti
1637 2472 1842 2524 violentis,
1872 2473 1911 2513 &
1936 2475 2064 2515 minus

245 2537 420 2589 decoris,
451 2547 516 2579 aut
531 2536 691 2578 subsidia
716 2537 763 2576 ab
790 2537 981 2576 extraneis
998 2545 1161 2588 petere,
1175 2542 1384 2586 utrumque
1399 2532 1501 2574 enim
1517 2532 1776 2586 periculosum
1785 2565 1801 2584 „
1828 2533 1868 2574 δε
1884 2544 2067 2589 neutrum

247 2602 296 2642 ad
310 2599 517 2654 egestatem
543 2596 817 2638 sublevandam
831 2595 978 2641 sufficit,
1037 2594 1175 2649 Quid?
1204 2593 1311 2648 quod
1328 2594 1504 2634 tenuitati
1520 2593 1578 2634 isti
1595 2592 1874 2636 existimatione
1903 2593 2066 2648 consuli-

246 2674 308 2703 tur
333 2658 483 2703 melius.
540 2658 638 2698 Tam
655 2659 739 2710 quis
762 2657 949 2710 opinione
975 2657 1153 2708 locuples
1179 2654 1259 2704 est,
1287 2666 1332 2695 ac
1349 2651 1443 2694 alius
1467 2655 1596 2695 multis
1624 2655 1834 2696 reconditis
1858 2653 1902 2694 ⁴&
1933 2655 2065 2694 occul-

247 2725 295 2762 tis
314 2722 479 2773 opibus:
508 2721 561 2758 ita
581 2719 750 2758 Romani
767 2718 835 2757 sibi
858 2717 950 2757 olim
972 2715 1274 2769 persuadebant,
1306 2725 1423 2766 quare
1448 2714 1518 2754 etsi
1544 2716 1584 2755 in
1615 2713 1773 2756 diversis
1798 2714 2066 2754 occasionibus

249 2781 396 2822 afflietae
413 2779 579 2820 fortunae
605 2780 649 2818 iis
679 2778 865 2818 offerrent
889 2776 1105 2817 Provinciae
1136 2776 1356 2829 pecuniaria
1387 2775 1425 2815 &
1454 2774 1701 2816 frumentaria
1730 2774 1910 2823 subfidia,
1939 2775 2070 2826 gratiis

249 2851 380 2882 tamen
403 2839 518 2887 astis,
547 2850 591 2877 ea
609 2840 816 2879 noluerunt
845 2837 1060 2878 admittere.
1119 2836 1314 2877 Perierant
1344 2834 1548 2887 aliquando
1574 2837 1613 2876 in
1639 2838 1732 2876 mari
1758 2835 1841 2875 duae
1867 2835 2066 2885 legiones;

249 2902 279 2955 ζ
280 2903 323 2958 e)
354 2908 514 2940 caeterum
530 2895 766 2950 adfiqaplenda
790 2896 960 2939 exercitiis
981 2897 1107 2938 damna
1122 2904 1306 2936 certavere
1337 2895 1466 2944 Gallia,
1498 2893 1699 2949 Hispania,
1731 2891 1855 2936 Italia.-
1883 2893 1974 2946 quod
1993 2896 2066 2935 cui-

251 2974 316 3015 que
326 2967 543 3013 promptim,
572 2972 696 2998 aarum
709 2990 721 3008 ,
753 2971 876 3013 equos,
906 2971 1008 2998 arma
1025 2955 1228 3012 ‹ffirentes,·
1253 2967 1395 3010 quormn
1418 2955 1555 2997 laudato
1575 2955 1717 3011 studio,
1757 2954 1981 2993 Germanicus
2004 2967 2068 2994 ar·

252 3024 318 3063 vnis
343 3019 453 3070 modo,
480 3018 531 3063 &⁹
565 3020 658 3070 equis
679 3018 730 3058 ad
748 3019 865 3059 herum
878 3015 1050 3073 fimzptis,
1070 3018 1220 3070 propria
1236 3019 1381 3067 peczmia
1403 3017 1538 3058 militem
1551 3017 1666 3071 juvit.
1732 3013 1837 3054 Binis
1862 3014 1957 3054 item
1988 3015 2069 3054 aliis

1967 3083 2067 3114 tem·

356 3172 414 3218 (a)
443 3170 588 3207 Nomine
602 3178 764 3209 tantum,
792 3166 838 3211 ἄν·
865 3179 991 3205 autore
1017 3177 1098 3220 opus
1125 3175 1170 3202 ut
1188 3164 1312 3218 sponte
1344 3167 1499 3212 Gesaris,
1518 3179 1632 3219 genus
1658 3167 1816 3213 Affacis,
1836 3169 1954 3220 ripam
1973 3164 2071 3219 apud

259 3221 448 3274 Euphratis
471 3231 678 3259 cerneretur.
704 3222 789 3257 Tac.
809 3220 870 3258 lib.
893 3227 926 3258 6.
951 3220 1082 3258 Annal.
1133 3219 1193 3267 (b)
1219 3220 1336 3257 Tacit.
1366 3220 1427 3256 lib.
1444 3233 1478 3256 2.
1494 3219 1583 3256 Hist.
1637 3223 1696 3268 (c)
1732 3225 1823 3256 Erat
1837 3219 1981 3272 grande
2000 3233 2068 3257 mo-

262 3285 470 3365 ἴφεῖῖῖιᾶἶη
489 3276 625 3311 nomine
642 3271 739 3310 urhis
756 3271 984 3325 &pratextu
1001 3278 1160 3309 Senatus.
1175 3273 1275 3309 Idem
1291 3272 1353 3310 lib.
1372 3271 1502 3310 1.Hist.
1528 3273 1590 3318 (d)
1617 3272 1769 3313 Ibidem.
1819 3274 1878 3321 (e)
1902 3274 1990 3310 Tac.
2001 3270 2067 3310 lib.
