<?xml version="1.0" encoding="UTF-8"?>
<!DOCTYPE html PUBLIC "-//W3C//DTD XHTML 1.0 Transitional//EN"
    "http://www.w3.org/TR/xhtml1/DTD/xhtml1-transitional.dtd">
<html xmlns="http://www.w3.org/1999/xhtml" xml:lang="en" lang="en">
 <head>
  <title>
</title>
<meta http-equiv="Content-Type" content="text/html;charset=utf-8" />
  <meta name='ocr-system' content='tesseract 3.04.00' />
  <meta name='ocr-capabilities' content='ocr_page ocr_carea ocr_par ocr_line ocrx_word'/>
</head>
<body>
  <div class='ocr_page' id='page_1' title='image "./didacisaavedraef00saav_0367.png"; bbox 0 0 2132 3730; ppageno 0'>
   <div class='ocr_carea' id='block_1_1' title="bbox 0 683 40 3689">
    <p class='ocr_par' dir='ltr' id='par_1_1' title="bbox 0 683 40 3689">
     <span class='ocr_line' id='line_1_1' title="bbox 0 683 40 3689; baseline 0 0"><span class='ocrx_word' id='word_1_1' title='bbox 0 683 40 3689; x_wconf 95' lang='lat' dir='ltr'> </span> 
     </span>
    </p>
   </div>
   <div class='ocr_carea' id='block_1_2' title="bbox 479 240 1859 298">
    <p class='ocr_par' dir='ltr' id='par_1_2' title="bbox 479 240 1859 298">
     <span class='ocr_line' id='line_1_2' title="bbox 479 240 1859 298; baseline 0.001 -13"><span class='ocrx_word' id='word_1_2' title='bbox 479 240 1457 288; x_wconf 80' lang='lat' dir='ltr'><em>SYMBOLAPOLITICA.</em></span> <span class='ocrx_word' id='word_1_3' title='bbox 1773 252 1859 298; x_wconf 78' lang='lat'>347</span> 
     </span>
    </p>
   </div>
   <div class='ocr_carea' id='block_1_3' title="bbox 0 324 1878 1936">
    <p class='ocr_par' dir='ltr' id='par_1_3' title="bbox 0 324 1874 1341">
     <span class='ocr_line' id='line_1_3' title="bbox 211 324 1862 381; baseline -0.002 -15"><span class='ocrx_word' id='word_1_4' title='bbox 211 327 247 381; x_wconf 60' lang='grc' dir='ltr'>ς,</span> <span class='ocrx_word' id='word_1_5' title='bbox 280 326 439 381; x_wconf 89' lang='lat' dir='ltr'>Quodsi</span> <span class='ocrx_word' id='word_1_6' title='bbox 455 328 650 380; x_wconf 84' lang='lat' dir='ltr'><strong>Principes</strong></span> <span class='ocrx_word' id='word_1_7' title='bbox 669 326 860 367; x_wconf 88' lang='lat' dir='ltr'>abfuerint</span> <span class='ocrx_word' id='word_1_8' title='bbox 881 326 1091 380; x_wconf 78' lang='lat' dir='ltr'>longius,&amp;</span> <span class='ocrx_word' id='word_1_9' title='bbox 1109 328 1320 380; x_wconf 88' lang='lat' dir='ltr'>periculum</span> <span class='ocrx_word' id='word_1_10' title='bbox 1346 328 1411 375; x_wconf 89' lang='lat' dir='ltr'>sit,</span> <span class='ocrx_word' id='word_1_11' title='bbox 1439 337 1490 366; x_wconf 91' lang='lat' dir='ltr'>ne</span> <span class='ocrx_word' id='word_1_12' title='bbox 1513 325 1688 366; x_wconf 87' lang='lat' dir='ltr'>mandata</span> <span class='ocrx_word' id='word_1_13' title='bbox 1706 324 1862 374; x_wconf 83' lang='lat' dir='ltr'>tardius,</span> 
     </span>
     <span class='ocr_line' id='line_1_4' title="bbox 0 383 1861 442; baseline -0.004 -11"><span class='ocrx_word' id='word_1_14' title='bbox 0 413 2 424; x_wconf 57' lang='grc' dir='ltr'><strong>ι</strong></span> <span class='ocrx_word' id='word_1_15' title='bbox 58 389 100 430; x_wconf 84' lang='lat'>&amp;</span> <span class='ocrx_word' id='word_1_16' title='bbox 121 388 207 442; x_wconf 91' lang='lat' dir='ltr'>post</span> <span class='ocrx_word' id='word_1_17' title='bbox 221 387 320 439; x_wconf 92' lang='lat' dir='ltr'>ipsos</span> <span class='ocrx_word' id='word_1_18' title='bbox 347 399 471 427; x_wconf 87' lang='lat' dir='ltr'>rerum</span> <span class='ocrx_word' id='word_1_19' title='bbox 494 386 679 428; x_wconf 88' lang='lat' dir='ltr'>successus</span> <span class='ocrx_word' id='word_1_20' title='bbox 700 386 961 439; x_wconf 82' lang='lat' dir='ltr'>perferantur,</span> <span class='ocrx_word' id='word_1_21' title='bbox 990 396 1056 426; x_wconf 87' lang='lat' dir='ltr'>aut</span> <span class='ocrx_word' id='word_1_22' title='bbox 1074 399 1124 426; x_wconf 90' lang='lat' dir='ltr'>ne</span> <span class='ocrx_word' id='word_1_23' title='bbox 1142 387 1295 426; x_wconf 88' lang='lat' dir='ltr'>casuum</span> <span class='ocrx_word' id='word_1_24' title='bbox 1318 387 1481 426; x_wconf 84' lang='lat' dir='ltr'>varietas</span> <span class='ocrx_word' id='word_1_25' title='bbox 1498 383 1571 439; x_wconf 77' lang='lat' dir='ltr'>(in</span> <span class='ocrx_word' id='word_1_26' title='bbox 1585 386 1748 438; x_wconf 90' lang='lat' dir='ltr'>negotiis</span> <span class='ocrx_word' id='word_1_27' title='bbox 1777 383 1861 423; x_wconf 87' lang='lat' dir='ltr'>bel·</span> 
     </span>
     <span class='ocr_line' id='line_1_5' title="bbox 0 443 1865 502; baseline -0.004 -12"><span class='ocrx_word' id='word_1_28' title='bbox 0 478 3 490; x_wconf 47' lang='lat'>1</span> <span class='ocrx_word' id='word_1_29' title='bbox 59 449 86 489; x_wconf 91' lang='lat' dir='ltr'>li</span> <span class='ocrx_word' id='word_1_30' title='bbox 110 444 343 502; x_wconf 84' lang='lat' dir='ltr'>praesertim)</span> <span class='ocrx_word' id='word_1_31' title='bbox 373 457 524 499; x_wconf 82' lang='lat' dir='ltr'>teinpus</span> <span class='ocrx_word' id='word_1_32' title='bbox 543 447 591 486; x_wconf 88' lang='lat' dir='ltr'>ad</span> <span class='ocrx_word' id='word_1_33' title='bbox 616 447 903 487; x_wconf 87' lang='lat' dir='ltr'>deliberandum</span> <span class='ocrx_word' id='word_1_34' title='bbox 924 447 1110 500; x_wconf 81' lang='lat' dir='ltr'>deneget3</span> <span class='ocrx_word' id='word_1_35' title='bbox 1140 445 1293 486; x_wconf 85' lang='lat' dir='ltr'>aliunde</span> <span class='ocrx_word' id='word_1_36' title='bbox 1323 445 1420 486; x_wconf 81' lang='lat' dir='ltr'>vero</span> <span class='ocrx_word' id='word_1_37' title='bbox 1447 445 1555 485; x_wconf 73' lang='grc' dir='ltr'>εει-[ὸ</span> <span class='ocrx_word' id='word_1_38' title='bbox 1582 443 1755 494; x_wconf 86' lang='lat' dir='ltr'>constet,</span> <span class='ocrx_word' id='word_1_39' title='bbox 1785 444 1865 483; x_wconf 85' lang='lat' dir='ltr'>abi·</span> 
     </span>
     <span class='ocr_line' id='line_1_6' title="bbox 59 505 1864 559; baseline -0.003 -11"><span class='ocrx_word' id='word_1_40' title='bbox 59 518 159 548; x_wconf 79' lang='lat' dir='ltr'>tutas</span> <span class='ocrx_word' id='word_1_41' title='bbox 184 508 334 547; x_wconf 84' lang='lat' dir='ltr'>interim</span> <span class='ocrx_word' id='word_1_42' title='bbox 352 507 593 555; x_wconf 77' lang='lat' dir='ltr'>occasiones,</span> <span class='ocrx_word' id='word_1_43' title='bbox 620 506 832 559; x_wconf 85' lang='lat' dir='ltr'>prudentiae</span> <span class='ocrx_word' id='word_1_44' title='bbox 851 509 922 547; x_wconf 91' lang='lat' dir='ltr'>erit</span> <span class='ocrx_word' id='word_1_45' title='bbox 937 537 950 556; x_wconf 81' lang='lat'>,</span> <span class='ocrx_word' id='word_1_46' title='bbox 979 507 1031 547; x_wconf 91' lang='lat' dir='ltr'>sic</span> <span class='ocrx_word' id='word_1_47' title='bbox 1050 507 1259 558; x_wconf 84' lang='lat' dir='ltr'>praecipere</span> <span class='ocrx_word' id='word_1_48' title='bbox 1277 536 1289 554; x_wconf 88' lang='lat'>,</span> <span class='ocrx_word' id='word_1_49' title='bbox 1321 517 1364 546; x_wconf 90' lang='lat' dir='ltr'>ut</span> <span class='ocrx_word' id='word_1_50' title='bbox 1373 506 1535 546; x_wconf 89' lang='lat' dir='ltr'>liberum</span> <span class='ocrx_word' id='word_1_51' title='bbox 1554 516 1681 545; x_wconf 89' lang='lat' dir='ltr'>tamen</span> <span class='ocrx_word' id='word_1_52' title='bbox 1699 505 1864 557; x_wconf 83' lang='lat' dir='ltr'>sitagen-</span> 
     </span>
     <span class='ocr_line' id='line_1_7' title="bbox 0 562 1864 619; baseline -0.003 -11"><span class='ocrx_word' id='word_1_53' title='bbox 0 566 3 590; x_wconf 71' lang='lat'>³</span> <span class='ocrx_word' id='word_1_54' title='bbox 59 568 334 616; x_wconf 87' lang='lat' dir='ltr'>diarbitrium,</span> <span class='ocrx_word' id='word_1_55' title='bbox 361 576 478 619; x_wconf 91' lang='lat' dir='ltr'>prout</span> <span class='ocrx_word' id='word_1_56' title='bbox 505 576 657 618; x_wconf 90' lang='lat' dir='ltr'>tempus</span> <span class='ocrx_word' id='word_1_57' title='bbox 681 567 719 606; x_wconf 71' lang='grc' dir='ltr'>δε</span> <span class='ocrx_word' id='word_1_58' title='bbox 737 568 890 607; x_wconf 79' lang='lat' dir='ltr'>occasio</span> <span class='ocrx_word' id='word_1_59' title='bbox 922 566 1211 619; x_wconf 87' lang='lat' dir='ltr'>postulaverint.</span> <span class='ocrx_word' id='word_1_60' title='bbox 1269 565 1338 605; x_wconf 92' lang='lat' dir='ltr'>Ne</span> <span class='ocrx_word' id='word_1_61' title='bbox 1366 567 1564 617; x_wconf 86' lang='lat' dir='ltr'>contingat</span> <span class='ocrx_word' id='word_1_62' title='bbox 1597 564 1725 613; x_wconf 78' lang='lat' dir='ltr'>forte,</span> <span class='ocrx_word' id='word_1_63' title='bbox 1757 562 1864 617; x_wconf 88' lang='lat' dir='ltr'>quod</span> 
     </span>
     <span class='ocr_line' id='line_1_8' title="bbox 0 623 1868 679; baseline -0.003 -12"><span class='ocrx_word' id='word_1_64' title='bbox 0 628 9 653; x_wconf 80' lang='lat'><em>&#39;</em></span> <span class='ocrx_word' id='word_1_65' title='bbox 59 626 293 679; x_wconf 85' lang='lat' dir='ltr'>Vespasiano</span> <span class='ocrx_word' id='word_1_66' title='bbox 312 627 352 665; x_wconf 92' lang='lat' dir='ltr'>in</span> <span class='ocrx_word' id='word_1_67' title='bbox 379 628 482 665; x_wconf 93' lang='lat' dir='ltr'>bello</span> <span class='ocrx_word' id='word_1_68' title='bbox 506 628 609 666; x_wconf 90' lang='lat' dir='ltr'>civili</span> <span class='ocrx_word' id='word_1_69' title='bbox 633 637 767 667; x_wconf 91' lang='lat' dir='ltr'>contra</span> <span class='ocrx_word' id='word_1_70' title='bbox 793 627 980 667; x_wconf 86' lang='lat' dir='ltr'><strong>vitellium</strong></span> <span class='ocrx_word' id='word_1_71' title='bbox 1009 626 1168 676; x_wconf 84' lang='lat' dir='ltr'>accidit,</span> <span class='ocrx_word' id='word_1_72' title='bbox 1190 626 1354 677; x_wconf 40' lang='lat' dir='ltr'>,quando</span> <span class='ocrx_word' id='word_1_73' title='bbox 1389 623 1463 679; x_wconf 75' lang='lat' dir='ltr'>(a)</span> <span class='ocrx_word' id='word_1_74' title='bbox 1492 638 1535 664; x_wconf 86' lang='lat' dir='ltr'>ex</span> <span class='ocrx_word' id='word_1_75' title='bbox 1566 623 1772 677; x_wconf 64' lang='lat' dir='ltr'>distantibus</span> <span class='ocrx_word' id='word_1_76' title='bbox 1795 630 1868 663; x_wconf 85' lang='lat' dir='ltr'>ter·</span> 
     </span>
     <span class='ocr_line' id='line_1_9' title="bbox 5 682 1865 743; baseline -0.003 -16"><span class='ocrx_word' id='word_1_77' title='bbox 5 741 7 743; x_wconf 17' lang='grc' dir='ltr'><strong><em>ι</em></strong></span> <span class='ocrx_word' id='word_1_78' title='bbox 58 700 181 727; x_wconf 76' lang='lat' dir='ltr'>rarum</span> <span class='ocrx_word' id='word_1_79' title='bbox 200 683 338 738; x_wconf 65' lang='lat' dir='ltr'>spatiis,</span> <span class='ocrx_word' id='word_1_80' title='bbox 368 685 495 733; x_wconf 77' lang='lat' dir='ltr'>consHia</span> <span class='ocrx_word' id='word_1_81' title='bbox 502 685 579 740; x_wconf 86' lang='lat' dir='ltr'>post</span> <span class='ocrx_word' id='word_1_82' title='bbox 603 700 661 726; x_wconf 77' lang='lat' dir='ltr'>res</span> <span class='ocrx_word' id='word_1_83' title='bbox 677 684 925 739; x_wconf 58' lang='lat' dir='ltr'>cffrrelmntur.</span> <span class='ocrx_word' id='word_1_84' title='bbox 984 686 1047 726; x_wconf 92' lang='lat' dir='ltr'>Ad</span> <span class='ocrx_word' id='word_1_85' title='bbox 1067 685 1172 737; x_wconf 92' lang='lat' dir='ltr'>quod</span> <span class='ocrx_word' id='word_1_86' title='bbox 1191 685 1483 725; x_wconf 90' lang='lat' dir='ltr'>incommodum</span> <span class='ocrx_word' id='word_1_87' title='bbox 1499 684 1746 731; x_wconf 86' lang='lat' dir='ltr'>evitandum,</span> <span class='ocrx_word' id='word_1_88' title='bbox 1775 682 1865 723; x_wconf 78' lang='lat' dir='ltr'>curn</span> 
     </span>
     <span class='ocr_line' id='line_1_10' title="bbox 57 742 1868 799; baseline -0.003 -12"><span class='ocrx_word' id='word_1_89' title='bbox 57 745 234 787; x_wconf 89' lang='lat' dir='ltr'>Tiberius</span> <span class='ocrx_word' id='word_1_90' title='bbox 252 745 419 785; x_wconf 90' lang='lat' dir='ltr'>Drusum</span> <span class='ocrx_word' id='word_1_91' title='bbox 445 746 491 785; x_wconf 84' lang='lat' dir='ltr'>ad</span> <span class='ocrx_word' id='word_1_92' title='bbox 511 747 773 798; x_wconf 88' lang='lat' dir='ltr'>gubernandas</span> <span class='ocrx_word' id='word_1_93' title='bbox 794 745 985 799; x_wconf 81' lang='lat' dir='ltr'>Legiones</span> <span class='ocrx_word' id='word_1_94' title='bbox 1009 745 1255 785; x_wconf 83' lang='lat' dir='ltr'>Germanicas</span> <span class='ocrx_word' id='word_1_95' title='bbox 1282 747 1471 790; x_wconf 90' lang='lat' dir='ltr'>mitteret,</span> <span class='ocrx_word' id='word_1_96' title='bbox 1502 744 1625 783; x_wconf 88' lang='lat' dir='ltr'>socios</span> <span class='ocrx_word' id='word_1_97' title='bbox 1652 743 1777 782; x_wconf 89' lang='lat' dir='ltr'>eidem</span> <span class='ocrx_word' id='word_1_98' title='bbox 1805 742 1868 781; x_wconf 90' lang='lat' dir='ltr'>ad·</span> 
     </span>
     <span class='ocr_line' id='line_1_11' title="bbox 54 802 1866 859; baseline -0.004 -12"><span class='ocrx_word' id='word_1_99' title='bbox 54 807 178 859; x_wconf 83' lang='lat' dir='ltr'>junxit</span> <span class='ocrx_word' id='word_1_100' title='bbox 198 805 440 845; x_wconf 89' lang='lat' dir='ltr'>Consiliarios</span> <span class='ocrx_word' id='word_1_101' title='bbox 455 806 686 858; x_wconf 84' lang='lat' dir='ltr'>prudentes,</span> <span class='ocrx_word' id='word_1_102' title='bbox 716 817 922 856; x_wconf 87' lang='lat' dir='ltr'>rerumque</span> <span class='ocrx_word' id='word_1_103' title='bbox 942 807 1108 857; x_wconf 80' lang='lat' dir='ltr'>peritos;</span> <span class='ocrx_word' id='word_1_104' title='bbox 1142 806 1373 855; x_wconf 82' lang='lat' dir='ltr'>quibuscum</span> <span class='ocrx_word' id='word_1_105' title='bbox 1389 804 1467 856; x_wconf 89' lang='lat' dir='ltr'>ipse</span> <span class='ocrx_word' id='word_1_106' title='bbox 1489 815 1562 855; x_wconf 90' lang='lat' dir='ltr'>pro</span> <span class='ocrx_word' id='word_1_107' title='bbox 1580 814 1621 842; x_wconf 96' lang='lat' dir='ltr'>re</span> <span class='ocrx_word' id='word_1_108' title='bbox 1646 812 1732 842; x_wconf 91' lang='lat' dir='ltr'>nata</span> <span class='ocrx_word' id='word_1_109' title='bbox 1749 802 1786 842; x_wconf 74' lang='grc' dir='ltr'>δε</span> <span class='ocrx_word' id='word_1_110' title='bbox 1807 815 1866 840; x_wconf 89' lang='lat' dir='ltr'>ar-</span> 
     </span>
     <span class='ocr_line' id='line_1_12' title="bbox 5 862 1867 918; baseline -0.003 -11"><span class='ocrx_word' id='word_1_111' title='bbox 5 895 9 914; x_wconf 80' lang='grc'>;</span> <span class='ocrx_word' id='word_1_112' title='bbox 59 868 174 907; x_wconf 83' lang='lat' dir='ltr'>bitrio</span> <span class='ocrx_word' id='word_1_113' title='bbox 190 864 256 904; x_wconf 89' lang='lat' dir='ltr'>suo</span> <span class='ocrx_word' id='word_1_114' title='bbox 282 865 478 905; x_wconf 88' lang='lat' dir='ltr'>consilium</span> <span class='ocrx_word' id='word_1_115' title='bbox 509 865 582 918; x_wconf 74' lang='lat' dir='ltr'>(b)</span> <span class='ocrx_word' id='word_1_116' title='bbox 611 877 779 918; x_wconf 81' lang='lat' dir='ltr'>caperet,</span> <span class='ocrx_word' id='word_1_117' title='bbox 838 865 921 905; x_wconf 90' lang='lat' dir='ltr'>Pari</span> <span class='ocrx_word' id='word_1_118' title='bbox 938 867 1085 904; x_wconf 88' lang='lat' dir='ltr'>ratione</span> <span class='ocrx_word' id='word_1_119' title='bbox 1101 864 1288 904; x_wconf 89' lang='lat' dir='ltr'>Helvidio</span> <span class='ocrx_word' id='word_1_120' title='bbox 1312 863 1443 904; x_wconf 91' lang='lat' dir='ltr'>Prisco</span> <span class='ocrx_word' id='word_1_121' title='bbox 1465 864 1554 903; x_wconf 79' lang='lat' dir='ltr'>cum</span> <span class='ocrx_word' id='word_1_122' title='bbox 1577 864 1615 902; x_wconf 91' lang='lat' dir='ltr'>in</span> <span class='ocrx_word' id='word_1_123' title='bbox 1646 862 1867 903; x_wconf 84' lang='lat' dir='ltr'>Armeniam</span> 
     </span>
     <span class='ocr_line' id='line_1_13' title="bbox 62 919 1869 978; baseline -0.004 -12"><span class='ocrx_word' id='word_1_124' title='bbox 62 927 318 978; x_wconf 79' lang='lat' dir='ltr'>ablegaretur,</span> <span class='ocrx_word' id='word_1_125' title='bbox 346 926 383 964; x_wconf 90' lang='lat' dir='ltr'>in</span> <span class='ocrx_word' id='word_1_126' title='bbox 410 926 594 965; x_wconf 89' lang='lat' dir='ltr'>mandatis</span> <span class='ocrx_word' id='word_1_127' title='bbox 612 926 743 965; x_wconf 88' lang='lat' dir='ltr'>datum</span> <span class='ocrx_word' id='word_1_128' title='bbox 764 957 774 974; x_wconf 90' lang='lat'>‚</span> <span class='ocrx_word' id='word_1_129' title='bbox 805 924 873 978; x_wconf 74' lang='lat' dir='ltr'>(c)</span> <span class='ocrx_word' id='word_1_130' title='bbox 902 925 1005 964; x_wconf 71' lang='lat' dir='ltr'>rebus</span> <span class='ocrx_word' id='word_1_131' title='bbox 1029 924 1179 964; x_wconf 72' lang='lat' dir='ltr'>turbidis</span> <span class='ocrx_word' id='word_1_132' title='bbox 1192 933 1260 976; x_wconf 79' lang='lat' dir='ltr'>pro</span> <span class='ocrx_word' id='word_1_133' title='bbox 1279 932 1422 976; x_wconf 80' lang='lat' dir='ltr'>tempore</span> <span class='ocrx_word' id='word_1_134' title='bbox 1436 953 1449 974; x_wconf 86' lang='lat'><strong>,</strong></span> <span class='ocrx_word' id='word_1_135' title='bbox 1480 931 1521 962; x_wconf 82' lang='lat' dir='ltr'>ut</span> <span class='ocrx_word' id='word_1_136' title='bbox 1540 919 1728 973; x_wconf 72' lang='lat' dir='ltr'>corfideret.</span> <span class='ocrx_word' id='word_1_137' title='bbox 1786 919 1869 959; x_wconf 80' lang='lat' dir='ltr'>Ha-</span> 
     </span>
     <span class='ocr_line' id='line_1_14' title="bbox 59 981 1869 1035; baseline -0.003 -9"><span class='ocrx_word' id='word_1_138' title='bbox 59 988 142 1026; x_wconf 86' lang='lat' dir='ltr'>buit</span> <span class='ocrx_word' id='word_1_139' title='bbox 161 987 239 1025; x_wconf 91' lang='lat' dir='ltr'>hoc</span> <span class='ocrx_word' id='word_1_140' title='bbox 263 987 302 1024; x_wconf 89' lang='lat' dir='ltr'>in</span> <span class='ocrx_word' id='word_1_141' title='bbox 323 996 432 1024; x_wconf 88' lang='lat' dir='ltr'>more</span> <span class='ocrx_word' id='word_1_142' title='bbox 451 985 613 1026; x_wconf 88' lang='lat' dir='ltr'>Senatus</span> <span class='ocrx_word' id='word_1_143' title='bbox 641 987 858 1033; x_wconf 87' lang='lat' dir='ltr'>Romanus,</span> <span class='ocrx_word' id='word_1_144' title='bbox 888 994 932 1023; x_wconf 92' lang='lat' dir='ltr'>ut</span> <span class='ocrx_word' id='word_1_145' title='bbox 955 982 1022 1024; x_wconf 87' lang='lat' dir='ltr'>ista</span> <span class='ocrx_word' id='word_1_146' title='bbox 1051 986 1179 1023; x_wconf 83' lang='lat' dir='ltr'>omnia</span> <span class='ocrx_word' id='word_1_147' title='bbox 1207 984 1420 1035; x_wconf 88' lang='lat' dir='ltr'>prudentiae</span> <span class='ocrx_word' id='word_1_148' title='bbox 1449 981 1488 1023; x_wconf 69' lang='grc' dir='ltr'>ὃς</span> <span class='ocrx_word' id='word_1_149' title='bbox 1517 982 1672 1022; x_wconf 90' lang='lat' dir='ltr'>arbitrio</span> <span class='ocrx_word' id='word_1_150' title='bbox 1710 982 1869 1020; x_wconf 89' lang='lat' dir='ltr'>Ducum</span> 
     </span>
     <span class='ocr_line' id='line_1_15' title="bbox 59 1041 1871 1099; baseline -0.004 -13"><span class='ocrx_word' id='word_1_151' title='bbox 59 1048 319 1099; x_wconf 80' lang='lat' dir='ltr'>permitteret,</span> <span class='ocrx_word' id='word_1_152' title='bbox 350 1044 387 1084; x_wconf 88' lang='lat'>&amp;</span> <span class='ocrx_word' id='word_1_153' title='bbox 409 1046 487 1084; x_wconf 90' lang='lat' dir='ltr'>hoc</span> <span class='ocrx_word' id='word_1_154' title='bbox 513 1045 631 1085; x_wconf 78' lang='lat' dir='ltr'>solum</span> <span class='ocrx_word' id='word_1_155' title='bbox 656 1047 699 1085; x_wconf 90' lang='lat' dir='ltr'>iis</span> <span class='ocrx_word' id='word_1_156' title='bbox 724 1045 953 1097; x_wconf 78' lang='lat' dir='ltr'>potissimum</span> <span class='ocrx_word' id='word_1_157' title='bbox 982 1043 1293 1091; x_wconf 82' lang='lat' dir='ltr'>commendaret,</span> <span class='ocrx_word' id='word_1_158' title='bbox 1324 1043 1502 1083; x_wconf 88' lang='lat' dir='ltr'>viderent</span> <span class='ocrx_word' id='word_1_159' title='bbox 1531 1044 1644 1082; x_wconf 86' lang='lat' dir='ltr'>etiam</span> <span class='ocrx_word' id='word_1_160' title='bbox 1673 1051 1788 1093; x_wconf 90' lang='lat' dir='ltr'>atque</span> <span class='ocrx_word' id='word_1_161' title='bbox 1802 1041 1871 1079; x_wconf 89' lang='lat' dir='ltr'>eti-</span> 
     </span>
     <span class='ocr_line' id='line_1_16' title="bbox 62 1101 1871 1157; baseline -0.004 -10"><span class='ocrx_word' id='word_1_162' title='bbox 62 1120 122 1147; x_wconf 84' lang='lat' dir='ltr'>am</span> <span class='ocrx_word' id='word_1_163' title='bbox 141 1118 191 1146; x_wconf 89' lang='lat' dir='ltr'>ne</span> <span class='ocrx_word' id='word_1_164' title='bbox 212 1104 303 1156; x_wconf 91' lang='lat' dir='ltr'>quid</span> <span class='ocrx_word' id='word_1_165' title='bbox 320 1103 554 1157; x_wconf 85' lang='lat' dir='ltr'>Respublica</span> <span class='ocrx_word' id='word_1_166' title='bbox 571 1105 789 1145; x_wconf 87' lang='lat' dir='ltr'>detrimenti</span> <span class='ocrx_word' id='word_1_167' title='bbox 804 1113 1010 1156; x_wconf 89' lang='lat' dir='ltr'>pateretur.</span> <span class='ocrx_word' id='word_1_168' title='bbox 1072 1104 1273 1143; x_wconf 89' lang='lat' dir='ltr'>Romanos</span> <span class='ocrx_word' id='word_1_169' title='bbox 1303 1112 1430 1142; x_wconf 89' lang='lat' dir='ltr'>tamen</span> <span class='ocrx_word' id='word_1_170' title='bbox 1447 1113 1690 1154; x_wconf 83' lang='lat' dir='ltr'>nequaquam</span> <span class='ocrx_word' id='word_1_171' title='bbox 1717 1101 1871 1140; x_wconf 80' lang='lat' dir='ltr'>imitatae</span> 
     </span>
     <span class='ocr_line' id='line_1_17' title="bbox 6 1159 1873 1216; baseline -0.005 -9"><span class='ocrx_word' id='word_1_172' title='bbox 6 1188 10 1200; x_wconf 67' lang='grc' dir='ltr'><strong><em>ι</em></strong></span> <span class='ocrx_word' id='word_1_173' title='bbox 60 1167 145 1206; x_wconf 88' lang='lat' dir='ltr'>sunt</span> <span class='ocrx_word' id='word_1_174' title='bbox 169 1164 411 1216; x_wconf 87' lang='lat' dir='ltr'>Respublicae</span> <span class='ocrx_word' id='word_1_175' title='bbox 426 1164 582 1204; x_wconf 86' lang='lat' dir='ltr'>Veneta</span> <span class='ocrx_word' id='word_1_176' title='bbox 601 1165 640 1204; x_wconf 91' lang='lat'>&amp;</span> <span class='ocrx_word' id='word_1_177' title='bbox 656 1163 896 1212; x_wconf 88' lang='lat' dir='ltr'>Florentina‚</span> <span class='ocrx_word' id='word_1_178' title='bbox 931 1176 1016 1215; x_wconf 88' lang='lat' dir='ltr'>quae</span> <span class='ocrx_word' id='word_1_179' title='bbox 1040 1163 1148 1215; x_wconf 90' lang='lat' dir='ltr'>quod</span> <span class='ocrx_word' id='word_1_180' title='bbox 1176 1164 1393 1204; x_wconf 89' lang='lat' dir='ltr'>libertatem</span> <span class='ocrx_word' id='word_1_181' title='bbox 1419 1163 1523 1203; x_wconf 90' lang='lat' dir='ltr'>suam</span> <span class='ocrx_word' id='word_1_182' title='bbox 1550 1162 1598 1201; x_wconf 90' lang='lat' dir='ltr'>ab</span> <span class='ocrx_word' id='word_1_183' title='bbox 1625 1164 1735 1200; x_wconf 89' lang='lat' dir='ltr'>unius</span> <span class='ocrx_word' id='word_1_184' title='bbox 1760 1159 1873 1199; x_wconf 88' lang='lat' dir='ltr'>solius</span> 
     </span>
     <span class='ocr_line' id='line_1_18' title="bbox 59 1219 1872 1276; baseline -0.005 -10"><span class='ocrx_word' id='word_1_185' title='bbox 59 1227 207 1266; x_wconf 91' lang='lat' dir='ltr'>nollent</span> <span class='ocrx_word' id='word_1_186' title='bbox 237 1223 457 1276; x_wconf 85' lang='lat' dir='ltr'>dependere</span> <span class='ocrx_word' id='word_1_187' title='bbox 491 1224 667 1275; x_wconf 86' lang='lat' dir='ltr'>arbitrio,</span> <span class='ocrx_word' id='word_1_188' title='bbox 699 1225 837 1264; x_wconf 86' lang='lat' dir='ltr'>territae</span> <span class='ocrx_word' id='word_1_189' title='bbox 863 1224 1067 1274; x_wconf 81' lang='lat' dir='ltr'>praesertim</span> <span class='ocrx_word' id='word_1_190' title='bbox 1102 1224 1285 1275; x_wconf 84' lang='lat' dir='ltr'>exemplo</span> <span class='ocrx_word' id='word_1_191' title='bbox 1308 1221 1467 1275; x_wconf 86' lang='lat' dir='ltr'>Augusti</span> <span class='ocrx_word' id='word_1_192' title='bbox 1489 1251 1502 1271; x_wconf 77' lang='lat'>,</span> <span class='ocrx_word' id='word_1_193' title='bbox 1533 1222 1598 1273; x_wconf 88' lang='lat' dir='ltr'>qui</span> <span class='ocrx_word' id='word_1_194' title='bbox 1623 1220 1650 1274; x_wconf 65' lang='grc' dir='ltr'><em>ζ</em></span> <span class='ocrx_word' id='word_1_195' title='bbox 1662 1219 1717 1275; x_wconf 75' lang='lat' dir='ltr'>d)</span> <span class='ocrx_word' id='word_1_196' title='bbox 1745 1232 1872 1267; x_wconf 79' lang='lat' dir='ltr'>arma,</span> 
     </span>
     <span class='ocr_line' id='line_1_19' title="bbox 59 1276 1874 1341; baseline -0.004 -15"><span class='ocrx_word' id='word_1_197' title='bbox 59 1299 136 1341; x_wconf 79' lang='lat' dir='ltr'>quae</span> <span class='ocrx_word' id='word_1_198' title='bbox 154 1288 190 1326; x_wconf 73' lang='lat' dir='ltr'>iu</span> <span class='ocrx_word' id='word_1_199' title='bbox 214 1284 405 1324; x_wconf 79' lang='lat' dir='ltr'>Antonium</span> <span class='ocrx_word' id='word_1_200' title='bbox 426 1292 622 1336; x_wconf 80' lang='lat' dir='ltr'>acceperat,</span> <span class='ocrx_word' id='word_1_201' title='bbox 652 1286 690 1325; x_wconf 82' lang='lat' dir='ltr'>in</span> <span class='ocrx_word' id='word_1_202' title='bbox 706 1283 960 1335; x_wconf 77' lang='lat' dir='ltr'>Rempublicam</span> <span class='ocrx_word' id='word_1_203' title='bbox 985 1286 1118 1332; x_wconf 84' lang='lat' dir='ltr'>vertit,</span> <span class='ocrx_word' id='word_1_204' title='bbox 1147 1282 1311 1323; x_wconf 82' lang='lat' dir='ltr'>froenum</span> <span class='ocrx_word' id='word_1_205' title='bbox 1338 1282 1517 1322; x_wconf 85' lang='lat' dir='ltr'>Ducibus</span> <span class='ocrx_word' id='word_1_206' title='bbox 1543 1281 1615 1321; x_wconf 87' lang='lat' dir='ltr'>suis</span> <span class='ocrx_word' id='word_1_207' title='bbox 1643 1276 1874 1332; x_wconf 71' lang='lat' dir='ltr'>imposuere.</span> 
     </span>
    </p>

    <p class='ocr_par' dir='ltr' id='par_1_4' title="bbox 62 1337 1878 1936">
     <span class='ocr_line' id='line_1_20' title="bbox 234 1337 1872 1394; baseline -0.005 -9"><span class='ocrx_word' id='word_1_208' title='bbox 234 1342 270 1394; x_wconf 85' lang='lat'>§.</span> <span class='ocrx_word' id='word_1_209' title='bbox 302 1341 416 1383; x_wconf 91' lang='lat' dir='ltr'>Hanc</span> <span class='ocrx_word' id='word_1_210' title='bbox 438 1342 705 1383; x_wconf 70' lang='lat' dir='ltr'>au&amp;0ritatem</span> <span class='ocrx_word' id='word_1_211' title='bbox 720 1344 877 1383; x_wconf 88' lang='lat' dir='ltr'>liberam</span> <span class='ocrx_word' id='word_1_212' title='bbox 904 1344 1019 1383; x_wconf 83' lang='lat' dir='ltr'>certis</span> <span class='ocrx_word' id='word_1_213' title='bbox 1055 1342 1177 1382; x_wconf 90' lang='lat' dir='ltr'>solent</span> <span class='ocrx_word' id='word_1_214' title='bbox 1196 1341 1397 1394; x_wconf 82' lang='lat' dir='ltr'>astringere</span> <span class='ocrx_word' id='word_1_215' title='bbox 1419 1343 1600 1381; x_wconf 89' lang='lat' dir='ltr'>limitibus</span> <span class='ocrx_word' id='word_1_216' title='bbox 1622 1342 1645 1380; x_wconf 91' lang='lat' dir='ltr'>ii</span> <span class='ocrx_word' id='word_1_217' title='bbox 1666 1337 1831 1379; x_wconf 86' lang='lat' dir='ltr'>Ministri</span> <span class='ocrx_word' id='word_1_218' title='bbox 1858 1367 1872 1387; x_wconf 89' lang='lat'>,</span> 
     </span>
     <span class='ocr_line' id='line_1_21' title="bbox 62 1397 1876 1456; baseline -0.004 -13"><span class='ocrx_word' id='word_1_219' title='bbox 62 1406 128 1456; x_wconf 93' lang='lat' dir='ltr'>qui</span> <span class='ocrx_word' id='word_1_220' title='bbox 148 1403 246 1443; x_wconf 88' lang='lat' dir='ltr'>circa</span> <span class='ocrx_word' id='word_1_221' title='bbox 267 1402 394 1454; x_wconf 88' lang='lat' dir='ltr'>Reges</span> <span class='ocrx_word' id='word_1_222' title='bbox 418 1402 513 1450; x_wconf 89' lang='lat' dir='ltr'>sunt,</span> <span class='ocrx_word' id='word_1_223' title='bbox 536 1411 579 1441; x_wconf 88' lang='lat' dir='ltr'>ut</span> <span class='ocrx_word' id='word_1_224' title='bbox 596 1404 725 1441; x_wconf 89' lang='lat' dir='ltr'>omnia</span> <span class='ocrx_word' id='word_1_225' title='bbox 747 1402 916 1453; x_wconf 90' lang='lat' dir='ltr'>ipsorum</span> <span class='ocrx_word' id='word_1_226' title='bbox 930 1411 1028 1440; x_wconf 91' lang='lat' dir='ltr'>nutu</span> <span class='ocrx_word' id='word_1_227' title='bbox 1052 1401 1090 1440; x_wconf 87' lang='lat'>&amp;</span> <span class='ocrx_word' id='word_1_228' title='bbox 1112 1400 1323 1441; x_wconf 71' lang='lat' dir='ltr'>directione</span> <span class='ocrx_word' id='word_1_229' title='bbox 1348 1402 1477 1453; x_wconf 83' lang='lat' dir='ltr'>peragi</span> <span class='ocrx_word' id='word_1_230' title='bbox 1499 1399 1648 1439; x_wconf 72' lang='lat' dir='ltr'>necesse</span> <span class='ocrx_word' id='word_1_231' title='bbox 1670 1399 1729 1439; x_wconf 79' lang='lat' dir='ltr'>sit.</span> <span class='ocrx_word' id='word_1_232' title='bbox 1789 1397 1876 1436; x_wconf 87' lang='lat' dir='ltr'>Un-</span> 
     </span>
     <span class='ocr_line' id='line_1_22' title="bbox 62 1458 1874 1515; baseline -0.004 -12"><span class='ocrx_word' id='word_1_233' title='bbox 62 1464 112 1504; x_wconf 91' lang='lat' dir='ltr'>de</span> <span class='ocrx_word' id='word_1_234' title='bbox 131 1474 247 1515; x_wconf 86' lang='lat' dir='ltr'>porro</span> <span class='ocrx_word' id='word_1_235' title='bbox 274 1460 318 1501; x_wconf 90' lang='lat' dir='ltr'>fit</span> <span class='ocrx_word' id='word_1_236' title='bbox 338 1491 351 1511; x_wconf 93' lang='lat'>,</span> <span class='ocrx_word' id='word_1_237' title='bbox 379 1470 423 1501; x_wconf 91' lang='lat' dir='ltr'>ut</span> <span class='ocrx_word' id='word_1_238' title='bbox 450 1463 636 1513; x_wconf 88' lang='lat' dir='ltr'>temporis</span> <span class='ocrx_word' id='word_1_239' title='bbox 662 1461 869 1512; x_wconf 88' lang='lat' dir='ltr'>plurimum</span> <span class='ocrx_word' id='word_1_240' title='bbox 885 1462 924 1500; x_wconf 91' lang='lat' dir='ltr'>in</span> <span class='ocrx_word' id='word_1_241' title='bbox 947 1459 1196 1500; x_wconf 88' lang='lat' dir='ltr'>deliberando</span> <span class='ocrx_word' id='word_1_242' title='bbox 1233 1461 1475 1499; x_wconf 79' lang='lat' dir='ltr'>consumatur</span> <span class='ocrx_word' id='word_1_243' title='bbox 1495 1489 1507 1507; x_wconf 80' lang='lat'>,</span> <span class='ocrx_word' id='word_1_244' title='bbox 1540 1460 1577 1498; x_wconf 72' lang='grc' dir='ltr'>δε</span> <span class='ocrx_word' id='word_1_245' title='bbox 1597 1458 1768 1498; x_wconf 90' lang='lat' dir='ltr'>consulta</span> <span class='ocrx_word' id='word_1_246' title='bbox 1794 1468 1874 1497; x_wconf 89' lang='lat' dir='ltr'>tam</span> 
     </span>
     <span class='ocr_line' id='line_1_23' title="bbox 67 1517 1876 1575; baseline -0.004 -11"><span class='ocrx_word' id='word_1_247' title='bbox 67 1521 172 1564; x_wconf 78' lang='lat' dir='ltr'>tarde</span> <span class='ocrx_word' id='word_1_248' title='bbox 188 1519 430 1575; x_wconf 87' lang='lat' dir='ltr'>proferantur</span> <span class='ocrx_word' id='word_1_249' title='bbox 450 1549 462 1569; x_wconf 90' lang='lat'><strong>,</strong></span> <span class='ocrx_word' id='word_1_250' title='bbox 492 1531 535 1559; x_wconf 92' lang='lat' dir='ltr'>ut</span> <span class='ocrx_word' id='word_1_251' title='bbox 567 1530 632 1560; x_wconf 85' lang='lat' dir='ltr'>aut</span> <span class='ocrx_word' id='word_1_252' title='bbox 647 1521 868 1560; x_wconf 84' lang='lat' dir='ltr'>executioni</span> <span class='ocrx_word' id='word_1_253' title='bbox 893 1520 1063 1560; x_wconf 90' lang='lat' dir='ltr'>mandari</span> <span class='ocrx_word' id='word_1_254' title='bbox 1084 1529 1305 1571; x_wconf 81' lang='lat' dir='ltr'>nequeant,</span> <span class='ocrx_word' id='word_1_255' title='bbox 1337 1530 1403 1559; x_wconf 89' lang='lat' dir='ltr'>aut</span> <span class='ocrx_word' id='word_1_256' title='bbox 1432 1517 1538 1558; x_wconf 80' lang='lat' dir='ltr'>certe</span> <span class='ocrx_word' id='word_1_257' title='bbox 1565 1519 1650 1558; x_wconf 89' lang='lat' dir='ltr'>suos</span> <span class='ocrx_word' id='word_1_258' title='bbox 1675 1530 1755 1557; x_wconf 87' lang='lat' dir='ltr'>non</span> <span class='ocrx_word' id='word_1_259' title='bbox 1783 1529 1876 1556; x_wconf 89' lang='lat' dir='ltr'>con-</span> 
     </span>
     <span class='ocr_line' id='line_1_24' title="bbox 64 1577 1876 1637; baseline -0.003 -15"><span class='ocrx_word' id='word_1_260' title='bbox 64 1584 266 1637; x_wconf 83' lang='lat' dir='ltr'>sequantur</span> <span class='ocrx_word' id='word_1_261' title='bbox 284 1579 467 1629; x_wconf 62' lang='lat' dir='ltr'>effeetus,</span> <span class='ocrx_word' id='word_1_262' title='bbox 488 1579 666 1632; x_wconf 80' lang='lat' dir='ltr'>adeoque</span> <span class='ocrx_word' id='word_1_263' title='bbox 691 1579 864 1631; x_wconf 89' lang='lat' dir='ltr'>sumptus</span> <span class='ocrx_word' id='word_1_264' title='bbox 888 1581 1030 1630; x_wconf 88' lang='lat' dir='ltr'>pariter</span> <span class='ocrx_word' id='word_1_265' title='bbox 1056 1578 1094 1618; x_wconf 85' lang='lat'>&amp;</span> <span class='ocrx_word' id='word_1_266' title='bbox 1119 1580 1386 1618; x_wconf 89' lang='lat' dir='ltr'>antevertendi</span> <span class='ocrx_word' id='word_1_267' title='bbox 1413 1579 1522 1617; x_wconf 91' lang='lat' dir='ltr'>labor</span> <span class='ocrx_word' id='word_1_268' title='bbox 1537 1581 1691 1630; x_wconf 89' lang='lat' dir='ltr'>penitus</span> <span class='ocrx_word' id='word_1_269' title='bbox 1713 1577 1876 1629; x_wconf 88' lang='lat' dir='ltr'>perdan-</span> 
     </span>
     <span class='ocr_line' id='line_1_25' title="bbox 64 1638 1875 1690; baseline -0.003 -8"><span class='ocrx_word' id='word_1_270' title='bbox 64 1653 138 1683; x_wconf 90' lang='lat' dir='ltr'>tur.</span> <span class='ocrx_word' id='word_1_271' title='bbox 197 1640 350 1681; x_wconf 86' lang='lat' dir='ltr'>Accidit</span> <span class='ocrx_word' id='word_1_272' title='bbox 386 1641 501 1680; x_wconf 88' lang='lat' dir='ltr'>etiam</span> <span class='ocrx_word' id='word_1_273' title='bbox 521 1650 828 1690; x_wconf 89' lang='lat' dir='ltr'>nonnunquam,</span> <span class='ocrx_word' id='word_1_274' title='bbox 857 1648 901 1678; x_wconf 90' lang='lat' dir='ltr'>ut</span> <span class='ocrx_word' id='word_1_275' title='bbox 932 1638 1024 1678; x_wconf 91' lang='lat' dir='ltr'>dum</span> <span class='ocrx_word' id='word_1_276' title='bbox 1050 1640 1148 1678; x_wconf 91' lang='lat' dir='ltr'>inter</span> <span class='ocrx_word' id='word_1_277' title='bbox 1177 1640 1278 1690; x_wconf 88' lang='lat' dir='ltr'>ipsos</span> <span class='ocrx_word' id='word_1_278' title='bbox 1302 1638 1406 1678; x_wconf 87' lang='lat' dir='ltr'>casus</span> <span class='ocrx_word' id='word_1_279' title='bbox 1428 1667 1442 1686; x_wconf 83' lang='lat'><strong>,</strong></span> <span class='ocrx_word' id='word_1_280' title='bbox 1473 1649 1686 1689; x_wconf 87' lang='lat' dir='ltr'>eorumque</span> <span class='ocrx_word' id='word_1_281' title='bbox 1718 1638 1875 1677; x_wconf 86' lang='lat' dir='ltr'>notitias</span> 
     </span>
     <span class='ocr_line' id='line_1_26' title="bbox 65 1695 1878 1751; baseline -0.004 -9"><span class='ocrx_word' id='word_1_282' title='bbox 65 1703 105 1743; x_wconf 87' lang='lat'>&amp;</span> <span class='ocrx_word' id='word_1_283' title='bbox 129 1700 424 1742; x_wconf 83' lang='lat' dir='ltr'>consultationes</span> <span class='ocrx_word' id='word_1_284' title='bbox 451 1708 598 1740; x_wconf 89' lang='lat' dir='ltr'>tantum</span> <span class='ocrx_word' id='word_1_285' title='bbox 629 1697 834 1739; x_wconf 86' lang='lat' dir='ltr'>intercedit</span> <span class='ocrx_word' id='word_1_286' title='bbox 862 1701 1049 1751; x_wconf 90' lang='lat' dir='ltr'>temporis</span> <span class='ocrx_word' id='word_1_287' title='bbox 1069 1727 1082 1747; x_wconf 90' lang='lat'>‚</span> <span class='ocrx_word' id='word_1_288' title='bbox 1106 1710 1222 1738; x_wconf 89' lang='lat' dir='ltr'>novae</span> <span class='ocrx_word' id='word_1_289' title='bbox 1249 1698 1519 1750; x_wconf 88' lang='lat' dir='ltr'>superveniant</span> <span class='ocrx_word' id='word_1_290' title='bbox 1554 1696 1603 1736; x_wconf 91' lang='lat' dir='ltr'>de</span> <span class='ocrx_word' id='word_1_291' title='bbox 1631 1708 1756 1736; x_wconf 88' lang='lat' dir='ltr'>rerum</span> <span class='ocrx_word' id='word_1_292' title='bbox 1779 1695 1878 1736; x_wconf 89' lang='lat' dir='ltr'>statu</span> 
     </span>
     <span class='ocr_line' id='line_1_27' title="bbox 65 1755 1878 1810; baseline -0.004 -7"><span class='ocrx_word' id='word_1_293' title='bbox 65 1763 267 1803; x_wconf 87' lang='lat' dir='ltr'>relationes</span> <span class='ocrx_word' id='word_1_294' title='bbox 289 1791 302 1810; x_wconf 88' lang='lat'>,</span> <span class='ocrx_word' id='word_1_295' title='bbox 332 1771 421 1801; x_wconf 92' lang='lat' dir='ltr'>cum</span> <span class='ocrx_word' id='word_1_296' title='bbox 445 1757 732 1801; x_wconf 88' lang='lat' dir='ltr'>circumstantiis</span> <span class='ocrx_word' id='word_1_297' title='bbox 754 1759 868 1798; x_wconf 84' lang='lat' dir='ltr'>novis</span> <span class='ocrx_word' id='word_1_298' title='bbox 894 1788 909 1808; x_wconf 85' lang='lat'>‚</span> <span class='ocrx_word' id='word_1_299' title='bbox 936 1767 981 1797; x_wconf 90' lang='lat' dir='ltr'>ut</span> <span class='ocrx_word' id='word_1_300' title='bbox 1005 1769 1090 1810; x_wconf 86' lang='lat' dir='ltr'>quae</span> <span class='ocrx_word' id='word_1_301' title='bbox 1125 1759 1228 1809; x_wconf 88' lang='lat' dir='ltr'>prius</span> <span class='ocrx_word' id='word_1_302' title='bbox 1254 1757 1390 1798; x_wconf 87' lang='lat' dir='ltr'>statuta</span> <span class='ocrx_word' id='word_1_303' title='bbox 1413 1755 1566 1796; x_wconf 88' lang='lat' dir='ltr'>fuerant</span> <span class='ocrx_word' id='word_1_304' title='bbox 1590 1786 1603 1805; x_wconf 85' lang='lat'><strong>,</strong></span> <span class='ocrx_word' id='word_1_305' title='bbox 1642 1756 1784 1795; x_wconf 90' lang='lat' dir='ltr'>rursum</span> <span class='ocrx_word' id='word_1_306' title='bbox 1808 1758 1878 1796; x_wconf 88' lang='lat' dir='ltr'>im-</span> 
     </span>
     <span class='ocr_line' id='line_1_28' title="bbox 67 1815 1876 1873; baseline -0.003 -10"><span class='ocrx_word' id='word_1_307' title='bbox 67 1832 215 1863; x_wconf 89' lang='lat' dir='ltr'>mutare</span> <span class='ocrx_word' id='word_1_308' title='bbox 237 1829 416 1873; x_wconf 88' lang='lat' dir='ltr'>oporteat</span> <span class='ocrx_word' id='word_1_309' title='bbox 432 1849 445 1869; x_wconf 86' lang='lat'>,</span> <span class='ocrx_word' id='word_1_310' title='bbox 475 1828 590 1870; x_wconf 87' lang='lat' dir='ltr'>atque</span> <span class='ocrx_word' id='word_1_311' title='bbox 614 1819 666 1860; x_wconf 88' lang='lat' dir='ltr'>ita</span> <span class='ocrx_word' id='word_1_312' title='bbox 695 1820 776 1860; x_wconf 86' lang='lat' dir='ltr'>dies</span> <span class='ocrx_word' id='word_1_313' title='bbox 800 1820 965 1872; x_wconf 88' lang='lat' dir='ltr'>annique</span> <span class='ocrx_word' id='word_1_314' title='bbox 987 1819 1166 1858; x_wconf 89' lang='lat' dir='ltr'>labuntur</span> <span class='ocrx_word' id='word_1_315' title='bbox 1188 1847 1202 1868; x_wconf 89' lang='lat'>,</span> <span class='ocrx_word' id='word_1_316' title='bbox 1232 1818 1376 1870; x_wconf 88' lang='lat' dir='ltr'>absque</span> <span class='ocrx_word' id='word_1_317' title='bbox 1398 1817 1477 1857; x_wconf 79' lang='lat' dir='ltr'>ullo</span> <span class='ocrx_word' id='word_1_318' title='bbox 1494 1827 1559 1857; x_wconf 89' lang='lat' dir='ltr'>aut</span> <span class='ocrx_word' id='word_1_319' title='bbox 1588 1815 1876 1858; x_wconf 80' lang='lat' dir='ltr'>consultationis</span> 
     </span>
     <span class='ocr_line' id='line_1_29' title="bbox 67 1877 558 1936; baseline -0.01 -13"><span class='ocrx_word' id='word_1_320' title='bbox 67 1892 133 1923; x_wconf 87' lang='lat' dir='ltr'>aut</span> <span class='ocrx_word' id='word_1_321' title='bbox 153 1881 386 1936; x_wconf 86' lang='lat' dir='ltr'>operationis</span> <span class='ocrx_word' id='word_1_322' title='bbox 401 1877 558 1920; x_wconf 70' lang='lat' dir='ltr'>effestu.</span> 
     </span>
    </p>
   </div>
   <div class='ocr_carea' id='block_1_4' title="bbox 839 307 1094 315">
    <p class='ocr_par' dir='ltr' id='par_1_5' title="bbox 839 307 1094 315">
     <span class='ocr_line' id='line_1_30' title="bbox 839 307 1094 315; baseline 0 3415"><span class='ocrx_word' id='word_1_323' title='bbox 839 307 1094 315; x_wconf 95' lang='lat' dir='ltr'> </span> 
     </span>
    </p>
   </div>
   <div class='ocr_carea' id='block_1_5' title="bbox 1095 308 1231 316">
    <p class='ocr_par' dir='ltr' id='par_1_6' title="bbox 1095 308 1231 316">
     <span class='ocr_line' id='line_1_31' title="bbox 1095 308 1231 316; baseline 0 3414"><span class='ocrx_word' id='word_1_324' title='bbox 1095 308 1231 316; x_wconf 95' lang='lat' dir='ltr'> </span> 
     </span>
    </p>
   </div>
   <div class='ocr_carea' id='block_1_6' title="bbox 479 2024 1450 2131">
    <p class='ocr_par' dir='ltr' id='par_1_7' title="bbox 479 2024 1450 2131">
     <span class='ocr_line' id='line_1_32' title="bbox 479 2024 1450 2131; baseline -0.003 0"><span class='ocrx_word' id='word_1_325' title='bbox 479 2060 1121 2131; x_wconf 81' lang='lat' dir='ltr'>SYMBOLUM</span> <span class='ocrx_word' id='word_1_326' title='bbox 1164 2024 1450 2128; x_wconf 76' lang='lat' dir='ltr'>Lxxxr.</span> 
     </span>
    </p>
   </div>
   <div class='ocr_carea' id='block_1_7' title="bbox 67 2207 1882 2501">
    <p class='ocr_par' dir='ltr' id='par_1_8' title="bbox 200 2207 1880 2383">
     <span class='ocr_line' id='line_1_33' title="bbox 200 2207 1880 2265; baseline -0.003 -11"><span class='ocrx_word' id='word_1_327' title='bbox 200 2211 319 2254; x_wconf 89' lang='lat' dir='ltr'>Mnes</span> <span class='ocrx_word' id='word_1_328' title='bbox 353 2211 538 2265; x_wconf 84' lang='lat' dir='ltr'>potentiae</span> <span class='ocrx_word' id='word_1_329' title='bbox 558 2210 660 2251; x_wconf 88' lang='lat' dir='ltr'>vires</span> <span class='ocrx_word' id='word_1_330' title='bbox 681 2208 826 2250; x_wconf 90' lang='lat' dir='ltr'>habent</span> <span class='ocrx_word' id='word_1_331' title='bbox 847 2211 962 2251; x_wconf 83' lang='lat' dir='ltr'>certis</span> <span class='ocrx_word' id='word_1_332' title='bbox 987 2209 1286 2261; x_wconf 89' lang='lat' dir='ltr'>circumscriptas</span> <span class='ocrx_word' id='word_1_333' title='bbox 1304 2208 1486 2248; x_wconf 87' lang='lat' dir='ltr'>limitibus</span> <span class='ocrx_word' id='word_1_334' title='bbox 1508 2238 1521 2258; x_wconf 83' lang='lat'><strong>,</strong></span> <span class='ocrx_word' id='word_1_335' title='bbox 1551 2207 1710 2248; x_wconf 83' lang='lat' dir='ltr'>ambitio</span> <span class='ocrx_word' id='word_1_336' title='bbox 1730 2237 1744 2257; x_wconf 88' lang='lat'>,</span> <span class='ocrx_word' id='word_1_337' title='bbox 1771 2220 1880 2249; x_wconf 88' lang='lat' dir='ltr'>com-</span> 
     </span>
     <span class='ocr_line' id='line_1_34' title="bbox 229 2267 1880 2321; baseline -0.003 -7"><span class='ocrx_word' id='word_1_338' title='bbox 229 2284 345 2314; x_wconf 88' lang='lat' dir='ltr'>mune</span> <span class='ocrx_word' id='word_1_339' title='bbox 362 2271 524 2313; x_wconf 87' lang='lat' dir='ltr'>Naturae</span> <span class='ocrx_word' id='word_1_340' title='bbox 534 2270 709 2309; x_wconf 84' lang='lat' dir='ltr'>humanae</span> <span class='ocrx_word' id='word_1_341' title='bbox 729 2270 865 2310; x_wconf 83' lang='lat' dir='ltr'>vitium</span> <span class='ocrx_word' id='word_1_342' title='bbox 882 2299 894 2318; x_wconf 83' lang='lat'>‚</span> <span class='ocrx_word' id='word_1_343' title='bbox 925 2268 1101 2310; x_wconf 86' lang='lat' dir='ltr'>infinitas.</span> <span class='ocrx_word' id='word_1_344' title='bbox 1164 2267 1222 2308; x_wconf 82' lang='lat' dir='ltr'>Ea</span> <span class='ocrx_word' id='word_1_345' title='bbox 1239 2268 1424 2320; x_wconf 86' lang='lat' dir='ltr'>siquidem</span> <span class='ocrx_word' id='word_1_346' title='bbox 1447 2268 1592 2320; x_wconf 85' lang='lat' dir='ltr'>quanto</span> <span class='ocrx_word' id='word_1_347' title='bbox 1618 2268 1786 2320; x_wconf 87' lang='lat' dir='ltr'>pluribus</span> <span class='ocrx_word' id='word_1_348' title='bbox 1807 2282 1880 2321; x_wconf 88' lang='lat' dir='ltr'>po-</span> 
     </span>
     <span class='ocr_line' id='line_1_35' title="bbox 227 2327 1880 2383; baseline -0.004 -9"><span class='ocrx_word' id='word_1_349' title='bbox 227 2336 319 2374; x_wconf 85' lang='lat' dir='ltr'>titur</span> <span class='ocrx_word' id='word_1_350' title='bbox 346 2362 360 2383; x_wconf 92' lang='lat'>‚</span> <span class='ocrx_word' id='word_1_351' title='bbox 390 2330 498 2373; x_wconf 81' lang='lat' dir='ltr'>tanto</span> <span class='ocrx_word' id='word_1_352' title='bbox 522 2332 631 2382; x_wconf 87' lang='lat' dir='ltr'>plura</span> <span class='ocrx_word' id='word_1_353' title='bbox 651 2328 800 2370; x_wconf 86' lang='lat' dir='ltr'>habere</span> <span class='ocrx_word' id='word_1_354' title='bbox 817 2328 1006 2370; x_wconf 88' lang='lat' dir='ltr'>desiderat</span> <span class='ocrx_word' id='word_1_355' title='bbox 1022 2360 1036 2380; x_wconf 88' lang='lat'>,</span> <span class='ocrx_word' id='word_1_356' title='bbox 1068 2329 1160 2382; x_wconf 91' lang='lat' dir='ltr'>quin</span> <span class='ocrx_word' id='word_1_357' title='bbox 1181 2328 1301 2369; x_wconf 78' lang='lat' dir='ltr'>immo</span> <span class='ocrx_word' id='word_1_358' title='bbox 1321 2329 1413 2369; x_wconf 87' lang='lat' dir='ltr'>nihil</span> <span class='ocrx_word' id='word_1_359' title='bbox 1437 2329 1539 2368; x_wconf 86' lang='lat' dir='ltr'>aliud</span> <span class='ocrx_word' id='word_1_360' title='bbox 1568 2327 1648 2377; x_wconf 85' lang='lat' dir='ltr'>est,</span> <span class='ocrx_word' id='word_1_361' title='bbox 1680 2327 1793 2379; x_wconf 74' lang='lat' dir='ltr'>quam</span> <span class='ocrx_word' id='word_1_362' title='bbox 1813 2341 1880 2381; x_wconf 85' lang='lat' dir='ltr'>ap·</span> 
     </span>
    </p>

    <p class='ocr_par' dir='ltr' id='par_1_9' title="bbox 67 2387 1882 2501">
     <span class='ocr_line' id='line_1_36' title="bbox 67 2387 1882 2450; baseline -0.006 -13"><span class='ocrx_word' id='word_1_363' title='bbox 67 2399 210 2450; x_wconf 86' lang='lat' dir='ltr'>petitus</span> <span class='ocrx_word' id='word_1_364' title='bbox 233 2393 386 2446; x_wconf 87' lang='lat' dir='ltr'>quidam</span> <span class='ocrx_word' id='word_1_365' title='bbox 402 2393 560 2445; x_wconf 62' lang='lat' dir='ltr'>ignem,</span> <span class='ocrx_word' id='word_1_366' title='bbox 592 2400 708 2441; x_wconf 88' lang='lat' dir='ltr'>quem</span> <span class='ocrx_word' id='word_1_367' title='bbox 735 2401 804 2429; x_wconf 90' lang='lat' dir='ltr'>cor</span> <span class='ocrx_word' id='word_1_368' title='bbox 830 2389 982 2430; x_wconf 80' lang='lat' dir='ltr'>exhalat</span> <span class='ocrx_word' id='word_1_369' title='bbox 997 2419 1011 2439; x_wconf 84' lang='lat'>‚</span> <span class='ocrx_word' id='word_1_370' title='bbox 1042 2389 1080 2430; x_wconf 88' lang='lat'>&amp;</span> <span class='ocrx_word' id='word_1_371' title='bbox 1104 2389 1151 2428; x_wconf 89' lang='lat' dir='ltr'>ab</span> <span class='ocrx_word' id='word_1_372' title='bbox 1175 2399 1221 2428; x_wconf 89' lang='lat' dir='ltr'>ea</span> <span class='ocrx_word' id='word_1_373' title='bbox 1240 2389 1322 2440; x_wconf 90' lang='lat' dir='ltr'>ipsa</span> <span class='ocrx_word' id='word_1_374' title='bbox 1353 2389 1535 2437; x_wconf 88' lang='lat' dir='ltr'>materia,</span> <span class='ocrx_word' id='word_1_375' title='bbox 1567 2390 1626 2427; x_wconf 88' lang='lat' dir='ltr'>cui</span> <span class='ocrx_word' id='word_1_376' title='bbox 1647 2387 1684 2427; x_wconf 93' lang='lat' dir='ltr'>se</span> <span class='ocrx_word' id='word_1_377' title='bbox 1701 2389 1882 2441; x_wconf 88' lang='lat' dir='ltr'>applicat,</span> 
     </span>
     <span class='ocr_line' id='line_1_37' title="bbox 68 2446 1880 2501; baseline -0.004 -5"><span class='ocrx_word' id='word_1_378' title='bbox 68 2458 188 2497; x_wconf 89' lang='lat' dir='ltr'>robur</span> <span class='ocrx_word' id='word_1_379' title='bbox 215 2454 253 2493; x_wconf 72' lang='grc' dir='ltr'>δι</span> <span class='ocrx_word' id='word_1_380' title='bbox 276 2454 556 2493; x_wconf 89' lang='lat' dir='ltr'>incrementum</span> <span class='ocrx_word' id='word_1_381' title='bbox 581 2449 704 2489; x_wconf 85' lang='lat' dir='ltr'>sumit.</span> <span class='ocrx_word' id='word_1_382' title='bbox 762 2448 913 2489; x_wconf 87' lang='lat' dir='ltr'>Vitium</span> <span class='ocrx_word' id='word_1_383' title='bbox 928 2448 1022 2489; x_wconf 90' lang='lat' dir='ltr'>illud</span> <span class='ocrx_word' id='word_1_384' title='bbox 1052 2450 1091 2489; x_wconf 84' lang='lat' dir='ltr'>in</span> <span class='ocrx_word' id='word_1_385' title='bbox 1110 2448 1348 2501; x_wconf 86' lang='lat' dir='ltr'>Principibus</span> <span class='ocrx_word' id='word_1_386' title='bbox 1369 2448 1488 2500; x_wconf 86' lang='lat' dir='ltr'>majus</span> <span class='ocrx_word' id='word_1_387' title='bbox 1512 2446 1589 2495; x_wconf 85' lang='lat' dir='ltr'>est,</span> <span class='ocrx_word' id='word_1_388' title='bbox 1608 2447 1721 2501; x_wconf 74' lang='lat' dir='ltr'>quam</span> <span class='ocrx_word' id='word_1_389' title='bbox 1737 2450 1775 2489; x_wconf 88' lang='lat' dir='ltr'>in</span> <span class='ocrx_word' id='word_1_390' title='bbox 1789 2450 1880 2488; x_wconf 84' lang='lat' dir='ltr'>aliis:</span> 
     </span>
    </p>
   </div>
   <div class='ocr_carea' id='block_1_8' title="bbox 69 2508 1944 2564">
    <p class='ocr_par' dir='ltr' id='par_1_10' title="bbox 69 2508 1944 2564">
     <span class='ocr_line' id='line_1_38' title="bbox 69 2508 1944 2564; baseline -0.006 -7"><span class='ocrx_word' id='word_1_391' title='bbox 69 2510 361 2558; x_wconf 80' lang='lat' dir='ltr'>habendi&#39;enim</span> <span class='ocrx_word' id='word_1_392' title='bbox 381 2511 632 2564; x_wconf 87' lang='lat' dir='ltr'>cupiditatem</span> <span class='ocrx_word' id='word_1_393' title='bbox 655 2508 866 2560; x_wconf 89' lang='lat' dir='ltr'>imperandi</span> <span class='ocrx_word' id='word_1_394' title='bbox 895 2508 1016 2562; x_wconf 82' lang='lat' dir='ltr'>gloria</span> <span class='ocrx_word' id='word_1_395' title='bbox 1036 2511 1242 2550; x_wconf 89' lang='lat' dir='ltr'>comitatur</span> <span class='ocrx_word' id='word_1_396' title='bbox 1262 2538 1276 2559; x_wconf 89' lang='lat'><strong>,</strong></span> <span class='ocrx_word' id='word_1_397' title='bbox 1306 2522 1391 2562; x_wconf 86' lang='lat' dir='ltr'>quae</span> <span class='ocrx_word' id='word_1_398' title='bbox 1415 2509 1536 2549; x_wconf 87' lang='lat' dir='ltr'>ambae</span> <span class='ocrx_word' id='word_1_399' title='bbox 1560 2520 1635 2548; x_wconf 89' lang='lat' dir='ltr'>nec</span> <span class='ocrx_word' id='word_1_400' title='bbox 1653 2509 1791 2549; x_wconf 87' lang='lat' dir='ltr'>rationi</span> <span class='ocrx_word' id='word_1_401' title='bbox 1817 2521 1879 2547; x_wconf 84' lang='lat' dir='ltr'>ce·</span> <span class='ocrx_word' id='word_1_402' title='bbox 1941 2546 1944 2554; x_wconf 14' lang='lat' dir='ltr'><em>X</em></span> 
     </span>
    </p>
   </div>
   <div class='ocr_carea' id='block_1_9' title="bbox 68 2565 1880 3209">
    <p class='ocr_par' dir='ltr' id='par_1_11' title="bbox 68 2565 1880 3163">
     <span class='ocr_line' id='line_1_39' title="bbox 71 2565 1878 2625; baseline -0.004 -9"><span class='ocrx_word' id='word_1_403' title='bbox 71 2577 169 2616; x_wconf 89' lang='lat' dir='ltr'>dunt</span> <span class='ocrx_word' id='word_1_404' title='bbox 186 2605 198 2624; x_wconf 93' lang='lat'>‚</span> <span class='ocrx_word' id='word_1_405' title='bbox 231 2584 304 2613; x_wconf 90' lang='lat' dir='ltr'>nec</span> <span class='ocrx_word' id='word_1_406' title='bbox 325 2570 500 2625; x_wconf 91' lang='lat' dir='ltr'>periculo</span> <span class='ocrx_word' id='word_1_407' title='bbox 517 2600 529 2619; x_wconf 87' lang='lat'><em>,</em></span> <span class='ocrx_word' id='word_1_408' title='bbox 559 2581 634 2609; x_wconf 91' lang='lat' dir='ltr'>nec</span> <span class='ocrx_word' id='word_1_409' title='bbox 651 2569 797 2609; x_wconf 85' lang='lat' dir='ltr'>viribus</span> <span class='ocrx_word' id='word_1_410' title='bbox 829 2568 901 2608; x_wconf 90' lang='lat' dir='ltr'>suis</span> <span class='ocrx_word' id='word_1_411' title='bbox 928 2569 1052 2609; x_wconf 89' lang='lat' dir='ltr'>metiri</span> <span class='ocrx_word' id='word_1_412' title='bbox 1070 2570 1106 2609; x_wconf 90' lang='lat' dir='ltr'>se</span> <span class='ocrx_word' id='word_1_413' title='bbox 1127 2565 1283 2609; x_wconf 68' lang='lat' dir='ltr'>norunt.</span> <span class='ocrx_word' id='word_1_414' title='bbox 1343 2569 1471 2622; x_wconf 87' lang='lat' dir='ltr'>Quam</span> <span class='ocrx_word' id='word_1_415' title='bbox 1493 2569 1546 2608; x_wconf 91' lang='lat' dir='ltr'>ob</span> <span class='ocrx_word' id='word_1_416' title='bbox 1568 2580 1649 2607; x_wconf 90' lang='lat' dir='ltr'>rem</span> <span class='ocrx_word' id='word_1_417' title='bbox 1674 2568 1799 2620; x_wconf 85' lang='lat' dir='ltr'>probe</span> <span class='ocrx_word' id='word_1_418' title='bbox 1813 2580 1878 2608; x_wconf 83' lang='lat' dir='ltr'>ex-</span> 
     </span>
     <span class='ocr_line' id='line_1_40' title="bbox 69 2626 1879 2690; baseline -0.006 -13"><span class='ocrx_word' id='word_1_419' title='bbox 69 2635 241 2690; x_wconf 86' lang='lat' dir='ltr'>pendere</span> <span class='ocrx_word' id='word_1_420' title='bbox 263 2632 478 2684; x_wconf 87' lang='lat' dir='ltr'>Principem</span> <span class='ocrx_word' id='word_1_421' title='bbox 509 2638 682 2681; x_wconf 85' lang='lat' dir='ltr'>oportet,</span> <span class='ocrx_word' id='word_1_422' title='bbox 699 2627 791 2681; x_wconf 91' lang='lat' dir='ltr'>quid</span> <span class='ocrx_word' id='word_1_423' title='bbox 809 2626 924 2669; x_wconf 88' lang='lat' dir='ltr'>ferire</span> <span class='ocrx_word' id='word_1_424' title='bbox 937 2628 1063 2682; x_wconf 89' lang='lat' dir='ltr'>gladio</span> <span class='ocrx_word' id='word_1_425' title='bbox 1092 2629 1160 2669; x_wconf 92' lang='lat' dir='ltr'>suo</span> <span class='ocrx_word' id='word_1_426' title='bbox 1181 2629 1292 2680; x_wconf 85' lang='lat' dir='ltr'>poslit</span> <span class='ocrx_word' id='word_1_427' title='bbox 1310 2657 1324 2676; x_wconf 83' lang='lat'>‚</span> <span class='ocrx_word' id='word_1_428' title='bbox 1353 2627 1445 2680; x_wconf 90' lang='lat' dir='ltr'>quid</span> <span class='ocrx_word' id='word_1_429' title='bbox 1472 2627 1580 2667; x_wconf 87' lang='lat' dir='ltr'>scuto</span> <span class='ocrx_word' id='word_1_430' title='bbox 1607 2627 1673 2666; x_wconf 90' lang='lat' dir='ltr'>suo</span> <span class='ocrx_word' id='word_1_431' title='bbox 1699 2637 1879 2681; x_wconf 86' lang='lat' dir='ltr'>protege-</span> 
     </span>
     <span class='ocr_line' id='line_1_41' title="bbox 70 2685 1878 2746; baseline -0.004 -9"><span class='ocrx_word' id='word_1_432' title='bbox 70 2709 114 2738; x_wconf 84' lang='lat' dir='ltr'>re</span> <span class='ocrx_word' id='word_1_433' title='bbox 138 2726 151 2746; x_wconf 89' lang='lat'><strong>,</strong></span> <span class='ocrx_word' id='word_1_434' title='bbox 180 2695 354 2744; x_wconf 88' lang='lat' dir='ltr'>illiusque</span> <span class='ocrx_word' id='word_1_435' title='bbox 371 2692 518 2744; x_wconf 88' lang='lat' dir='ltr'>semper</span> <span class='ocrx_word' id='word_1_436' title='bbox 535 2690 773 2739; x_wconf 89' lang='lat' dir='ltr'>meminerit,</span> <span class='ocrx_word' id='word_1_437' title='bbox 802 2687 999 2729; x_wconf 90' lang='lat' dir='ltr'>Coronam</span> <span class='ocrx_word' id='word_1_438' title='bbox 1022 2689 1123 2729; x_wconf 89' lang='lat' dir='ltr'>suam</span> <span class='ocrx_word' id='word_1_439' title='bbox 1145 2700 1227 2729; x_wconf 91' lang='lat' dir='ltr'>non</span> <span class='ocrx_word' id='word_1_440' title='bbox 1242 2688 1310 2728; x_wconf 86' lang='lat' dir='ltr'>nisi</span> <span class='ocrx_word' id='word_1_441' title='bbox 1329 2685 1479 2728; x_wconf 86' lang='lat' dir='ltr'>finitum</span> <span class='ocrx_word' id='word_1_442' title='bbox 1496 2687 1534 2727; x_wconf 74' lang='grc' dir='ltr'>δι</span> <span class='ocrx_word' id='word_1_443' title='bbox 1554 2689 1667 2737; x_wconf 81' lang='lat' dir='ltr'>certis</span> <span class='ocrx_word' id='word_1_444' title='bbox 1693 2687 1878 2729; x_wconf 48' lang='lat' dir='ltr'>afflatum</span> 
     </span>
     <span class='ocr_line' id='line_1_42' title="bbox 68 2746 1879 2799; baseline -0.004 -2"><span class='ocrx_word' id='word_1_445' title='bbox 68 2755 251 2797; x_wconf 89' lang='lat' dir='ltr'>limitibus</span> <span class='ocrx_word' id='word_1_446' title='bbox 279 2749 354 2792; x_wconf 88' lang='lat' dir='ltr'>esse</span> <span class='ocrx_word' id='word_1_447' title='bbox 376 2752 571 2791; x_wconf 78' lang='lat' dir='ltr'>circulum.</span> <span class='ocrx_word' id='word_1_448' title='bbox 657 2750 746 2789; x_wconf 86' lang='lat' dir='ltr'>Rex</span> <span class='ocrx_word' id='word_1_449' title='bbox 771 2746 803 2790; x_wconf 91' lang='lat' dir='ltr'>F</span> <span class='ocrx_word' id='word_1_450' title='bbox 803 2748 1031 2789; x_wconf 89' lang='lat' dir='ltr'>erdinandus</span> <span class='ocrx_word' id='word_1_451' title='bbox 1060 2748 1289 2790; x_wconf 83' lang='lat' dir='ltr'>Catholicus</span> <span class='ocrx_word' id='word_1_452' title='bbox 1311 2749 1349 2788; x_wconf 88' lang='lat' dir='ltr'>in</span> <span class='ocrx_word' id='word_1_453' title='bbox 1371 2748 1549 2788; x_wconf 90' lang='lat' dir='ltr'>omnibus</span> <span class='ocrx_word' id='word_1_454' title='bbox 1566 2778 1585 2796; x_wconf 18' lang='lat' dir='ltr'>,A</span> <span class='ocrx_word' id='word_1_455' title='bbox 1607 2759 1691 2799; x_wconf 87' lang='lat' dir='ltr'>quae</span> <span class='ocrx_word' id='word_1_456' title='bbox 1704 2749 1879 2799; x_wconf 82' lang='lat' dir='ltr'>suscipie-</span> 
     </span>
     <span class='ocr_line' id='line_1_43' title="bbox 69 2807 1879 2867; baseline -0.004 -11"><span class='ocrx_word' id='word_1_457' title='bbox 69 2818 137 2857; x_wconf 90' lang='lat' dir='ltr'>bat</span> <span class='ocrx_word' id='word_1_458' title='bbox 155 2813 318 2867; x_wconf 87' lang='lat' dir='ltr'>negotiis</span> <span class='ocrx_word' id='word_1_459' title='bbox 338 2811 486 2851; x_wconf 86' lang='lat' dir='ltr'>causam</span> <span class='ocrx_word' id='word_1_460' title='bbox 507 2839 519 2860; x_wconf 84' lang='lat'>‚</span> <span class='ocrx_word' id='word_1_461' title='bbox 549 2808 835 2862; x_wconf 81' lang='lat' dir='ltr'>dispositionem</span> <span class='ocrx_word' id='word_1_462' title='bbox 850 2840 862 2859; x_wconf 89' lang='lat'>‚</span> <span class='ocrx_word' id='word_1_463' title='bbox 883 2818 1036 2861; x_wconf 90' lang='lat' dir='ltr'>tempus</span> <span class='ocrx_word' id='word_1_464' title='bbox 1056 2838 1068 2858; x_wconf 89' lang='lat'>,</span> <span class='ocrx_word' id='word_1_465' title='bbox 1100 2807 1246 2858; x_wconf 86' lang='lat' dir='ltr'>media,</span> <span class='ocrx_word' id='word_1_466' title='bbox 1270 2807 1414 2849; x_wconf 84' lang='lat' dir='ltr'>&amp;fines</span> <span class='ocrx_word' id='word_1_467' title='bbox 1436 2807 1687 2860; x_wconf 87' lang='lat' dir='ltr'>ponderabat.</span> <span class='ocrx_word' id='word_1_468' title='bbox 1750 2808 1879 2848; x_wconf 86' lang='lat' dir='ltr'>Invin-</span> 
     </span>
     <span class='ocr_line' id='line_1_44' title="bbox 71 2866 1880 2922; baseline -0.006 -5"><span class='ocrx_word' id='word_1_469' title='bbox 71 2876 193 2917; x_wconf 91' lang='lat' dir='ltr'>cibilis</span> <span class='ocrx_word' id='word_1_470' title='bbox 222 2872 416 2914; x_wconf 85' lang='lat' dir='ltr'>videbitur</span> <span class='ocrx_word' id='word_1_471' title='bbox 444 2900 457 2919; x_wconf 91' lang='lat'>‚</span> <span class='ocrx_word' id='word_1_472' title='bbox 496 2871 561 2921; x_wconf 90' lang='lat' dir='ltr'>qui</span> <span class='ocrx_word' id='word_1_473' title='bbox 589 2868 683 2909; x_wconf 90' lang='lat' dir='ltr'>illud</span> <span class='ocrx_word' id='word_1_474' title='bbox 726 2869 847 2910; x_wconf 90' lang='lat' dir='ltr'>solum</span> <span class='ocrx_word' id='word_1_475' title='bbox 880 2868 997 2909; x_wconf 90' lang='lat' dir='ltr'>fuerit</span> <span class='ocrx_word' id='word_1_476' title='bbox 1037 2867 1222 2922; x_wconf 79' lang='lat' dir='ltr'>aggressus</span> <span class='ocrx_word' id='word_1_477' title='bbox 1242 2897 1255 2916; x_wconf 86' lang='lat'>‚</span> <span class='ocrx_word' id='word_1_478' title='bbox 1301 2867 1409 2919; x_wconf 93' lang='lat' dir='ltr'>quod</span> <span class='ocrx_word' id='word_1_479' title='bbox 1443 2867 1492 2907; x_wconf 89' lang='lat' dir='ltr'>ad</span> <span class='ocrx_word' id='word_1_480' title='bbox 1522 2866 1704 2908; x_wconf 70' lang='lat' dir='ltr'>effectum</span> <span class='ocrx_word' id='word_1_481' title='bbox 1739 2868 1880 2921; x_wconf 86' lang='lat' dir='ltr'>perdu-</span> 
     </span>
     <span class='ocr_line' id='line_1_45' title="bbox 71 2926 1878 2987; baseline -0.006 -10"><span class='ocrx_word' id='word_1_482' title='bbox 71 2947 162 2977; x_wconf 87' lang='lat' dir='ltr'>cere</span> <span class='ocrx_word' id='word_1_483' title='bbox 186 2933 343 2987; x_wconf 86' lang='lat' dir='ltr'>poterit.</span> <span class='ocrx_word' id='word_1_484' title='bbox 400 2930 481 2983; x_wconf 91' lang='lat' dir='ltr'>Qui</span> <span class='ocrx_word' id='word_1_485' title='bbox 509 2940 590 2968; x_wconf 91' lang='lat' dir='ltr'>rem</span> <span class='ocrx_word' id='word_1_486' title='bbox 615 2926 721 2969; x_wconf 68' lang='lat' dir='ltr'>fastu</span> <span class='ocrx_word' id='word_1_487' title='bbox 749 2929 1012 2981; x_wconf 86' lang='lat' dir='ltr'>impossibilem</span> <span class='ocrx_word' id='word_1_488' title='bbox 1043 2937 1108 2967; x_wconf 89' lang='lat' dir='ltr'>aut</span> <span class='ocrx_word' id='word_1_489' title='bbox 1122 2929 1232 2968; x_wconf 88' lang='lat' dir='ltr'>nimis</span> <span class='ocrx_word' id='word_1_490' title='bbox 1255 2927 1444 2967; x_wconf 88' lang='lat' dir='ltr'>difficilem</span> <span class='ocrx_word' id='word_1_491' title='bbox 1463 2936 1624 2967; x_wconf 89' lang='lat' dir='ltr'>attentat</span> <span class='ocrx_word' id='word_1_492' title='bbox 1643 2958 1656 2977; x_wconf 86' lang='lat'>‚</span> <span class='ocrx_word' id='word_1_493' title='bbox 1686 2928 1716 2968; x_wconf 89' lang='lat' dir='ltr'>is</span> <span class='ocrx_word' id='word_1_494' title='bbox 1740 2938 1878 2979; x_wconf 89' lang='lat' dir='ltr'>poten-</span> 
     </span>
     <span class='ocr_line' id='line_1_46' title="bbox 74 2985 1878 3041; baseline -0.006 -4"><span class='ocrx_word' id='word_1_495' title='bbox 74 2998 136 3037; x_wconf 85' lang='lat' dir='ltr'>tiae</span> <span class='ocrx_word' id='word_1_496' title='bbox 160 2995 231 3036; x_wconf 82' lang='lat' dir='ltr'>suae</span> <span class='ocrx_word' id='word_1_497' title='bbox 255 2993 421 3033; x_wconf 84' lang='lat' dir='ltr'>limitatae</span> <span class='ocrx_word' id='word_1_498' title='bbox 452 2990 631 3041; x_wconf 89' lang='lat' dir='ltr'>relinquit</span> <span class='ocrx_word' id='word_1_499' title='bbox 662 2985 829 3041; x_wconf 86' lang='lat' dir='ltr'>vestigia.</span> <span class='ocrx_word' id='word_1_500' title='bbox 919 2987 1085 3029; x_wconf 81' lang='lat' dir='ltr'>Consilia</span> <span class='ocrx_word' id='word_1_501' title='bbox 1110 2986 1283 3027; x_wconf 89' lang='lat' dir='ltr'>frustrata</span> <span class='ocrx_word' id='word_1_502' title='bbox 1303 2988 1570 3027; x_wconf 87' lang='lat' dir='ltr'>imbecillitatis</span> <span class='ocrx_word' id='word_1_503' title='bbox 1601 2987 1697 3026; x_wconf 90' lang='lat' dir='ltr'>illius</span> <span class='ocrx_word' id='word_1_504' title='bbox 1723 2988 1878 3040; x_wconf 87' lang='lat' dir='ltr'>publica</span> 
     </span>
     <span class='ocr_line' id='line_1_47' title="bbox 76 3046 1878 3107; baseline -0.006 -11"><span class='ocrx_word' id='word_1_505' title='bbox 76 3056 180 3107; x_wconf 85' lang='lat' dir='ltr'>quasi</span> <span class='ocrx_word' id='word_1_506' title='bbox 195 3052 440 3094; x_wconf 89' lang='lat' dir='ltr'>instrumenta</span> <span class='ocrx_word' id='word_1_507' title='bbox 460 3049 556 3089; x_wconf 89' lang='lat' dir='ltr'>sunt.</span> <span class='ocrx_word' id='word_1_508' title='bbox 613 3046 734 3087; x_wconf 87' lang='lat' dir='ltr'>Nulla</span> <span class='ocrx_word' id='word_1_509' title='bbox 755 3059 832 3088; x_wconf 88' lang='lat' dir='ltr'>tam</span> <span class='ocrx_word' id='word_1_510' title='bbox 860 3058 1001 3100; x_wconf 89' lang='lat' dir='ltr'>potens</span> <span class='ocrx_word' id='word_1_511' title='bbox 1027 3046 1082 3087; x_wconf 89' lang='lat' dir='ltr'>est</span> <span class='ocrx_word' id='word_1_512' title='bbox 1106 3047 1336 3087; x_wconf 86' lang='lat' dir='ltr'>Monarchia</span> <span class='ocrx_word' id='word_1_513' title='bbox 1356 3077 1369 3096; x_wconf 88' lang='lat'>,</span> <span class='ocrx_word' id='word_1_514' title='bbox 1398 3059 1510 3099; x_wconf 89' lang='lat' dir='ltr'>quam</span> <span class='ocrx_word' id='word_1_515' title='bbox 1538 3059 1616 3086; x_wconf 92' lang='lat' dir='ltr'>non</span> <span class='ocrx_word' id='word_1_516' title='bbox 1643 3049 1759 3098; x_wconf 87' lang='lat' dir='ltr'>magis</span> <span class='ocrx_word' id='word_1_517' title='bbox 1794 3048 1878 3099; x_wconf 87' lang='lat' dir='ltr'>opi-</span> 
     </span>
     <span class='ocr_line' id='line_1_48' title="bbox 75 3105 1876 3163; baseline -0.005 -7"><span class='ocrx_word' id='word_1_518' title='bbox 75 3116 142 3157; x_wconf 89' lang='lat' dir='ltr'>nio</span> <span class='ocrx_word' id='word_1_519' title='bbox 163 3113 342 3155; x_wconf 88' lang='lat' dir='ltr'>sustentet</span> <span class='ocrx_word' id='word_1_520' title='bbox 363 3142 376 3162; x_wconf 86' lang='lat'>,</span> <span class='ocrx_word' id='word_1_521' title='bbox 404 3108 520 3163; x_wconf 75' lang='lat' dir='ltr'>quam</span> <span class='ocrx_word' id='word_1_522' title='bbox 548 3109 688 3149; x_wconf 83' lang='lat' dir='ltr'>veritas</span> <span class='ocrx_word' id='word_1_523' title='bbox 711 3118 725 3154; x_wconf 71' lang='grc' dir='ltr'><strong>ς</strong></span> <span class='ocrx_word' id='word_1_524' title='bbox 754 3108 961 3148; x_wconf 85' lang='lat' dir='ltr'>authoritas</span> <span class='ocrx_word' id='word_1_525' title='bbox 990 3107 1120 3160; x_wconf 79' lang='lat' dir='ltr'>potius</span> <span class='ocrx_word' id='word_1_526' title='bbox 1144 3105 1258 3159; x_wconf 76' lang='lat' dir='ltr'>quam</span> <span class='ocrx_word' id='word_1_527' title='bbox 1281 3108 1395 3147; x_wconf 88' lang='lat' dir='ltr'>vires.</span> <span class='ocrx_word' id='word_1_528' title='bbox 1455 3108 1664 3161; x_wconf 87' lang='lat' dir='ltr'>Appetitus</span> <span class='ocrx_word' id='word_1_529' title='bbox 1686 3107 1814 3159; x_wconf 86' lang='lat' dir='ltr'>gloriae</span> <span class='ocrx_word' id='word_1_530' title='bbox 1837 3106 1876 3147; x_wconf 74' lang='grc' dir='ltr'>δε</span> 
     </span>
    </p>

    <p class='ocr_par' dir='ltr' id='par_1_12' title="bbox 1039 3165 1878 3209">
     <span class='ocr_line' id='line_1_49' title="bbox 1039 3165 1878 3209; baseline 0 -3"><span class='ocrx_word' id='word_1_531' title='bbox 1039 3165 1144 3207; x_wconf 89' lang='lat' dir='ltr'>Ssss</span> <span class='ocrx_word' id='word_1_532' title='bbox 1174 3180 1201 3207; x_wconf 82' lang='lat'><strong>2</strong></span> <span class='ocrx_word' id='word_1_533' title='bbox 1755 3166 1878 3209; x_wconf 87' lang='lat' dir='ltr'>dorni-</span> 
     </span>
    </p>
   </div>
   <div class='ocr_carea' id='block_1_10' title="bbox 85 3247 341 3256">
    <p class='ocr_par' dir='ltr' id='par_1_13' title="bbox 85 3247 341 3256">
     <span class='ocr_line' id='line_1_50' title="bbox 85 3247 341 3256; baseline 0 474"><span class='ocrx_word' id='word_1_534' title='bbox 85 3247 341 3256; x_wconf 95' lang='lat' dir='ltr'> </span> 
     </span>
    </p>
   </div>
   <div class='ocr_carea' id='block_1_11' title="bbox 79 3240 1877 3366">
    <p class='ocr_par' dir='ltr' id='par_1_14' title="bbox 79 3240 1877 3366">
     <span class='ocr_line' id='line_1_51' title="bbox 181 3240 1877 3312; baseline -0.001 -13"><span class='ocrx_word' id='word_1_535' title='bbox 181 3266 244 3312; x_wconf 76' lang='lat' dir='ltr'>(a)</span> <span class='ocrx_word' id='word_1_536' title='bbox 269 3240 1877 3312; x_wconf 54' lang='lat' dir='ltr'>mmmmm</span> 
     </span>
     <span class='ocr_line' id='line_1_52' title="bbox 79 3313 952 3366; baseline -0.005 -14"><span class='ocrx_word' id='word_1_537' title='bbox 79 3315 144 3366; x_wconf 80' lang='lat' dir='ltr'>(c)</span> <span class='ocrx_word' id='word_1_538' title='bbox 170 3316 302 3354; x_wconf 86' lang='lat' dir='ltr'>Ideml.</span> <span class='ocrx_word' id='word_1_539' title='bbox 326 3328 383 3356; x_wconf 62' lang='grc' dir='ltr'>ιι.</span> <span class='ocrx_word' id='word_1_540' title='bbox 411 3318 507 3354; x_wconf 75' lang='lat' dir='ltr'>Arm.</span> <span class='ocrx_word' id='word_1_541' title='bbox 558 3316 619 3361; x_wconf 76' lang='lat' dir='ltr'>(d)</span> <span class='ocrx_word' id='word_1_542' title='bbox 651 3313 785 3351; x_wconf 84' lang='lat' dir='ltr'>Ideml.</span> <span class='ocrx_word' id='word_1_543' title='bbox 807 3324 839 3350; x_wconf 78' lang='lat'>1.</span> <span class='ocrx_word' id='word_1_544' title='bbox 856 3317 952 3353; x_wconf 80' lang='lat' dir='ltr'>Arm.</span> 
     </span>
    </p>
   </div>
  </div>
 </body>
</html>
