2132 3730
455 191 1441 238 SYMBOLAPOLITICA.
1785 212 1866 254 293

3 285 7 318 ἰ
67 276 163 331 ‘ejus
191 276 433 319 morabantur
451 306 462 325 ,
493 274 595 316 statis
629 278 867 330 temporibus
894 278 1052 319 domum
1080 280 1127 318 ad
1152 281 1237 318 suos
1268 290 1570 330 reverterentur,
1598 283 1798 332 quomodo
1829 286 1866 325 δε

75 338 254 391 Trajanus
272 336 482 387 Imperator
512 337 705 388 quondam
733 337 890 377 fecerat.

249 396 434 435 Praeterea
453 394 543 435 fidei
561 395 775 445 commissa,
806 407 871 436 aut
889 398 1148 450 praerogativae
1167 393 1364 439 Natalium
1391 400 1428 439 in
1459 397 1638 451 Hispania
1665 401 1867 453 plurimum

71 454 192 496 soboli
208 455 464 508 propagandas
494 456 660 495 obsunt:
690 455 806 495 frater
823 458 922 497 enim
941 468 1032 496 natu
1059 457 1177 509 major
1203 461 1331 499 omnia
1369 460 1438 499 fibi
1463 459 1612 500 familiae
1643 460 1745 500 bona
1775 475 1868 502 ven-

0 497 6 566 ?
68 515 167 554 dicat
204 509 231 563 <
241 514 280 554 id
307 514 413 566 quod
445 514 546 568 Regi
563 513 815 556 Theodorico
838 518 1011 569 iniquum
1037 517 1188 569 prorsus
1219 517 1296 571 (a)
1327 519 1567 573 videbatur)
1597 532 1761 572 cumque
1790 525 1867 562 aliis

64 573 292 614 matrimonii
312 573 468 614 ineundi
492 577 605 628 copia
625 589 705 617 non
731 576 804 625 fit,
834 587 898 616 aut
918 575 1131 627 religiosum
1163 575 1366 630 suscipiunt
1390 579 1562 619 habiturn
1579 611 1589 628 ,
1624 593 1686 620 aut
1716 582 1763 621 ad
1791 583 1868 623 bel-

0 633 1 647 *
63 635 142 673 lum
157 632 456 684 proficiscuntur.
519 635 617 677 Eam
647 637 698 676 ob
719 637 867 676 causam
884 636 993 676 Plato
1015 634 1166 676 divitias
1188 637 1225 676 ὃς
1243 640 1413 689 inopiam
1440 641 1610 691 antiquas
1628 642 1864 695 Rerumpub.

62 692 187 746 pestes
204 693 350 734 solebat
374 697 596 748 appellare.)
627 695 863 736 existimabat
877 697 1077 744 nimirum,
1107 697 1236 736 omnia
1266 697 1350 738 fere
1373 711 1502 739 earum
1534 700 1668 740 damna
1706 705 1791 742 oriri
1816 715 1864 743 ex

61 764 131 802 eo,
162 753 267 806 quod
281 755 384 795 bona
415 757 454 796 in
480 757 524 795 iis
543 768 623 797 non
645 757 730 797 satis
754 755 861 796 redte
890 754 1167 795 dividerentur.
1225 757 1264 796 Si
1286 760 1394 798 cives
1418 771 1552 799 omnes
1575 772 1779 813 congruam
1804 764 1869 803 ha-

59 813 195 854 berent
215 813 544 864 sustentationem,
576 820 691 869 magis
710 817 788 858 fine
807 815 927 855 dubio
945 814 1131 856 florerent
1144 816 1403 868 Respublicae.
1464 817 1613 860 Verum
1631 818 1866 862 raineriihaec

58 874 197 914 utilitas
213 888 346 927 magna
363 876 433 925 fit,
464 889 544 917 non
566 878 692 918 minus
715 887 845 916 tamen
865 874 914 915 ad
945 875 1094 916 bonum
1120 877 1319 928 publicum
1348 877 1524 929 interest,
1554 890 1597 920 ut
1626 882 1870 922 conservetur

57 934 252 978 Nobilitas
276 936 461 987 ejusmodi
485 936 592 977 Fidei
621 934 906 977 commissorum
936 934 1152 986 beneficio,
1185 937 1222 976 ἃ
1248 947 1290 978 ut
1314 936 1376 986 illa
1408 939 1553 980 habeat
1579 941 1681 981 unde
1707 940 1870 994 Principi

57 995 97 1035 δε
117 995 353 1048 Reipublicae
372 995 546 1049 praestare
571 998 682 1049 poffit
698 995 901 1047 obsequia,
932 995 1111 1047 adeoque
1131 1000 1284 1048 antiqua
1307 1000 1368 1038 illa
1394 1000 1547 1040 retineri
1575 1001 1749 1053 possent,
1777 1001 1864 1042 No-

57 1056 192 1095 bilitati
220 1066 347 1099 tamen
379 1069 513 1097 recens
542 1057 719 1098 institutae
750 1055 922 1107 permitti
945 1054 1104 1095 minime
1131 1055 1319 1098 deberent
1337 1087 1350 1107 ‚
1382 1057 1519 1100 statuta
1550 1062 1662 1102 etiam
1690 1064 1796 1116 lege,
1827 1074 1870 1102 ut

58 1117 323 1170 consanguinei
338 1116 386 1156 ad
402 1129 577 1169 quartum
608 1117 726 1169 usque
747 1114 906 1170 gradum
931 1113 1131 1157 necessarii
1160 1116 1279 1157 essent
1310 1118 1483 1159 haeredes
1502 1120 1532 1162 si
1561 1133 1640 1162 non
1667 1134 1715 1163 ex
1739 1121 1811 1162 asse
1830 1133 1867 1162 at

55 1178 159 1218 certe
180 1189 315 1231 inagna
344 1177 382 1217 δε
402 1178 587 1230 potissima
606 1189 655 1217 ex
679 1174 755 1230 (b)
786 1185 918 1227 parte3
949 1187 1028 1226 quo
1043 1176 1164 1216 modo
1186 1179 1399 1218 vitarentur
1415 1179 1643 1221 donationes
1664 1183 1700 1221 ἃ
1722 1184 1864 1235 legata,

55 1250 140 1290 quae
166 1239 322 1278 vanitati
339 1238 478 1291 magis,
508 1237 623 1291 quain
643 1237 881 1289 Reipublicae
899 1236 1091 1285 serviunt,
1123 1237 1219 1277 ficut
1242 1237 1280 1277 &
1303 1238 1383 1286 illa,
1422 1250 1506 1291 quae
1535 1241 1679 1282 devota
1708 1243 1869 1295 quadam

54 1296 347 1351 prodigalitate,
377 1309 451 1337 nec
487 1297 650 1338 modum
680 1296 855 1343 servant,
886 1307 960 1334 nec
989 1296 1175 1347 sanguinis
1200 1300 1346 1350 proprii
1368 1299 1513 1340 habent
1539 1303 1746 1351 rationem,
1775 1303 1874 1342 dum?

55 1366 188 1398 contra
211 1356 384 1396 debitum
408 1357 599 1395 charitatis
622 1356 798 1395 ordinem
821 1364 896 1392 nec
924 1355 1105 1394 fratribus
1127 1369 1202 1396 nec
1237 1359 1524 1411 consanguineis
1553 1363 1706 1413 reliquis
1735 1362 1865 1401 suffici-

57 1431 122 1458 ens
139 1418 361 1469 relinquitur
381 1413 602 1455 sustentatio
617 1445 629 1463 ,
660 1412 764 1453 unde
779 1410 931 1452 familiae
948 1415 1243 1467 extinguuntur,
1274 1418 1548 1459 exhauriuntur
1568 1419 1712 1461 reditus
1733 1422 1865 1473 Regii,

55 1479 221 1532 populus
246 1475 294 1516 ad
317 1475 459 1515 tributa
482 1473 669 1515 solvenda
690 1471 734 1513 fit
761 1473 982 1526 impotenst
1013 1477 1178 1526 augeicit
1205 1485 1476 1528 exemptorum
1504 1483 1699 1531 potentia,
1731 1480 1768 1521 δε
1799 1482 1867 1520 irn-

55 1539 233 1578 minuitur
252 1533 464 1586 jurisdictio
486 1535 685 1585 Principis,
752 1532 992 1584 Expendens
1022 1535 1103 1585 ejus
1132 1534 1186 1574 rei
1205 1536 1454 1576 incommoda
1475 1537 1543 1591 (c)
1575 1539 1736 1590 Moyses
1757 1572 1767 1590 ,
1788 1541 1868 1580 edi-

57 1598 120 1637 c'to
138 1597 296 1650 publico
313 1596 457 1644 vetuit,
489 1605 540 1634 ne
558 1591 650 1645 quid
669 1591 765 1632 ultra
784 1591 964 1632 Israelitae
988 1594 1035 1632 ad
1053 1606 1153 1646 opus
1163 1594 1357 1636 sanctuarii
1385 1593 1457 1652 (d)
1489 1596 1694 1647 offerrent,
1720 1600 1867 1640 tametsi

54 1655 165 1698 Deus
188 1654 267 1709 ipse
292 1655 531 1695 oblationum
549 1652 700 1694 istarum
718 1649 845 1692 fuisset
872 1652 1025 1702 anaor,
1055 1654 1092 1693 &
1117 1665 1248 1694 mente
1262 1667 1357 1708 pura
1385 1668 1429 1695 ac
1456 1658 1625 1708 religiosa
1645 1662 1772 1700 onmia
1799 1658 1864 1715 (e)

54 1716 202 1757 fierent.
260 1715 497 1768 Respublica
510 1713 666 1753 Veneta
678 1712 755 1764 jam
775 1711 927 1764 pridem
946 1712 1111 1753 decretis
1132 1714 1202 1753 suis
1221 1716 1255 1754 ei
1270 1717 1324 1755 rei
1347 1715 1606 1768 sapientissime
1623 1719 1806 1770 providit.

230 1773 265 1827 ς.
299 1774 397 1815 lllud
417 1774 537 1828 porro
555 1771 825 1821 necessarium,
852 1781 894 1811 ut
912 1784 984 1825 pro
1010 1774 1260 1814 matrimoniis
1281 1775 1456 1815 ineundis
1477 1776 1646 1827 prudens
1680 1779 1865 1831 temporis

55 1835 239 1877 habeatur
268 1836 385 1876 ratio:
413 1847 502 1875 nam
529 1834 556 1875 si
588 1832 747 1874 nimium
776 1830 1023 1882 differantur,
1054 1834 1290 1885 periclitatur
1316 1834 1514 1885 successio,
1544 1835 1583 1876 &
1612 1840 1755 1890 patitur
1784 1842 1865 1878 uni-

53 1895 163 1936 versa
191 1894 423 1949 Respublica
436 1895 488 1935 ob
506 1893 696 1947 J‘uQium
721 1893 1050 1933 incontinentiam.
1111 1891 1150 1931 Si
1169 1892 1303 1933 contra
1322 1892 1480 1933 nimium
1497 1905 1758 1947 maturentur,
1774 1910 1866 1939 con-

56 1956 167 2007 tingit
189 1952 283 1996 filios
301 1964 413 1995 aetate
429 1953 534 1995 haud
551 1951 666 2006 longe
684 1950 759 1992 esse
788 1950 990 1991 inferiores
1008 1951 1231 2004 parentibus
1238 1981 1252 2001 ,
1282 1952 1388 1992 unde
1404 1957 1662 1996 reverentiam
1693 1968 1840 1997 exuunt
1853 1987 1866 2007 ,

56 2014 95 2055 &
116 2014 354 2066 impatientes
371 2023 511 2059 morae,
541 2012 778 2054 successionis
806 2008 919 2051 causa
938 2010 1105 2053 nefanda
1121 2020 1255 2052 contra
1277 2024 1347 2053 eos
1365 2013 1586 2054 moliuntur.

157 2200 215 2244 (a)
230 2198 388 2249 Iniquum
404 2194 451 2249 cst
472 2194 515 2233 de
527 2208 601 2232 una
607 2189 810 2243 ffifflwtia
826 2217 836 2234 ‚
861 2191 984 2245 quibus
1003 2193 1164 2243 competit
1170 2190 1322 2244 fitccffo
1337 2219 1346 2234 ‚
1370 2193 1439 2230 alii
1452 2191 1678 2230 abundanter
1695 2190 1864 2241 affluant.

55 2251 125 2291 alii
142 2252 368 2304 paupertatis
382 2246 596 2287 incommoda
613 2243 853 2297 ingemistant.
921 2246 1000 2284 Cas.
1019 2244 1041 2281 l.
1066 2257 1098 2281 1.
1125 2245 1187 2295 Ep.
1216 2257 1246 2282 1.
1301 2247 1368 2295 (ὓ)
1390 2246 1604 2283 commodam
1621 2243 1667 2296 cst
1681 2247 1865 2286 etiamat’

55 2303 278 2343 haereditates
299 2316 364 2339 non
383 2301 569 2339 donatione
573 2296 640 2346 st’d
638 2298 948 2350 jurecognatianis
962 2295 1171 2335 tradantur.
1224 2296 1328 2335 Arist.
1354 2298 1416 2335 lib.
1443 2313 1478 2348 ς.
1504 2296 1615 2336 Polit.
1628 2310 1701 2347 cap.
1718 2297 1753 2337 8.
1805 2301 1863 2342 (c)

57 2359 245 2394 Dixerant
262 2352 386 2408 Moyfi‚
402 2353 481 2407 plas
495 2349 599 2406 offert
617 2349 782 2403 populus,
805 2349 913 2403 quam
927 2349 1148 2397 neccffzrium
1163 2347 1229 2402 est,
1261 2351 1375 2388 Exod.
1396 2356 1458 2398 36.
1479 2360 1514 2400 5.
1569 2351 1637 2401 (d)
1655 2348 1767 2401 Jaffit
1782 2362 1863 2401 ergo

57 2407 187 2460 Moysas
200 2410 354 2457 praconis
367 2420 450 2445 voce
469 2407 614 2443 cantari
628 2418 641 2442 :
665 2416 725 2439 nec
745 2404 809 2440 vir
822 2429 831 2444 ,
855 2415 916 2441 nec
928 2403 1054 2441 mulier
1069 2405 1256 2456 quicquam
1276 2400 1399 2456 afferet
1420 2401 1521 2440 ultra
1534 2402 1574 2440 in
1589 2413 1684 2455 opere
1689 2401 1864 2449 sancJaa-

58 2463 110 2499 rii
117 2475 132 2504 ;
146 2459 262 2513 ficque
282 2459 443 2507 ceffiztum
456 2457 503 2512 est
519 2455 544 2494 ὰ
558 2453 757 2495 maneribus
771 2452 955 2507 offerendis
967 2482 977 2498 ‚
1003 2470 1038 2494 eo
1049 2454 1140 2510 quod
1167 2453 1287 2492 oblata
1298 2455 1495 2506 fitfficerent
1509 2482 1519 2497 ,
1545 2454 1591 2499 &-
1598 2452 1860 2507 staeperabunaa

54 2523 149 2554 rent.
168 2513 281 2549 Exod.
309 2518 370 2560 36.
382 2517 417 2551 6.
469 2513 539 2560 (e)
571 2514 694 2547 Omnes
706 2511 786 2546 viri
801 2508 847 2552 ό·
873 2510 1052 2552 mulieres.
1076 2518 1193 2547 mente
1204 2507 1332 2547 devota
1347 2506 1546 2548 obtulerunt
1560 2506 1729 2549 donaria,
1753 2506 1862 2557 atfic-

57 2576 138 2605 rent
154 2575 272 2620 opera,
284 2578 352 2619 quae
363 2563 516 2616 jafferat
530 2568 624 2602 Deus
637 2588 647 2604 .
672 2560 786 2600 Exod.
813 2575 829 2607 3
839 2575 873 2610 5.
900 2576 961 2613 29.

885 3224 1016 3272 Eeee
1653 3207 1854 3275 SYM-
