2132 3730
474 235 1456 280 SYMBOLAPOLJTJCA.
1831 253 1883 293 75

96 300 1375 318 -ss-—Q—m———m———ss

84 341 181 371 rare.
239 322 455 375 Perpendat
485 321 707 374 diligenter,
737 321 774 361 se
792 321 1051 373 ampliffimum
1068 322 1147 361 hoc
1169 320 1314 361 Mundi
1341 323 1530 362 theatrum
1559 322 1702 369 subire,
1718 331 1762 362 ut
1785 323 1888 379 Prin-

86 390 183 440 cipis
208 384 410 438 personam
425 379 601 422 sustineat
625 395 635 421 ε
666 378 870 421 decedenti
896 381 994 422 vero
1017 381 1067 421 de
1083 382 1163 421 vita
1184 379 1309 420 alium·
1327 381 1466 421 deinde
1487 394 1575 422 curn
1593 381 1729 422 eadem
1745 384 1888 423 succes-

83 449 210 491 surum
232 455 428 496 purpura,
457 453 569 494 quam
588 441 666 493 ipse
691 440 931 493 deposuerit3
962 441 1012 482 de
1027 450 1194 492 utroque
1215 439 1371 481 demum
1388 441 1502 482 solam
1522 443 1620 482 hanc
1645 441 1755 493 super
1782 442 1888 483 futu-

82 518 163 548 ram
192 505 441 551 memoriam,
471 500 578 554 quod
597 499 724 541 fuerit.
813 501 910 541 Illud
928 501 1094 553 denique
1119 499 1209 540 sciat
1224 529 1236 549 ,
1265 512 1316 540 ne
1343 501 1443 540 hanc
1462 501 1618 551 quidem
1641 514 1849 555 purpuram
1875 535 1888 552 ‚

83 577 158 618 qua
189 565 360 605 amicitur
383 594 396 613 ‚
416 562 518 602 suam
533 560 628 611 effe,
658 560 722 602 sed
740 561 1001 614 Reipublicae,
1019 573 1103 612 quae
1131 571 1212 600 non
1228 560 1297 600 nisi
1325 562 1430 601 usum
1448 562 1483 599 ei
1502 561 1693 614 indulget,
1723 572 1766 603 ut
1784 564 1888 615 capi-

83 627 131 665 tis
152 624 331 676 tantisper
343 623 522 676 fungatur
540 623 695 672 officio,
725 621 763 661 δι
783 623 877 663 boni
892 623 1037 676 publici
1063 621 1375 673 conservationi,
1406 622 1647 663 incremento
1675 622 1713 662 &
1730 623 1888 678 prospe-

82 686 183 727 ritati
208 684 382 728 consulat
399 715 414 735 ‚
442 692 486 724 ut
501 684 589 725 alibi
615 682 884 737 expendimus,

235 2110 273 2165 §.
304 2110 385 2152 Ubi
403 2113 514 2165 igitur
533 2113 571 2151 in
593 2111 684 2151 vitae
704 2109 815 2163 hujus
846 2107 966 2151 stadio
988 2108 1191 2152 decurrere
1217 2110 1332 2152 semel
1360 2111 1540 2165 Princeps
1571 2112 1729 2166 coeperit
1746 2143 1758 2161 ‚
1788 2112 1887 2154 taeda

80 2171 238 2213 ardente
258 2172 312 2212 sui
332 2172 458 2212 Status
478 2170 700 2219 instructus,
719 2184 799 2212 non
820 2172 859 2210 id
877 2172 998 2211 solum
1016 2182 1119 2224 agat,
1151 2181 1194 2211 ut
1210 2171 1357 2212 cursum
1378 2171 1487 2213 istum
1509 2174 1699 2224 producat
1718 2176 1884 2226 longius,

74 2231 152 2284 jam
171 2234 273 2272 enim
300 2234 503 2272 terminum
523 2230 750 2283 praefinitum
781 2232 918 2279 habet,
950 2241 1065 2283 quem
1084 2232 1291 2284 transgredi
1313 2245 1393 2272 non
1411 2234 1563 2285 licebit3
1595 2234 1632 2273 &
1653 2237 1735 2285 quis
1757 2235 1886 2282 novit,

78 2303 172 2331 num
194 2289 299 2331 forte
319 2292 365 2331 ab
388 2304 437 2332 eo
458 2291 535 2343 jam
561 2290 654 2330 abiit
671 2291 869 2343 proxime,
886 2292 974 2331 cum
1006 2290 1068 2330 illa
1089 2293 1228 2343 cuique
1262 2293 1376 2332 etiam
1403 2293 1587 2334 leviffimo
1606 2304 1727 2333 vento
1753 2291 1798 2332 sit
1819 2305 1888 2332 ex-

82 2350 218 2402 posita.
292 2349 361 2407 (a)
384 2350 531 2404 Tegula
544 2362 618 2390 una
639 2362 723 2392 eam
739 2351 837 2404 Regi
862 2350 1033 2390 Henrico
1050 2350 1079 2394 Ι.
1112 2350 1271 2392 extorsit
1304 2350 1327 2392 ὲ
1345 2353 1518 2393 manibus
1541 2383 1553 2401 ,
1587 2352 1760 2394 nondum
1792 2363 1886 2392 nato

83 2421 205 2449 annos
227 2410 539 2462 quatuordecim:
570 2422 666 2451 unus
692 2412 785 2452 item
810 2423 860 2452 ex
896 2422 999 2461 equo
1025 2410 1176 2463 lapsus,
1206 2413 1303 2452 inter
1336 2413 1413 2464 ipsa
1440 2414 1660 2466 nuptiarum
1688 2411 1852 2465 tripudia
1872 2441 1886 2461 ,

81 2469 298 2522 Principem
316 2471 500 2522 joannem
517 2471 668 2524 Regum
684 2470 976 2512 Catholicorum
993 2468 1113 2511 filium
1126 2472 1350 2524 prohibuit,
1380 2484 1459 2525 quo
1473 2474 1597 2514 minus
1617 2485 1702 2514 eam
1721 2473 1888 2526 prehen-

84 2527 178 2568 dere
208 2532 392 2583 potuerit.

240 2587 277 2639 §.
307 2589 499 2631 Ponderet
527 2588 709 2642 praeterea
739 2587 921 2643 Princeps
952 2588 1193 2630 habilitatem
1216 2588 1290 2630 suae
1306 2599 1459 2630 manus:
1489 2587 1730 2631 occasionem
1758 2591 1796 2631 δε
1813 2589 1887 2643 jus,

83 2659 134 2688 ne
152 2649 281 2699 plures
299 2658 443 2691 temere
463 2649 567 2690 faces
588 2647 769 2703 suscipere
790 2651 949 2699 audeat,
981 2661 1094 2702 quam
1117 2659 1181 2689 aut
1197 2648 1395 2699 successio‚
1426 2659 1491 2689 aut
1508 2649 1647 2691 electio
1664 2652 1830 2704 legitima
1844 2650 1887 2692 il·

81 2708 110 2748 li
136 2706 394 2749 concefferint.
455 2708 494 2749 Si
512 2708 774 2751 confideraffet
797 2709 894 2750 istud
923 2721 1011 2750 cum
1029 2711 1155 2748 animo
1181 2710 1247 2749 suo
1268 2708 1481 2750 Fridericus
1506 2711 1651 2751 Comes
1675 2708 1886 2760 Palatinus,

82 2778 280 2819 nunquam
302 2766 505 2808 Ele&orali
529 2768 731 2821 dignitate,
759 2782 954 2823 nunquam
984 2769 1196 2822 provinciis
1222 2766 1294 2809 suis
1319 2780 1364 2809 ac
1384 2770 1598 2811 honoribus
1622 2780 1699 2811 tam
1726 2770 1888 2812 infelici·

85 2835 147 2865 ter
172 2825 389 2876 excidiffet‚
418 2838 578 2882 propter
595 2828 840 2871 ambitionem
873 2830 1039 2869 Coronae
1067 2828 1300 2870 Bohemicae.
1359 2829 1411 2869 Et
1428 2829 1515 2871 sane
1542 2830 1657 2884 longe
1678 2834 1812 2873 melius
1831 2830 1888 2872 su·

80 2896 148 2924 um
171 2885 393 2926 confecisset
408 2881 644 2933 curriculum
661 2888 748 2930 Rex
776 2890 938 2931 Carolus
959 2888 1244 2941 Neapolitanus
1262 2887 1289 2930 fi
1314 2889 1422 2942 regni
1445 2888 1499 2930 sui
1523 2902 1730 2932 contentus
1768 2888 1855 2932 face
1870 2919 1885 2940 ,

83 2956 164 2986 non
190 2947 229 2986 in
255 2945 489 2998 Hungariam
502 2939 621 2988 ,etiam
642 2959 794 2991 manum
815 2950 978 3002 adjicere
1000 2946 1236 2996 attentass‘et,
1253 2947 1321 2990 ubi
1335 2949 1480 2991 idcirco
1497 2962 1653 2993 veneno
1673 2953 1827 2994 interiit.

240 3005 275 3056 §.
307 3006 468 3046 Nemini
485 3006 588 3046 alteri
602 3019 689 3047 eam
703 3007 814 3050 facile
843 3011 1059 3050 committat
1080 3008 1288 3061 Princeps,
1317 3019 1445 3061 neque
1472 3010 1593 3062 finat,
1622 3022 1666 3051 ut
1689 3013 1770 3063 quis
1791 3011 1885 3049 alius

85 3073 239 3104 manum
261 3067 295 3105 ei
319 3066 526 3106 admoveat
545 3096 557 3115 ,
587 3079 675 3106 cum
691 3069 920 3110 authoritate
942 3071 1068 3110 nimia.
1130 3069 1336 3122 Imperium
1359 3071 1462 3110 enim
1479 3072 1699 3112 societatem
1728 3081 1805 3109 non
1818 3082 1885 3121 pa-

82 3122 196 3171 titur,
223 3122 297 3179 (b)
324 3126 393 3166 suo
414 3128 528 3167 etiam
545 3128 643 3180 patri
668 3126 767 3181 Regi
783 3129 986 3181 Alphonso
1010 3129 1181 3181 Sapienti
1211 3129 1348 3169 taedam
1372 3130 1471 3170 hanc
1499 3131 1521 3172 e
1538 3131 1710 3173 manibus
1735 3130 1883 3182 eripere

1038 3188 1075 3228 T
1104 3199 1131 3230 2
1769 3201 1884 3230 conae

1625 3250 1882 3262 ...βψ-...αξ

185 3279 243 3324 (a)
257 3281 347 3318 Mar.
360 3282 437 3320 hist.
451 3283 549 3335 Hisp.
577 3280 640 3327 lib.
663 3296 719 3325 12.
733 3296 806 3335 cap.
834 3291 868 3325 6.
920 3289 980 3334 (b)
1001 3290 1100 3327 Idem
1119 3287 1411 3339 Hist.Hisp.l.14.
1439 3301 1468 3328 c.
1491 3299 1523 3333 ς,
