2132 3730
487 219 1470 265 SYMBOLAPOLITJCA.
1803 225 1883 272 381

16 324 17 327 ¹
80 319 146 348 aut
166 308 217 348 illi
231 308 270 347 in
289 303 496 345 commoda
510 304 576 344 sua
591 307 741 358 privata
757 307 924 346 unanimi
946 305 1126 345 consensu
1157 306 1394 356 conspirent,
1426 301 1553 342 aetum
1583 303 1654 342 erit
1676 300 1725 339 de
1746 300 1883 340 Princi-

16 364 17 367 '
78 381 130 419 pe
161 371 318 419 ejusque
345 362 466 415 statu,
497 376 625 417 neque
650 365 822 405 adhiberi
854 366 998 417 poterit
1022 364 1256 412 remedium,
1287 366 1374 416 quia
1406 376 1486 403 non
1517 363 1585 402 alia
1601 372 1742 410 manu,
1772 372 1887 411 quam

77 427 327 480 ipsorummet
353 423 618 465 Ministrorum
636 425 675 464 id
701 423 782 464 fieri
800 426 1012 478 oportebit.
1073 424 1223 464 Verum
1250 424 1278 463 s1
1299 422 1458 464 honesta
1487 424 1548 461 illa
1572 424 1670 461 inter
1690 419 1890 460 Ministros

76 488 119 527 &
141 485 322 539 generosa
338 485 527 524 aemulatio
545 485 584 524 in
606 484 738 525 odium
758 484 796 524 &
811 487 1044 526 inimicitiam
1053 484 1280 538 degeneret,
1311 484 1445 523 eadem
1466 483 1609 521 creabit
1626 479 1891 528 incommoda;

78 548 196 598 magis
213 546 313 585 enim
332 553 444 584 erunt
460 543 630 595 solliciti,
658 556 701 584 ut
718 557 816 584 unus
840 547 946 586 alteri
961 544 1218 593 contradicat,
1250 544 1289 583 δε
1308 544 1461 584 consilia
1478 542 1727 593 actionesque
1736 540 1890 580 alterius

77 615 255 656 evertat,
286 616 400 656 quam
415 613 458 643 ut
479 605 625 645 bonum
643 606 839 657 publicum
866 606 902 645 &
922 606 1104 657 Principis
1123 605 1174 644 sui
1196 604 1420 656 obsequium
1441 611 1712 654 promoveant.
1773 600 1891 652 Quis-

76 677 155 718 que
170 666 260 707 suos
290 664 408 704 habet
432 665 577 704 amicos
602 665 640 705 &
670 665 868 713 fautores,
900 665 938 705 δε
966 667 1103 717 vulgus
1125 663 1237 703 facile
1263 664 1311 703 ad
1334 665 1498 716 partium
1524 660 1645 701 studia
1673 661 1891 707 inducitur,

0 731 15 765 ’ἰ
77 725 182 765 unde
198 724 386 764 tumultus
404 724 493 764 oriri
515 725 638 765 solent
663 725 701 764 &
721 724 978 769 diffenfiones.
1037 724 1133 765 Eam
1157 725 1209 763 ob
1243 726 1392 763 eausam
1417 718 1579 774 junxere
1610 721 1647 760 se
1676 720 1823 760 Drusus
1850 718 1888 758 &-

13 830 42 839 ..
77 785 355 834 Germanicus,
385 795 435 823 ne
457 783 562 824 forte
577 784 729 826 afflante
752 797 885 825 eorum
918 785 1055 825 favore
1082 785 1269 824 cresceret
1305 783 1574 823 discordiarum
1602 780 1775 828 flamma,
1807 791 1893 830 quae

13 886 15 889 .
75 847 114 886 in
138 843 283 884 Tiberii
312 845 454 896 palatio
477 844 652 885 succensa
673 844 810 885 fuerat.
871 844 932 885 Ex
954 858 1033 896 quo
1053 844 1145 884 illud
1161 846 1272 883 etiam
1283 843 1426 896 liquet,
1457 842 1570 893 quarn
1585 852 1788 881 erroneum
1810 839 1894 878 fue-

13 899 15 904 ’
78 907 127 946 rit
146 904 314 957 Lycurgi
331 904 538 955 judicium,
570 908 634 957 qui
650 906 748 946 inter
769 906 897 958 Reges
922 904 1231 945 Lacedemonios
1248 904 1452 943 discordias
1476 900 1754 948 disseminabat,
1780 899 1893 950 jube-

79 967 225 1017 batque
251 974 294 1004 ut
316 964 344 1003 fi
361 965 426 1016 qui
449 967 586 1017 procul
601 964 778 1006 mittendi
798 964 917 1005 essent
939 965 1095 1017 Legati,
1126 964 1173 1004 ad
1202 964 1241 1003 id
1273 965 1439 1004 muneris
1461 964 1682 1014 legerentur
1715 962 1760 1007 ii,
1792 961 1894 998 inter

77 1037 178 1078 quos
203 1025 399 1064 inimicitia
426 1026 550 1077 aliqua
580 1025 849 1066 intercederet.
908 1025 961 1066 Et
987 1025 1174 1065 habemus
1202 1025 1275 1064 hac
1305 1022 1432 1064 nostra
1468 1032 1580 1061 aetate
1611 1022 1792 1073 exempla
1813 1030 1895 1058 non

76 1097 201 1139 pauca
224 1085 450 1124 damnorum
466 1086 735 1137 publicorum,
767 1097 932 1137 quorum
954 1087 1061 1125 causa
1082 1084 1154 1124 fuit
1176 1084 1361 1124 dillidium
1382 1081 1671 1129 Ministrorum‚
1703 1082 1767 1132 qui
1786 1077 1897 1119 simul

11 1149 13 1154 '
79 1145 168 1187 miffi
193 1144 344 1185 fuerant
373 1144 422 1183 ad
451 1157 569 1184 unum
596 1145 751 1197 aliquod
775 1147 975 1198 negotium
1001 1143 1335 1197 pertratftandum,
1365 1155 1414 1183 eo
1441 1141 1549 1194 quod
1582 1141 1823 1188 crederetur,
1855 1140 1898 1179 il-

10 1226 13 1231 <
78 1207 152 1247 lam
170 1205 285 1257 ipsam
308 1206 588 1245 aemulationem
608 1207 651 1245 iis
671 1204 821 1246 stimulo
839 1205 946 1255 fore,
977 1215 1020 1245 ut
1041 1218 1155 1257 quam
1173 1203 1322 1257 optime
1342 1216 1424 1244 rem
1445 1201 1695 1242 conficerent.
1758 1199 1895 1239 Unum

11 1270 13 1280 ¹
80 1264 135 1305 est
152 1265 335 1316 Principis
352 1265 604 1316 obsequium,
634 1277 707 1305 nec
725 1265 830 1305 τεᾶὶε
845 1267 966 1306 curari
988 1265 1142 1317 potest,
1170 1265 1238 1305 nisi
1262 1277 1331 1316 per
1355 1276 1447 1313 eos,
1479 1263 1544 1314 qui
1573 1259 1789 1301 concordes
1813 1259 1896 1298 sunt

10 1323 13 1376 ]
78 1328 176 1366 inter
198 1327 252 1364 se:
283 1336 362 1375 quo
390 1326 548 1364 nomine
575 1326 793 1377 Agricolam
812 1325 943 1365 laudat
962 1324 1142 1374 Tacitus,
1173 1325 1281 1376 quod
1306 1322 1380 1379 (a)
1402 1321 1583 1375 proculab
1602 1321 1812 1361 aettzztlatione
1833 1317 1897 1357 ad-

9 1392 13 1445 j
77 1397 145 1425 ver
157 1398 198 1423 us
213 1384 349 1434 collegas
371 1382 476 1422 esset.
536 1383 588 1422 Et
606 1382 693 1423 sane
712 1386 838 1423 minus
862 1384 1102 1424 incommodi
1127 1383 1201 1433 est,
1232 1397 1301 1436 per
1328 1381 1546 1423 Ministrum
1571 1383 1736 1432 aliquem
1755 1381 1897 1418 malum

9 1451 13 1493 ξ
77 1443 234 1496 aliquod
253 1444 331 1496 geri
351 1443 571 1494 negotium,
601 1440 716 1494 quam
734 1454 804 1494 per
831 1441 931 1483 duos
953 1444 1068 1482 etiam
1087 1444 1240 1492 bonos,
1269 1443 1298 1483 si
1320 1444 1418 1481 inter
1436 1453 1505 1481 eos
1526 1453 1607 1480 non
1640 1442 1724 1479 satis
1753 1450 1899 1478 conve-

9 1520 12 1552 3
78 1506 157 1547 niat
173 1503 229 1552 id,
261 1502 368 1553 quod
384 1514 469 1541 raro
487 1500 652 1541 feliciter
684 1502 803 1542 cedit.

9 1567 12 1578 ’
257 1562 294 1612 §.
327 1560 523 1601 Nobilitas
544 1562 710 1601 maxima
731 1561 917 1613 Principis
935 1562 1113 1601 securitas
1142 1560 1220 1609 est,
1250 1560 1288 1601 δε
1311 1561 1526 1613 periculum
1549 1560 1785 1602 maximumt
1815 1569 1899 1596 cor-

79 1635 153 1677 pus
176 1623 278 1662 enim
298 1620 352 1661 est
371 1620 579 1661 admodum
605 1630 769 1673 potens,
800 1620 908 1673 quod
929 1623 1133 1661 maximam
1152 1622 1276 1673 plebis
1290 1632 1439 1673 partem
1463 1618 1551 1673 post
1577 1621 1614 1659 se
1643 1619 1770 1658 trahit.
1803 1617 1900 1657 Cru-

82 1693 172 1725 enta
201 1683 313 1722 nobis
337 1683 516 1733 exempla
539 1679 723 1733 Hispania
751 1681 790 1721 δε
821 1680 978 1721 Francia
1006 1679 1275 1734 suppeditantt
1308 1682 1370 1720 illa
1392 1680 1632 1731 temporibus
1672 1679 1872 1729 praeteritis
1889 1706 1902 1726 ,

80 1745 164 1785 haec
185 1742 323 1782 saeculis
345 1742 524 1781 omnibus
544 1740 716 1781 remedia
737 1741 850 1792 sunt,
879 1741 979 1782 illam
1003 1739 1198 1781 beneficio
1224 1742 1499 1786 aemulationis,
1532 1752 1619 1779 cum
1646 1737 1747 1777 dieta
1772 1748 1901 1776 tamen

82 1802 352 1845 moderatione
381 1802 403 1841 a
433 1802 570 1854 plebe,
594 1800 632 1840 δε
654 1800 675 1840 a
703 1801 819 1854 seipsa
844 1801 995 1841 servare
1022 1801 1199 1841 divisam:
1232 1802 1486 1853 multiplicare
1522 1801 1635 1848 item,
1669 1798 1705 1837 δε
1734 1799 1899 1849 aequales

82 1862 245 1905 reddere
267 1862 470 1903 Nobilium
486 1863 618 1901 titulos
640 1873 685 1900 ac
706 1861 933 1915 dignitates:
963 1859 1138 1902 fortunas
1159 1862 1374 1901 eorundem
1402 1861 1589 1900 insumere
1609 1863 1647 1899 in
1677 1858 1902 1898 ostentatio-

83 1935 153 1965 nes
169 1924 364 1975 publitasz
393 1922 600 1976 generosos
618 1933 756 1962 eorum
775 1923 922 1962 animos
943 1922 1171 1974 impendere
1186 1921 1380 1961 laboribus
1401 1921 1438 1960 &
1453 1922 1630 1972 periculis
1659 1919 1825 1958 bellicis:
1847 1917 1901 1956 di-

84 1983 250 2024 strahere
277 1995 411 2022 eorum
429 1981 550 2021 studia
569 1982 896 2036 occupationibus
917 1983 1048 2035 paciS,
1077 1982 1115 2022 δι
1139 1981 1378 2021 sublimiores
1410 1980 1559 2032 spiritus
1583 1980 1780 2020 servilibus
1808 1979 1901 2017 aulae

85 2039 277 2095 obsequiis
297 2042 525 2098 deprimere.

583 2213 1236 2283 SYMBOLUM
1288 2215 1427 2282 XC.

146 2365 191 2408 N
215 2365 411 2420 Scriptura
432 2364 533 2406 sacra
547 2363 677 2417 Reges
705 2362 834 2404 fluviis
853 2373 1139 2416 comparantur.
1199 2365 1255 2402 lta
1275 2363 1431 2416 intelligi
1461 2361 1579 2402 debet
1608 2361 1702 2402 illud
1730 2361 1902 2415 Prophe-

177 2436 225 2466 tae
243 2427 459 2476 Habacuc,
491 2424 580 2464 cum
601 2424 698 2464 dixit
712 2422 846 2464 Deum
861 2423 1052 2464 sciffurum
1072 2423 1216 2464 fluvios
1254 2421 1324 2480 (b)
1356 2432 1489 2469 terrae;
1523 2434 1602 2474 quo
1639 2424 1798 2462 innuere
1831 2434 1903 2462 vo-

178 2485 283 2526 lebat
302 2486 508 2525 divisurum
541 2483 676 2524 Deum
702 2483 917 2535 potentiam
943 2483 982 2522 &
1003 2485 1104 2523 vires
1133 2495 1290 2532 eorum,
1321 2484 1387 2535 qui
1413 2492 1547 2523 contra
1577 2483 1768 2534 populum
1792 2483 1902 2523 suum

89 2558 195 2591 arma
215 2544 470 2596 sumpsissent,
502 2542 540 2583 id
557 2542 664 2594 quod
689 2553 872 2594 expertus
889 2541 943 2582 est
962 2541 1096 2582 David
1122 2545 1159 2583 in
1180 2543 1288 2583 clade
1303 2544 1388 2592 illa,
1419 2555 1534 2594 quam
1555 2540 1774 2581 Philisthaeis
1802 2543 1902 2582 intu-

87 2611 153 2658 lit,
183 2606 221 2646 &
238 2604 363 2659 palam
383 2602 575 2645 confessus
593 2603 824 2642 exclamavit
843 2615 853 2640 ε
882 2601 1019 2654 Divffit
1035 2603 1206 2643 Dmninus
1221 2605 1369 2643 inimicos
1392 2615 1478 2642 meos
1506 2614 1619 2641 coram
1643 2614 1713 2651 me,
1739 2600 1822 2648 ficut
1850 2601 1903 2642 di-

87 2668 262 2711 viduntur
293 2678 407 2720 aquae.
477 2662 642 2703 Nullum
671 2662 860 2701 efficacius
888 2662 1085 2712 medium,
1116 2662 1164 2702 ad
1194 2661 1435 2703 sternendam
1465 2662 1680 2714 potentiam
1717 2661 1902 2713 aliquam,

92 2740 208 2782 quam
236 2725 395 2774 divisio,
422 2735 511 2764 nam
529 2724 592 2762 vel
615 2724 779 2762 maxima
799 2723 935 2771 etiam,
965 2721 994 2761 si
1011 2721 1203 2762 dividatur
1214 2721 1384 2762 resistere
1393 2722 1491 2761 ultr‘a
1501 2734 1581 2761 non
1598 2720 1739 2774 potest.
1770 2721 1902 2774 Quam

90 2785 255 2841 superbe
275 2787 371 2825 intra
397 2786 550 2823 alveum
570 2782 676 2822 suum
701 2781 868 2822 decurrit
893 2781 1059 2832 flumen,
1090 2782 1128 2821 &
1143 2783 1335 2835 perruptis
1364 2783 1479 2822 etiam
1501 2783 1591 2834 ripis
1616 2791 1733 2833 atque
1761 2782 1902 2835 aggeri-

90 2852 164 2890 bus
196 2858 321 2888 novas
347 2845 415 2885 sibi
441 2846 523 2883 vias
554 2844 696 2896 aperit3
726 2851 765 2881 at
787 2842 816 2882 sl
844 2843 883 2882 in
905 2843 1031 2882 varios
1060 2841 1262 2883 diducatur
1289 2843 1463 2892 rivulos,
1494 2843 1595 2881 vires
1623 2841 1836 2890 amittit‚&
1858 2840 1903 2880 fit

92 2908 271 2950 omnibus
298 2906 488 2958 pervium.
548 2902 603 2942 Ita
625 2901 764 2941 Fluvio
780 2901 914 2952 Gyndi
937 2901 1096 2951 accidit,
1125 2915 1213 2943 nam
1239 2914 1327 2942 cum
1353 2903 1392 2942 in
1420 2914 1470 2942 eo
1500 2914 1622 2954 equus
1645 2902 1780 2953 aliquis
1803 2901 1902 2953 Regi

92 2971 203 3020 Cyro
224 2967 394 3019 inprimis
417 2964 550 3003 charus
568 2962 671 3002 forte
688 2961 898 3002 submersus
918 2961 1066 3012 fuisset,
1097 2972 1300 3015 tantopere
1324 2964 1354 3001 is
1373 2963 1510 3002 exarsit
1531 2961 1743 3010 iracundia,
1773 2970 1815 2999 ut
1829 2960 1902 3011 jus-

94 3030 182 3070 serit
198 3027 300 3069 illico
318 3027 354 3066 in
372 3035 528 3064 centum
549 3022 587 3062 &
608 3022 796 3073 sexaginta
820 3024 965 3062 rivulos
982 3035 1070 3062 eum
1091 3023 1232 3071 dividi,
1262 3034 1341 3074 quo
1371 3020 1476 3062 fado
1506 3022 1543 3062 δε
1566 3033 1709 3062 nomen
1734 3020 1902 3073 perdidit

95 3090 136 3130 &
154 3087 452 3141 magnitudinem
471 3115 483 3133 ‚
514 3084 657 3135 quique
693 3093 804 3121 antea
825 3084 891 3122 vix
914 3093 1054 3135 pontes
1079 3082 1251 3132 ferebat,
1281 3081 1415 3134 postea
1446 3081 1468 3122 a
1497 3092 1732 3134 quocunque
1771 3080 1902 3120 vadari

94 3159 261 3202 poterat.
319 3146 380 3186 Εὸ
398 3142 592 3198 Γρεξὲαῦειῑ
621 3142 843 3191 consilium,
873 3142 1148 3242 qigdiqduiddqim
1187 3143 1376 3184 dederunt
1409 3142 1564 3182 Senatui
1594 3142 1775 3181 Romano
1806 3151 1900 3180 tem-

1830 3213 1901 3253 ΡΟ-

193 3306 258 3356 (a)
283 3306 399 3346 Tacit.
416 3307 455 3346 in
468 3305 545 3345 vita
564 3303 689 3355 Agric.
742 3305 803 3352 (b)
828 3301 1111 3350 Fluviosfiina'es
1125 3311 1237 3339 terra.
1266 3301 1403 3337 Habac.
1424 3308 1459 3345 3.
1481 3308 1540 3335 10.
