2132 3730
485 242 1456 305 SYMBO.LAPOL1TICA.
1783 277 1867 322 359

210 380 212 382 ,
243 332 379 395 'Quare
396 354 481 383 cum
500 352 645 384 tantum
663 344 956 391 intersitbonos,
973 346 1114 390 habere
1132 348 1269 385 milites
1283 377 1295 395 ,
1327 346 1535 387 curandum
1554 345 1788 401 Principibus
1815 349 1870 389 se-

77 399 190 449 dulo,
221 412 262 440 ut
282 402 428 441 honore
447 402 483 442 &
500 401 700 443 favoribus
729 415 797 443 eos
817 406 1105 457 prosequantur.
1167 404 1336 446 Militem
1370 407 1512 446 sortem
1549 406 1637 450 Saul
1660 407 1808 449 ferebat
1831 410 1870 449 in

74 461 194 498 oculis
212 489 223 505 ‚
262 473 332 499 nec
364 474 528 513 unquam
550 462 570 501 ὲ
594 463 659 502 suo
683 464 798 503 latere
819 463 1045 506 dimittebat.
1122 464 1322 505 Proemium
1350 467 1387 506 δε
1411 466 1538 506 honor
1555 479 1623 506 eos
1653 470 1871 521 reperiunt,

73 515 164 557 facit
183 531 276 559 vero
294 523 534 562 exercitium:
564 521 640 576 (a)
659 531 788 575 pancos
814 526 914 565 enim
940 528 1038 566 viros
1061 522 1174 571 fortes
1193 532 1324 565 natura
1335 534 1524 578 procreat,
1555 525 1640 567 hond
1658 517 1871 584 institutione

62 577 185 628 plures
203 578 317 619 reddit
335 580 415 620 indu
445 583 514 621 ria.
574 581 671 622 Haec
695 594 783 622 cura
805 583 879 624 effe
901 584 1018 625 debet
1041 585 1340 634 Centurionum,
1371 585 1693 637 Chiliarcharum,
1724 600 1769 629 ac
1783 587 1870 629 Du-

73 648 160 676 cum
179 639 338 689 perinde
365 652 408 679 ac
432 639 504 681 fuit
524 640 676 694 Sopher
696 642 880 696 Principis
912 647 1120 691 exercitus,
1150 645 1214 695 qui
1243 646 1386 684 tirones
1415 643 1490 698 (b)
1523 648 1784 695 exercitabat3
1815 658 1871 689 at·

73 707 149 747 que
167 696 264 737 adeo
283 698 477 750 supremos
496 700 691 741 Du&ores
712 701 821 742 sacrae
852 704 969 742 literae
994 702 1199 756 Magistros
1227 702 1397 743 Militum
1425 713 1592 752 vocant,
1624 719 1788 757 quorum
1812 712 1871 751 vi..

72 754 210 795 delicet
230 761 394 799 muneris
416 760 460 799 iit
482 773 550 800 eos
568 760 748 802 instruere
769 762 806 802 &
832 762 1010 819 erudire3
1039 762 1240 816 quomodo
1272 763 1340 817 (c)
1370 763 1616 815 Putipharem
1646 768 1840 818 appellant
1856 801 1869 819 ,

72 813 109 854 δι
127 814 383 857 Nabuzardan
415 818 489 872 (d)
519 822 659 860 militiae
685 821 910 874 Principem.

5 887 8 891 “
244 876 392 918 Verum
413 880 500 929 quia
522 879 615 919 istuc
637 882 690 920 ob
715 881 986 934 indulgentiam
1002 881 1155 921 nimiam
1179 880 1335 920 Ducum
1361 889 1476 931 atque
1492 882 1693 932 incuriam,
1722 885 1870 935 aliaque

71 933 108 972 in
125 933 228 973 bello
251 938 542 987 impedimenta,
575 939 676 980 haud
696 939 810 980 facile
824 943 862 981 in
885 942 1020 993 praxin
1046 940 1244 993 redigitur,
1275 939 1504 992 tempestive
1536 942 1665 993 potius
1691 948 1869 995 praeverti

72 991 249 1038 deberet:
282 1009 355 1046 qua
375 1000 411 1036 in
433 1011 472 1036 re
488 999 636 1050 grandis
655 1000 871 1053 Principum
890 1000 927 1040 &
951 999 1334 1053 Rerumpublicarum
1354 998 1408 1039 est
1437 1001 1673 1053 negligentia.
1735 1002 1810 1043 Pro
1828 1006 1872 1043 li-

77 1061 240 1094 terarum
265 1055 392 1096 studiis
409 1060 568 1110 collegia
592 1060 807 1111 eriguntur,
838 1059 876 1100 &
903 1071 976 1111 pro
999 1061 1140 1100 virtute
1157 1060 1385 1099 Conventus
1405 1059 1441 1099 &
1463 1059 1717 1111 Monasteria3
1745 1063 1783 1102 in
1801 1066 1868 1103 mi·

70 1111 201 1153 litante
217 1113 385 1156 Ecclelia
403 1116 607 1158 Seminaria
620 1118 723 1168 sunt,
751 1121 789 1159 in
805 1120 941 1170 quibus
970 1118 1184 1160 formentur
1201 1120 1338 1159 milites
1356 1119 1582 1171 spirituales,
1613 1123 1677 1171 qui
1701 1133 1785 1162 eam
1805 1123 1871 1162 de-

70 1169 253 1222 fendant;
282 1177 381 1215 nulla
407 1189 479 1229 pro
503 1177 749 1218 saecularibus.
808 1177 919 1218 Solus
941 1178 975 1217 T
979 1191 1066 1218 urca
1087 1179 1179 1219 illud
1196 1179 1302 1218 cordi
1320 1179 1454 1227 habet,
1486 1181 1550 1230 qui
1566 1191 1653 1219 eum
1689 1182 1727 1220 in
1752 1181 1870 1222 finem

6 1237 10 1243 ·
71 1230 255 1273 collectos
278 1247 326 1275 ex
348 1238 453 1276 omni
473 1236 646 1278 Natione
660 1250 801 1289 pueros
819 1241 929 1278 certis
953 1240 1047 1278 locis
1070 1238 1267 1278 concludit
1282 1269 1295 1287 ‚
1324 1237 1361 1278 &
1392 1240 1429 1277 in
1463 1250 1654 1279 armorum
1685 1243 1872 1281 exercitio

70 1291 223 1332 educari
241 1307 365 1341 curat,
398 1295 500 1335 unde
527 1296 613 1348 post
638 1296 896 1349 Janizerorum
923 1297 1136 1338 formantur
1167 1299 1310 1350 copiae,
1341 1299 1403 1348 qui
1429 1297 1515 1337 cum
1550 1299 1663 1338 alium
1696 1300 1868 1349 Patrem,

70 1361 133 1388 aut
151 1351 363 1393 Dominum
388 1367 467 1394 non
483 1357 687 1408 agnoscant
709 1366 845 1407 praeter
869 1358 990 1407 ipsum
1009 1357 1173 1396 Tuscani
1189 1387 1199 1404 ‚
1231 1359 1464 1408 praecipuum
1490 1356 1641 1408 Imperii
1664 1359 1778 1410 ipsius
1809 1372 1870 1399 ro-

70 1409 142 1448 bur
167 1411 250 1451 sunt
269 1413 305 1452 ἃ
329 1415 460 1453 tutela.
519 1414 627 1453 Idem
644 1413 772 1453 facere
799 1414 985 1454 deberent
1004 1415 1200 1454 Christiani
1223 1416 1415 1465 Principes
1448 1417 1485 1454 in
1515 1415 1789 1457 celebrioribus
1818 1421 1870 1458 ci-

7 1501 11 1507 .
70 1470 276 1520 vitatibus,
307 1471 524 1526 colligendo
553 1475 592 1513 in
622 1471 837 1513 Seminariis
863 1486 1005 1524 pueros
1028 1475 1242 1525 orphanos,
1274 1474 1494 1525 expositos,
1523 1476 1560 1513 &
1587 1477 1701 1524 alios,
1731 1478 1796 1517 ubi
1817 1479 1868 1518 iu-

68 1527 299 1570 struerentur
326 1533 364 1571 in
392 1534 583 1572 exercitiis
611 1532 855 1581 militaribus,
881 1534 948 1572 ubi
973 1533 1238 1572 condiscerent
1264 1531 1451 1573 fabricare
1476 1545 1598 1584 arma,
1628 1535 1784 1576 nectere
1813 1537 1873 1577 fu-

71 1599 160 1637 neS,
190 1590 382 1631 conficere
399 1594 600 1643 pulverem
626 1592 777 1643 pyrium
793 1622 803 1639 ‚
833 1591 870 1631 &
895 1592 965 1630 alia
994 1593 1084 1632 belli
1109 1594 1364 1641 munimenta,
1393 1602 1436 1631 ut
1459 1592 1548 1632 inde
1569 1593 1701 1644 postea
1726 1595 1774 1635 ad
1800 1597 1871 1637 ob·

9 1683 11 1687 .
72 1648 196 1699 sequia
212 1650 249 1689 δε
268 1651 389 1689 officia
409 1652 579 1690 militaria
596 1650 795 1702 prodirent
813 1650 992 1702 aptiores.
1054 1650 1206 1691 Poss'ent
1228 1653 1342 1690 etiam
1364 1653 1471 1701 pueri
1496 1652 1647 1692 educari
1671 1655 1709 1694 in
1736 1665 1870 1707 portu.

9 1748 11 1752 ,
69 1708 141 1746 bus
170 1709 206 1748 (ἵε
229 1712 520 1750 armamentariis
542 1712 700 1750 nauticis
715 1740 729 1759 ‚
756 1711 822 1749 ubi
841 1720 959 1749 artem
984 1711 1185 1762 navigandi
1208 1710 1230 1748 a
1257 1712 1396 1750 teneris
1416 1712 1519 1749 annis
1541 1713 1789 1763 imbiberent,
1811 1717 1868 1755 vi-

71 1767 283 1821 derentque
305 1769 506 1821 quomodo
528 1769 801 1810 constituendae
818 1770 988 1809 triremes
1014 1770 1050 1809 &
1070 1782 1210 1817 naves,
1240 1769 1405 1809 texenda
1427 1772 1534 1818 vela,
1555 1771 1784 1813 conficiendi
1809 1788 1869 1813 ru-

70 1827 228 1877 dentes;
263 1842 342 1880 quo
361 1828 494 1879 fieret,
526 1840 568 1869 ut
585 1839 857 1882 expurgaretur
880 1829 1115 1881 Respublica
1138 1830 1158 1868 a
1180 1828 1275 1869 faece
1297 1828 1363 1869 ista
1387 1830 1701 1880 vagabundorum
1715 1864 1726 1881 ,
1755 1835 1872 1874 habe·

9 1882 12 1923 Ϊ
69 1898 205 1940 retque
222 1901 385 1941 quorum
416 1901 535 1941 opera
555 1891 591 1929 in
609 1890 750 1928 artibus
774 1889 994 1928 militaribus
1015 1890 1070 1928 uti
1092 1888 1234 1940 posset,
1265 1889 1476 1940 sumptibus
1509 1889 1796 1933 sustentationes
1819 1906 1869 1935 ex

69 1949 150 1999 ipso
168 1948 304 1988 diurno
327 1948 555 2000 singulorum
579 1959 699 2000 opere
716 1946 908 1996 collectis,
939 1949 1004 1999 qui
1032 1948 1058 1987 fi
1075 1946 1178 1987 forte
1193 1960 1271 1986 non
1289 1949 1521 1998 sufficerent,
1553 1960 1656 1990 certa
1673 1953 1794 2003 aliqua
1817 1956 1868 1993 le*

68 2019 115 2059 ge
136 2008 265 2048 sanciri
292 2007 440 2059 posset,
469 2015 512 2046 ut
533 2019 583 2046 ex
603 2007 782 2047 omnibus
798 2007 869 2058 piis
887 2008 1069 2059 operibus
1091 2017 1154 2046 aut
1178 2008 1309 2060 legatis
1328 2009 1435 2046 tertia
1451 2020 1585 2048 eorum
1611 2022 1696 2061 pars
1722 2012 1869 2065 affigna·

9 2111 11 2113 v
68 2078 172 2108 retur
191 2067 376 2118 ejusmodi
394 2067 632 2107 Seminariis:
660 2077 787 2119 neque
806 2067 906 2107 enim
925 2068 1047 2107 minus
1063 2076 1256 2106 merentur
1275 2068 1340 2119 qui
1357 2065 1570 2108 defendunt
1589 2071 1714 2110 altaria
1728 2101 1738 2120 ,
1756 2073 1870 2123 quam

69 2129 134 2180 qui
158 2127 292 2167 eadem
318 2128 520 2167 incensant.

242 2186 417 2226 Proderit
436 2187 548 2225 etiam
569 2196 649 2224 non
676 2195 810 2236 parum
828 2183 874 2222 ad
892 2181 1060 2224 militiam
1087 2183 1405 2233 conservandam,
1438 2184 1465 2225 si
1497 2189 1665 2227 aerarium
1691 2189 1870 2232 bellicum

69 2246 226 2286 dotetur
247 2245 431 2286 reditibus
450 2246 562 2284 certis
579 2244 615 2284 &
637 2242 737 2284 statis
751 2272 764 2292 ,
796 2244 860 2294 qui
878 2245 915 2282 in
933 2245 1025 2282 alios
1048 2243 1131 2282 usus
1150 2255 1227 2282 non
1257 2244 1535 2296 impendantur‘
1600 2247 1654 2286 Ita
1680 2248 1871 2301 Augustus

10 2292 14 2297 ¹
69 2305 165 2346 fecit
188 2305 417 2358 applicando
436 2307 470 2345 ei
488 2306 541 2344 rei
566 2313 715 2356 partem
741 2302 929 2343 decimam
952 2304 1124 2343 omninm
1156 2303 1420 2344 haereditatum
1454 2304 1491 2344 δε
1517 2307 1748 2358 legatorum,
1782 2321 1869 2349 cen·

69 2365 240 2407 tesimam
265 2365 364 2406 vero
394 2377 520 2406 rerum
549 2364 764 2410 venalium;
795 2375 908 2415 quam
937 2361 1210 2403 institutionem
1247 2362 1424 2403 Tiberius
1450 2364 1605 2416 postea,
1637 2367 1869 2419 deprecante

70 2429 185 2466 etiam
206 2426 368 2475 Senatu,
398 2427 535 2466 tollere
554 2424 698 2472 noluit,
727 2422 776 2462 eo
797 2423 902 2475 quod
927 2423 1090 2462 subsidio
1104 2422 1169 2462 illo
1191 2425 1357 2462 aerarium
1383 2425 1542 2464 militare
1570 2425 1639 2480 (e)
1669 2429 1866 2474 niteretur,

69 2486 187 2526 Simili
213 2486 360 2524 ratione
379 2486 546 2525 aerarium
569 2482 874 2535 Neapolitanum
896 2482 1098 2522 dotaverat
1118 2483 1252 2522 Petrus
1267 2483 1411 2522 Comes
1437 2484 1485 2523 de
1501 2483 1665 2536 Lemos,
1695 2498 1734 2527 at
1757 2502 1869 2530 aemu-

70 2548 161 2588 latio
182 2546 320 2585 evertit
333 2543 466 2597 postea
484 2542 590 2596 quod
605 2545 691 2585 zelo
710 2543 859 2594 optimo
886 2542 920 2580 δε
939 2543 1222 2592 prudentiffimo
1240 2544 1270 2582 is
1295 2542 1513 2583 instituerat.

221 2609 257 2655 §.
287 2605 417 2655 Atque
434 2607 519 2647 haec
539 2615 628 2643 cura
650 2614 729 2643 non
752 2603 788 2640 in
805 2603 934 2641 militia
956 2599 1074 2640 solum
1092 2602 1261 2642 adhiberi
1286 2602 1423 2650 debet,
1455 2603 1590 2643 verum
1613 2606 1724 2645 etiam
1744 2608 1779 2646 in
1797 2611 1864 2648 eri-

70 2664 203 2717 gendis
222 2665 539 2716 propiignaculiS‚
566 2662 603 2702 δι
624 2662 797 2715 praesidio
819 2660 1027 2701 firmandis:
1059 2660 1125 2700 iste
1150 2662 1250 2701 enim
1290 2662 1459 2712 sumptus
1493 2665 1635 2703 multos
1668 2667 1759 2705 alios
1787 2680 1867 2720 gra-

68 2729 198 2766 viores
220 2735 358 2764 cavere
378 2723 528 2776 potest;
555 2723 631 2762 loci
653 2721 846 2762 infirmitas
863 2723 998 2760 invitat
1016 2720 1185 2766 hostem3
1214 2719 1346 2760 contra
1368 2722 1433 2761 vix
1450 2723 1647 2774 quisquam
1670 2737 1868 2779 oppugnat

71 2784 228 2833 statum,
256 2795 372 2835 quem
396 2781 564 2823 resistere
588 2780 695 2833 posse
721 2782 932 2822 arbitratur.
993 2779 1032 2819 Si
1067 2780 1171 2831 quod
1200 2781 1237 2819 in
1261 2780 1357 2819 ludis
1375 2811 1387 2829 ‚
1405 2781 1660 2833 spectaculis,
1690 2786 1727 2825 &
1754 2787 1867 2828 aedifi.

73 2848 138 2886 ciis
170 2843 403 2898 prodigitur‚
433 2843 532 2881 hanc
550 2844 589 2882 in
609 2853 689 2881 rem
713 2841 985 2888 insumeretur,
1014 2841 1220 2892 quietiores
1241 2840 1279 2879 &
1303 2839 1508 2882 securiores
1528 2844 1705 2885 viverent
1729 2846 1866 2887 Princi-

73 2919 168 2959 pes,
196 2905 234 2945 &
263 2903 366 2943 orbis
397 2902 593 2943 universus
624 2901 755 2951 majori
782 2913 879 2953 pace
910 2913 953 2940 ac
981 2901 1249 2952 tranquillitate
1275 2900 1478 2945 frueretur,
1540 2902 1805 2946 Diocletianus
1829 2908 1866 2947 &

75 2965 360 3006 Maximilianus
383 2961 636 3015 Imperatores
657 2962 793 3013 optimi
823 2959 992 3012 obsequii
1021 2958 1112 2998 loco
1139 2961 1351 3008 habebant,
1383 2960 1489 3012 quod
1524 2964 1675 3014 quidam
1707 2966 1865 3006 Provin-

875 3019 909 3059 X
925 3032 950 3059 x
968 3031 992 3058 x
1009 3031 1034 3058 x
1067 3032 1090 3058 2
1799 3027 1866 3066 <31ae

81 3082 1865 3099 —ss——ffl—*ffl———a—-Q—-ssq

175 3122 197 3168 s
201 3123 244 3169 a)
271 3123 403 3172 Veget.
458 3123 518 3167 (b)
543 3117 664 3172 Sopher
679 3120 868 3171 Principem
882 3120 1056 3157 exercitus
1067 3146 1074 3153 .
1100 3120 1163 3171 qui
1169 3114 1341 3170 probabat
1355 3120 1483 3156 tirones
1500 3119 1542 3156 a'e
1552 3120 1670 3172 populo
1689 3131 1802 3164 terrae,
1827 3139 1864 3172 4.

75 3175 167 3222 ch.
185 3186 244 3220 23.
274 3185 332 3219 19.
383 3174 446 3221 (c)
474 3173 686 3211 Madianitae
710 3170 945 3208 vendiderunt
960 3170 1040 3221 Josb
1061 3169 1084 3207 h
1105 3174 1143 3207 in
1166 3175 1306 3223 AEgypto
1327 3169 1513 3223 Putiphari
1540 3170 1691 3208 Eunucho
1715 3171 1866 3212 Pharao--

75 3227 131 3262 nis
150 3223 323 3276 Magtstro
345 3226 513 3264 militum.
539 3226 631 3263 Gen.
652 3237 708 3272 37.
735 3227 792 3272 36.
841 3226 900 3269 (d)
923 3182 1109 3276 Uansffaelit
1129 3219 1376 3259 Nabuzardm
1392 3221 1565 3275 *simgzstcr
1581 3224 1735 3262 militum
1744 3228 1782 3262 in
1797 3232 1863 3265 Ba-

15 3271 19 3325 ³}
76 3276 234 3330 bylonem.
262 3279 330 3326 jer.
364 3292 422 3327 39.
450 3292 486 3325 9.
539 3281 603 3325 (e)
634 3275 858 3324 Centestmam
880 3290 998 3313 rerum
1019 3276 1202 3313 venafrum
1231 3273 1386 3326 postbeffa
1405 3275 1532 3311 civilia
1544 3275 1865 3333 istssimnzmdepre.

16 3326 21 3364 ’ἓ
77 3339 180 3368 cante
186 3329 322 3381 populo,
348 3331 465 3368 edixit
485 3331 635 3370 ‘liberius
650 3328 810 3367 militare
824 3331 987 3366 ararium
1003 3343 1038 3365 eo
1050 3326 1197 3377 ffibsidio
1210 3329 1292 3364 niti.
1312 3327 1426 3364 Tacit.
1445 3327 1504 3364 lib.
1529 3341 1559 3365 ι.
1580 3329 1706 3367 Annal.
