2132 3730
227 267 308 306 342
682 247 1621 292 DIDACISAAVEDRAE

221 339 360 390 Regno
379 337 540 382 Siciliae,
570 336 607 372 in
625 333 731 384 quod
749 331 835 372 suos
858 333 1076 384 conjecerat
1101 334 1255 382 oculos,
1286 334 1389 373 illum
1419 333 1605 381 inhibuit,
1643 344 1692 372 ne
1724 331 2018 385 progrederetur

221 397 405 442 ulterius,
433 394 468 433 &
490 401 606 443 rupto
623 391 770 432 foedere
793 392 938 432 bellum
963 394 996 431 ei
1026 389 1180 442 indixit,
1209 392 1367 444 ejusque
1391 392 1546 432 consilia
1564 391 1789 444 diffipavit‚
1819 388 1910 431 inita
1934 403 2022 433 cum

220 455 446 507 Reipublica
469 450 655 518 Veneta,
686 450 844 503 aliisq'ue
861 452 1098 503 Principibus
1121 452 1316 495 societate
1377 453 1508 503 Atque
1540 464 1642 492 arma
1667 450 1792 491 isthaec
1814 452 1930 504 magis
1956 463 2024 491 ne-

221 514 368 555 cessaria
405 502 509 551 sunt
523 510 613 552 belli
660 521 866 563 tempore,
897 524 1010 563 quam
1045 512 1150 562 pacis
1177 524 1187 548 :
1218 512 1255 549 in
1295 511 1360 549 illo
1391 515 1491 551 enim
1519 511 1605 563 plus
1632 513 1821 563 ingenium
1853 510 1982 563 potest
2007 541 2020 560 ‚

220 585 331 626 quam
364 571 440 622 ipsa
461 572 545 610 vis:
580 571 619 612 &
643 571 728 611 sane
751 572 863 611 laude
891 572 1023 623 dignus
1059 569 1113 609 est
1146 569 1212 608 iste
1235 570 1323 608 belli
1349 568 1428 608 dux
1457 573 1520 621 qui
1540 569 1661 621 spreti}
1678 572 1776 610 inani
1803 568 1920 622 glori&
1949 572 2021 609 ho-

222 633 314 673 stem
345 633 456 671 armis
473 630 687 672 debellandi
705 661 718 680 ,
751 631 830 671 astu
848 631 1048 671 victoriam
1070 631 1105 669 ei
1129 629 1328 669 suffuratur
1345 658 1357 678 ‚
1388 629 1426 667 δε
1444 629 1603 669 consilio
1620 630 2022 682 triumphat,autstra-

175 2075 179 2080 ·
225 2065 421 2118 tz'igematis
439 2094 450 2114 ,
483 2076 554 2115 qua
574 2066 611 2104 in
632 2074 672 2103 re
693 2064 784 2103 nibil
812 2066 969 2103 omnino
994 2062 1171 2103 adversus
1189 2063 1249 2114 jus
1286 2062 1470 2102 Gentium
1502 2063 1780 2102 committitur:
1812 2073 1898 2102 narn
1936 2058 2025 2114 (a)

225 2139 297 2165 cam
307 2123 400 2179 jlst&
420 2124 537 2163 bellum
551 2121 731 2175 sirstspitur
746 2154 757 2172 ‚
798 2132 838 2163 as
857 2131 974 2176 aperte
984 2131 1116 2175 pugnet·
1133 2125 1210 2176 quis
1237 2154 1249 2172 ,
1280 2130 1342 2162 aut
1365 2136 1406 2161 ex
1435 2121 1560 2173 infidiis
1582 2150 1596 2171 ,
1625 2122 1709 2161 nihil
1727 2121 1949 2176 adjrstitiam
1972 2125 2024 2162 in·
2087 2120 2089 2129 ‘
2113 2135 2114 2146 ¹

226 2185 338 2239 rei-(st.
1377 2234 1380 2237 l

414 2303 498 2310 -—
531 2277 617 2341 (b)
658 2276 821 2330 Dolus
838 2314 853 2335 ‚
885 2295 950 2329 an
969 2278 1132 2328 virtus
1171 2279 1282 2346 quis
1319 2278 1372 2326 in
1398 2273 1517 2341 hoste
1537 2277 1757 2343 requirat
1782 2281 1812 2326 ,Ρ

225 2385 278 2427 Et
297 2383 427 2437 quidni
446 2383 576 2424 fallere
600 2395 688 2424 eum
704 2386 838 2437 poffis,
870 2397 984 2437 quem
1011 2382 1188 2422 occidere
1208 2383 1321 2422 etiam
1338 2382 1451 2420 liceat
1466 2380 1485 2419 ’.ἒ
1515 2379 1750 2434 Magnanimi
1766 2379 1935 2433 pectoris
1958 2380 2028 2432 est,

228 2447 385 2495 stilutem
405 2445 598 2495 publicam
635 2446 830 2496 triumpho
848 2444 1038 2498 anteferre
1060 2473 1072 2491 ‚
1104 2442 1141 2481 ὅτ.
1169 2442 1394 2482 securiorem
1427 2439 1589 2481 reddere
1617 2440 1819 2489 vi&oriam
1842 2472 1853 2490 ,
1898 2453 2029 2493 neque
2092 2443 2115 2479 st

230 2519 314 2545 cam
336 2515 412 2544 tam
435 2503 634 2544 manifesto
653 2516 843 2544 armorum
875 2515 1071 2555 exponere
1090 2504 1263 2554 periculo
1281 2532 1292 2549 ‚
1323 2513 1410 2540 cum
1427 2499 1530 2540 nulla
1556 2503 1728 2543 humano
1752 2499 1907 2554 quidem
1926 2500 2025 2554 judi-

229 2568 290 2604 cio
313 2563 412 2604 adeo
437 2572 539 2602 certa
557 2563 677 2603 videri
701 2564 822 2615 poffit‚
845 2565 935 2615 quin
962 2563 1072 2602 variis
1096 2561 1240 2600 casibus
1255 2561 1297 2600 fit
1312 2561 1493 2600 obnoxia.

407 2623 441 2674 §.
474 2624 515 2662 In
542 2623 770 2674 conjeffliris
790 2623 836 2662 ad
858 2622 1046 2663 eludenda
1067 2622 1238 2670 consilia,
1269 2631 1444 2672 artesque
1464 2619 1651 2670 hostium,
1680 2633 1761 2661 non
1778 2619 2025 2672 spectandum
2083 2625 2088 2630 ”

229 2683 282 2724 est
301 2683 448 2734 semper
463 2712 475 2729 ‚
506 2683 598 2733 quid
618 2685 675 2723 vir
701 2683 909 2723 admodum
934 2682 1099 2734 prudens
1123 2683 1160 2720 in
1180 2681 1367 2732 ejusmodi
1388 2681 1546 2729 negotio
1568 2690 1694 2733 ageret
1720 2679 1907 2735 (tametsi
1931 2679 2026 2720 illud

228 2746 343 2783 etiam
368 2752 609 2783 antevertere
632 2744 843 2783 consultum
864 2743 977 2783 fuerit
995 2742 1094 2796 >sed
1114 2741 1357 2781 formandum
1373 2739 1554 2791 judicium
1573 2753 1645 2792 pro
1663 2739 1887 2780 conditione
1908 2740 1944 2779 &
1963 2753 2025 2792 cq-
2096 2788 2102 2791 .

228 2805 395 2856 pacitate
413 2804 582 2853 personae
599 2832 613 2854 ,
642 2815 805 2855 quacum
829 2808 948 2856 agitur
965 2816 975 2840 .·
1006 2814 1132 2854 neque
1152 2801 1250 2841 enim
1266 2800 1618 2839 convenientiffimo
1638 2801 1784 2852 semper
1806 2799 1844 2840 &
1859 2798 2026 2851 pruden-
2075 2822 2085 2831 ι

231 2863 294 2903 tiis
300 2874 364 2901 mo
381 2862 501 2901 modo
526 2874 659 2903 omnes
651 2875 896 2916 operantur.
965 2861 1244 2902 Ferdinandum
1285 2861 1476 2900 Albanum
1502 2847 1690 2909 Ducem,
1721 2872 1807 2899 cum
1838 2857 2024 2898 defuncto
2067 2851 2092 2877 ⁵⁸

230 2922 498 2963 SebastianoL
501 2923 551 2961 us
558 2934 664 2962 t‘1mae
682 2923 791 2976 Rege
816 2924 992 2975 Regnum
1016 2921 1108 2960 illud
1126 2933 1212 2960 cum
1249 2922 1420 2959 exercitu
1439 2919 1731 2970 ingrederetur
1761 2919 1931 2959 nonnulli
1964 2931 2025 2957 ac-

230 2983 408 3023 cusabant
428 2981 533 3033 quod
550 2980 694 3022 facinus
715 2984 873 3034 periculi
899 2984 1084 3034 plenum,
1115 2979 1233 3020 immo
1257 2989 1389 3019 contra
1412 2980 1549 3018 militia:
1572 2979 1674 3031 leges
1700 2975 1922 3029 suscepisset,
1939 2990 2024 3028 quse
2084 2970 2089 2977 ¹

231 3047 267 3083 in
298 3042 471 3081 Heroem
491 3050 568 3081 tam
592 3041 751 3093 insigni,
782 3053 936 3094 tamque
953 3043 1087 3080 artium
1108 3038 1321 3080 militarium
1343 3041 1468 3090 perito
1489 3039 1665 3085 omnibus
1686 3048 1790 3077 erant
1808 3036 2023 3077 admiratio-

228 3105 267 3143 ni
290 3115 301 3150 3
333 3102 409 3153 ipse
438 3101 533 3140 verb
555 3072 751 3153 respondit
764 3132 775 3150 ‚
806 3103 842 3141 se
871 3100 1026 3153 quidem
1043 3101 1254 3152 periculum
1269 3098 1360 3139 illud
1376 3097 1530 3138 minime
1549 3096 1730 3150 ignorass'e
1747 3127 1757 3144 ‚
1785 3097 1824 3135 in
1836 3108 1884 3135 eo
1894 3106 2022 3139 tamen

229 3162 411 3202 confisum
435 3162 470 3200 ie
490 3160 597 3200 fuiss'e
617 3191 628 3209 ‚
659 3162 765 3212 quod
792 3163 991 3215 negotium
1009 3160 1077 3200 fibi
1097 3159 1270 3200 futurum
1295 3158 1387 3201 esset
1405 3170 1495 3198 cum
1514 3156 1707 3205 Narone,
1739 3167 1823 3207 quae
1841 3155 2020 3201 diuturno

1915 3227 2019 3267 pacis

335 3315 616 3364 (21‘)17.Aug,ust.
674 3315 734 3360 (b)
761 3313 888 3363 Virgil.
