2132 3730
203 278 288 328 390
651 268 992 312 DIDACI
1057 266 1593 321 SAAVEDRAE

198 357 344 405 facum,
375 361 615 406 propugnata
633 354 744 392 armis
767 353 1002 406 Hispanicis,
1033 354 1255 398 &restituta
1282 360 1439 410 deinde,
1471 363 1614 414 absque
1643 367 1721 404 ullo
1751 365 1892 406 ibidem
1920 369 2002 406 relia

195 415 263 456 sto
288 415 435 455 militari
453 410 640 464 praeiidio.
700 410 794 452 Nec
811 425 949 466 negare
975 415 1178 456 veritatem
1196 417 1294 458 hanc
1324 421 1469 472 poterit
1494 422 1656 462 Genua:
1686 435 1772 464 cum
1806 427 1906 464 enim
1934 438 2004 477 op·-

197 473 317 527 preffa
341 472 362 511 a
378 471 530 512 Francis
553 470 591 511 δι
607 471 882 525 Allobrogibus
902 475 1117 515 libertatem
1133 475 1234 517 suam
1260 479 1298 517 in
1318 478 1588 532 Hispaniorum
1619 481 1796 533 posuisset
1822 484 2002 532 arbitrio,

196 530 400 575 fideliffime
430 532 470 570 hi
510 542 594 571 eam
623 531 918 582 conservarunt,
949 534 1067 585 pluris
1102 536 1279 576 nimirum
1307 541 1515 580 amicitiam
1547 542 1649 580 suam
1681 541 1824 583 &fidei
1838 545 2002 596 publicae

194 595 375 646 gloriam,
407 589 521 641 quam
544 589 781 632 dominatum
799 591 1035 632 aestimantes.

373 649 495 703 Quod
515 649 544 690 si
566 650 760 690 necessitas
789 652 993 703 aliquando
1008 663 1112 692 arma
1129 652 1320 693 auxiliaria
1343 663 1479 706 petere
1508 657 1700 710 co'e’gerit,
1731 658 1830 700 dicia
1854 663 2004 711 pericu-

192 710 228 749 la
244 711 490 760 sequentibus
509 708 797 750 conditionibus
817 713 946 752 caveri
970 721 1177 765 poterunt:
1208 712 1236 752 si
1257 724 1411 754 curetur
1434 716 1597 766 scilicet,
1627 728 1670 757 ut
1704 731 1753 759 ne
1775 721 1896 772 copiae
1915 719 2001 759 alie·-

191 781 251 808 nae
277 773 439 822 majores
464 769 558 818 sint,
588 767 702 820 quam
721 772 909 823 propriae;
939 781 982 811 ut
1008 773 1262 816 cuilveniunt
1294 773 1480 825 subsidio,
1510 777 1541 815 is
1571 777 1656 815 suos
1685 779 1728 817 iis
1755 778 1887 818 Duces
1909 793 2003 832 prae-

191 827 324 876 ficiat3
353 838 490 869 utnon
521 830 761 869 collocentur
779 832 820 870 in
835 831 1015 883 ptaefidiis
1033 831 1207 876 urbium:
1236 842 1280 872 ut
1307 835 1555 885 misceantur,
1584 834 1879 891 dividanturque
1901 840 1999 879 inter

191 889 330 929 milites
355 899 515 929 caeteros
534 919 548 939 ,
577 888 616 928 &
631 900 726 930 mox
747 891 787 930 in
808 888 960 932 hostem
980 889 1180 931 ducantur.

543 1060 584 1125 s
629 1061 691 1127 Y
732 1062 807 1128 M
850 1063 1016 1165 Bo
1058 1063 1112 1129 L
1156 1066 1219 1131 U
1260 1067 1336 1132 M
1417 1067 1635 1135 xoin.

315 2560 530 2604 Yrrhenum
555 2573 663 2603 mare
680 2571 883 2616 expertum
912 2561 966 2603 est
996 2562 1129 2616 saepius
1152 2560 1321 2615 pericula
1350 2560 1522 2603 amicitiae
1555 2560 1592 2602 &
1624 2558 1810 2603 societatis
1844 2564 1986 2603 montis

344 2622 526 2672 Vesuvii3
556 2633 593 2663 at
612 2635 690 2663 non
708 2624 855 2675 semper
872 2622 1016 2663 damnis
1033 2622 1167 2663 nostris
1196 2623 1326 2674 sapere
1349 2623 1540 2662 discimus:
1570 2622 1682 2662 facile
1711 2625 1810 2662 enim
1834 2621 1854 2661 ὲ
1886 2632 1985 2662 vana

343 2685 465 2736 aliqua
498 2682 732 2724 confidentia
755 2684 969 2736 persuaderi
1006 2683 1118 2724 nobis
1143 2683 1315 2732 sinimus,
1346 2693 1390 2722 ea
1411 2688 1492 2721 'non
1525 2684 1663 2722 iterum
1687 2681 1762 2722 effe
1785 2692 1985 2726 eventura,

184 2743 266 2797 Jam
284 2744 431 2796 pridem
448 2745 727 2799 sapientissimus
746 2743 919 2784 evasisset
944 2743 1139 2792 Mundus,
1170 2743 1197 2782 si
1222 2744 1374 2782 suismet
1399 2742 1642 2794 experientiis
1670 2742 1824 2782 edoceri
1846 2742 1883 2781 se
1905 2745 1985 2794 pas⁴

183 2805 245 2845 sus
262 2802 370 2843 effer.-
400 2804 464 2844 sed
484 2806 668 2857 temporis
683 2806 936 2856 longinquitas
967 2814 1029 2844 eas
1050 2803 1192 2843 rursum
1217 2804 1405 2842 obliterat.
1467 2802 1522 2841 Ita
1544 2800 1688 2842 fadum
1711 2804 1749 2842 in
1764 2802 1980 2854 gravissimis

183 2865 301 2906 ruinis
319 2892 332 2913 ,
364 2875 455 2915 quas
484 2873 554 2916 per
578 2866 720 2905 montis
744 2865 841 2904 iilius
864 2863 1026 2904 declivia
1059 2864 1140 2903 solo
1171 2865 1374 2902 intulerant
1405 2861 1579 2902 incendia
1604 2868 1792 2913 praeterita
1808 2890 1818 2910 ,
1851 2861 1978 2900 omnia

185 2922 388 2977 opplendo
407 2925 621 2971 cineribus,
652 2936 750 2976 quos
771 2922 932 2964 immiffo
954 2925 1085 2976 paucis
1106 2922 1193 2975 post
1209 2924 1313 2962 annis
1330 2932 1476 2969 aratro,
1506 2923 1544 2961 in
1562 2933 1691 2974 agrum
1707 2922 1835 2961 denuo
1853 2919 1985 2960 coloni

184 2992 476 3024 converterunt.
537 2983 705 3024 Evanuit
728 2984 953 3024 damnorum
979 2986 1183 3031 memoria,
1210 2993 1277 3022 aut
1303 2982 1410 3022 certo
1434 2992 1550 3022 nemo
1569 2993 1654 3021 eam
1671 2982 1896 3021 conservare
1910 2991 1981 3018 vo⁴

186 3044 280 3094 luit,
310 3055 395 3096 quae
411 3051 514 3083 tanta
531 3052 658 3084 tamen
676 3043 853 3094 fuerunt,
888 3053 930 3083 ut
946 3042 1083 3083 merito
1105 3041 1317 3082 eorundem
1340 3051 1466 3083 metus
1498 3039 1682 3081 debuiffet
1704 3039 1778 3080 effe
1803 3048 1989 3092 perpetu-

187 3116 244 3145 us,
304 3102 466 3144 Abdidit
493 3113 604 3142 mons
620 3104 681 3143 ille
699 3103 767 3143 sub
790 3103 901 3143 viridi
922 3103 990 3142 suo
1007 3103 1122 3155 pallio
1149 3101 1277 3142 aestum
1297 3101 1335 3141 &
1361 3101 1568 3141 siccitatem
1586 3102 1806 3140 interiorum
1829 3098 1982 3138 suorum

188 3162 375 3203 viscerum
397 3163 552 3203 &mare
570 3163 663 3203 nihil
687 3162 912 3215 suspicatum
933 3164 1020 3202 mali
1043 3161 1168 3202 foedus
1182 3174 1270 3203 cum
1295 3173 1345 3200 eo
1369 3162 1471 3210 iniit,
1500 3172 1665 3211 eumque
1697 3158 1842 3198 strinxit
1865 3158 1983 3197 unda-

188 3234 273 3262 rum
295 3223 441 3264 suarum
462 3223 645 3272 brachiis,
674 3225 775 3262 nulla
806 3223 935 3262 habita
968 3223 1116 3261 ratione
1149 3223 1264 3270 illius,
1296 3233 1379 3272 quae
1410 3222 1507 3260 inter
1529 3221 1657 3259 ambas
1693 3217 1777 3258 istas
1811 3216 1981 3256 Naturas

189 3282 419 3334 intercedit,
448 3283 737 3329 contrarietatis,
794 3281 945 3323 Verum
977 3281 1129 3322 dolosus
1159 3279 1221 3322 ille
1254 3293 1366 3323 mons
1396 3279 1573 3322 sinistram
1606 3279 1708 3320 suam
1735 3278 1987 3375 intentionem

1888 3345 1957 3389 pre
1972 3356 1988 3366 -
