2132 3730
223 213 251 253 6
659 207 1009 253 DIDACI
1061 207 1600 260 SAAVEDRAE

227 272 1123 287 ..........-..-....-—.-.-.-—...-.

221 296 252 341 si
274 294 514 335 indurescere
537 293 687 333 smeret.
750 290 1024 343 Sapientiffime
1040 304 1132 332 meo
1156 295 1311 346 quidem
1329 297 1475 349 judicio
1499 299 1692 342 Persarum
1722 303 1850 357 Reges
1867 307 1911 345 iis
1933 319 2029 359 prae.

221 352 450 408 ceptoribus
473 353 513 393 δι
530 350 711 404 magistris
729 349 830 391 filios
851 352 938 392 suos
960 353 1008 392 ab
1032 353 1258 396 incunabilis
1290 359 1610 409 committebant,
1635 362 1772 412 quibus
1789 367 1916 417 primo
1942 376 2030 406 aeta-

220 417 269 456 tis
291 414 491 467 septennio
510 409 741 452 efformandi
758 413 953 464 corporis,
981 414 1102 452 altero
1130 412 1217 455 dein
1244 415 1411 468 ejusdem
1439 419 1560 470 porro
1593 422 1869 465 corroborandi
1904 438 2029 466 armo,

221 487 306 516 rum
328 473 366 514 &
382 469 636 526 pugillationis
654 473 839 513 exercitio
856 485 948 512 cura
964 473 1230 522 incumberet;
1265 485 1348 518 tum
1368 477 1524 519 demum
1550 489 1715 531 quatuor
1740 484 1831 524 alios
1852 487 1958 525 viros
1973 487 2029 526 se-

222 534 402 576 le6tiores
421 533 463 572 iis
493 530 768 584 adjungebant,
787 533 853 585 qui
870 544 939 573 eos
956 531 1133 574 effecturi
1152 533 1266 586 quam
1295 539 1467 590 optimos
1495 538 1753 586 crederentur,
1815 542 1867 584 Et
1883 547 2028 598 primus

222 593 407 648 quidem„
432 591 658 636 eruditionis
685 592 799 635 laude
823 592 975 649 infignis
996 595 1124 636 literas
1151 594 1340 639 tradebat.
1399 597 1621 650 Secundus,
1647 602 1707 641 vir
1733 603 1954 648 moderatus
1982 618 2028 648 ac

212 2014 386 2072 prudens
405 2026 539 2070 regere
558 2011 747 2068 docebat,
766 2012 984 2060 &fraenare
1003 2020 1211 2073 appetitus,
1271 2014 1426 2060 Tertius
1438 2048 1453 2069 ,
1472 2014 1570 2070 aequ'i‘
1587 2014 1761 2070 ree't‘ique
1777 2028 1904 2062 amans
1927 2018 2031 2072 justi-

212 2082 279 2119 tiae
299 2076 599 2118 administrandae
617 2091 799 2120 normam
819 2079 1046 2119 inculcabat.
1067 2128 1069 2130 V
1106 2080 1279 2132 Quartus
1308 2079 1476 2131 denique
1498 2078 1648 2131 egregie
1674 2077 1805 2129 fortis,
1838 2080 1878 2121 &
1902 2091 2031 2121 rerum

217 2139 441 2178 bellicarum
465 2136 638 2190 apprime
657 2140 805 2191 peritus
820 2140 869 2192 in
895 2139 1098 2191 disciplinis
1123 2137 1349 2179 militaribus
1373 2135 1614 2187 instituebat,
1645 2138 1813 2179 maxime
1839 2145 1938 2181 vero
1960 2141 2031 2180 im-

216 2199 360 2238 bellem
380 2206 532 2238 metum
552 2197 590 2238 &
605 2198 875 2247 formidinem,
905 2198 1043 2239 additis
1063 2199 1180 2239 etiam
1202 2198 1253 2239 ad
1277 2199 1438 2253 gloriam
1463 2193 1637 2248 ffimuliS‚
1664 2199 1879 2242 eorundem
1897 2200 2031 2241 animis

212 2257 392 2300 studebat
410 2257 596 2298 adimere.
1752 2312 1755 2314 ‚

369 2316 407 2369 §.
431 2316 503 2357 Est
518 2330 616 2358 vero
641 2317 727 2358 'haec
749 2318 854 2358 bona
864 2314 1051 2358 educatio
1067 2319 1111 2360 in
1129 2316 1371 2370 Principibus
1393 2318 1613 2372 cumprimis
1630 2317 1832 2359 necessarIa
1847 2348 1860 2368 ‚
1884 2320 2031 2372 quippe

216 2379 284 2430 qui
297 2375 546 2417 instrumenta
566 2380 650 2433 sunt
675 2377 868 2418 felicitatis
887 2380 1079 2430 politicae,
1103 2380 1142 2418 ὅτ
1163 2379 1328 2432 publicae
1350 2376 1489 2418 salutis.
1548 2377 1591 2418 In
1611 2374 1689 2417 aliis
1707 2377 1894 2431 negled’tae
1914 2378 2031 2418 bonae

213 2437 458 2478 educationis
477 2436 717 2491 dispendium
735 2436 853 2478 officit
873 2437 1128 2491 fingulis‚—aut
1142 2448 1251 2479 certe
1260 2450 1342 2478 non
1356 2437 1427 2478 nili
1445 2438 1493 2478 ad
1510 2432 1658 2491 oppido
1677 2450 1825 2490 paucos
1843 2439 2030 2491 pertinet,-

216 2499 257 2538 in
279 2497 457 2550 Principe
474 2497 572 2538 vero
588 2510 673 2538 *non
696 2498 808 2538 solius
824 2493 940 2550 ipsius
965 2496 1114 2539 tan-tum
1131 2528 1143 2547 ,
1163 2494 1229 2538 sed
1251 2507 1459 2538 commune
1481 2490 1652 2539 omnium
1679 2499 1821 2537 malum
1843 2497 1920 2547 est,
1938 2496 2032 2538 dum

217 2559 248 2598 is
266 2557 345 2596 ali-is
370 2555 477 2597 facto
505 2569 653 2607 nocet,
680 2558 866 2608 exemplo
888 2556 981 2599 aliis.
1041 2553 1114 2610 (a)
1144 2557 1259 2596 Homo
1282 2557 1411 2596 restam
1435 2559 1557 2598 narius
1583 2554 1839 2609 &stitutionem
1866 2556 2032 2606 diviniffi-

216 2629 331 2666 mum,
348 2613 631 2669 mansttetg'ffunum
650 2617 778 2657 animal
791 2614 876 2669 affici
885 2612 992 2666 fidet,
1002 2614 1039 2668 st
1054 2628 1139 2656 vero
1151 2647 1165 2665 ‚
1188 2616 1247 2655 ‘uel
1260 2629 1325 2655 non
1337 2613 1561 2668 fiffcien'ter‚
1585 2616 1643 2656 vet
1669 2630 1734 2657 mm
1749 2616 1829 2657 ben&
1844 2616 2000 2659 educetur
2016 2648 2030 2666 ,

210 2689 330 2718 corum
347 2688 425 2731 quae
442 2683 543 2716 terra
561 2679 742 2728 progenuit
749 2673 999 2729 fi’rociffimum.
1058 2671 1170 2728 'Quid
1183 2706 1196 2726 ‚
1220 2675 1407 2724 obsecro,
1433 2676 1483 2716 de
1506 2674 1680 2728 Principe
1706 2676 1728 2715 a
1765 2679 1905 2718 teneris
1930 2674 2032 2716 male

214 2736 412 2784 educato,
440 2735 479 2776 δε
508 2733 682 2787 suprema
702 2736 780 2787 jam
810 2734 1002 2787 potestate
1030 2744 1177 2775 armato
1203 2735 1271 2774 tibi
1295 2734 1470 2786 polliceri
1493 2736 1617 2776 ausis?
1636 2737 1722 2776 Alia
1747 2737 1862 2790 Reip.
1891 2735 2030 2776 damna

215 2795 379 2848 *longum
397 2795 533 2835 durare
548 2796 651 2835 haud
661 2797 891 2843 solent‚hoc
903 2807 983 2835 non
1001 2794 1069 2835 nisi
1091 2807 1178 2834 cum
1199 2794 1276 2846 ipsa
1292 2794 1476 2848 Principis
1499 2797 1579 2836 vita
1601 2798 1834 2837 terminatur.
1894 2796 2032 2849 Quan-

215 2857 250 2895 ti
278 2855 325 2894 ad
349 2856 533 2910 virtutem
559 2855 727 2904 intersit,
743 2854 846 2895 bene
863 2852 1103 2907 honesteque
1129 2853 1305 2903 educari,
1336 2854 1463 2907 probe
1485 2855 1731 2908 perspectum
1764 2856 1898 2895 habuit
1958 2854 2033 2910 (b)

218 2914 419 2966 -Philippus
451 2914 720 2955 Macedonum
742 2916 852 2964 Rex,
869 2916 959 2955 hinc
983 2914 1072 2954 ciun
1092 2911 1356 2955 Alexandrum
1372 2914 1491 2955 filium
1513 2913 1748 2967 suscepisset,
1769 2914 1864 2955 datis
1882 2915 1931 2955 ad
1946 2917 2033 2958 Ari-

217 2974 399 3015 stotelem
422 2975 562 3023 literis,
587 2977 750 3015 multum
773 2975 860 3015 Diis
887 2969 925 3015 se
949 2973 1091 3019 debere
1113 2973 1318 3024 testabatur
1326 2985 1341 3026 3
1371 2987 1452 3015 non
1471 2985 1550 3016 tam
1575 2972 1681 3026 quod
1701 2983 1815 3014 natus
1832 2975 1902 3017 sibi
1926 2976 1958 3016 is
1977 2976 2032 3016 es-

220 3035 299 3082 set,
325 3033 439 3085 quam
469 3033 577 3085 quod
604 3032 652 3074 e&
675 3035 907 3087 potissimum
939 3044 1138 3086 tempore,
1166 3045 1246 3085 quo
1275 3035 1339 3074 tali
1365 3037 1422 3075 uti
1451 3031 1626 3088 magistro
1660 3035 1807 3075 liceret.
1867 3034 1921 3077 Et
1943 3035 2031 3077 sane

217 3105 418 3145 nunquam
435 3094 594 3144 expedit
611 3104 783 3135 naturam
803 3094 891 3135 alias
911 3095 1054 3135 bonam
1068 3093 1139 3133 'sibi
1155 3095 1392 3147 relinquere,
1413 3095 1452 3135 ’δε
1475 3095 1613 3143 sinere,
1631 3101 1676 3133 ut
1696 3104 1766 3145 per
1781 3094 1917 3149 seipsa
1934 3107 2029 3149 ope-

218 3163 350 3203 retur,
368 3153 523 3206 quando
540 3155 655 3194 etiam
670 3183 683 3202 ,
707 3167 792 3207 quae
813 3156 950 3196 melior
979 3154 1112 3194 haberi
1142 3153 1262 3204 solet,
1287 3153 1513 3208 imperfeesta
1534 3151 1612 3204 est,
1639 3153 1876 3196 &industria
1908 3155 2031 3197 aliena

1926 3227 2029 3269 opus

226 3273 315 3286 C*—

322 3272 379 3341 (a)
407 3277 1042 3344 mammii
1066 3293 1126 3332 ub.
1143 3306 1179 3341 9.
1199 3295 1294 3333 nou.
1320 3296 1397 3334 Arc.
1423 3305 1499 3341 cap.
1527 3306 1559 3340 3,
