2132 3730
256 246 335 292 103
699 234 1043 277 DJDACJ
1107 234 1646 279 SAAVEDRAE

250 324 475 363 Graecorum
503 333 620 361 naves
655 317 848 358 solviss'ent
873 317 895 357 e
926 320 1076 364 littore3
1106 330 1233 370 neque
1263 321 1370 372 quod
1394 322 1490 360 intra
1522 323 1658 360 moenia
1683 322 1912 361 commorari
1930 323 2050 361 debe-

247 395 335 431 ret,
366 383 514 434 Populo
542 380 707 418 sufficere
724 379 875 430 potuit,
904 387 948 417 ut
963 377 1116 417 fraudes
1138 380 1376 430 agnosceret:
1407 389 1509 420 tanta
1543 380 1751 431 Religionis
1778 383 1836 420 vis
1863 379 1928 423 est,
1992 379 2052 420 Ea

249 440 470 495 opportune
491 439 545 478 usi
563 438 646 477 sant
663 438 794 490 Scipio
816 438 1040 486 Africanus,
1070 436 1213 478 Lucius
1232 439 1355 490 Sylla,
1387 441 1555 493 Quintus
1576 440 1785 489 Sertorius,
1809 441 1963 487 Minos,
1996 441 2053 479 Pi-

245 503 432 547 sistimus,
461 498 684 551 Lycurgus,
716 499 848 546 &alii,
877 507 919 537 ut
938 497 1151 537 actionibus
1175 498 1245 537 suis
1270 499 1308 538 δε
1332 501 1478 552 legibus
1502 501 1747 539 conciliarent
1769 500 2050 546 auctoritatem,

248 562 286 602 δε
303 562 453 611 Populo
477 560 732 610 imponerent.
788 558 990 597 Phoenices
1003 560 1043 598 in
1068 557 1289 609 Hispaniam
1311 560 1475 611 ingrelli,
1500 572 1549 599 eo
1567 562 1680 607 loco,
1711 561 1777 599 ubi
1793 573 1894 599 nunc
1920 559 2051 598 Medi-

246 634 295 661 na
323 619 480 658 Sidonia
510 620 699 666 cernitur,
728 620 916 670 templum
947 619 1040 656 arcis
1063 616 1188 657 forma
1224 617 1525 659 construxerunt.
1614 618 1773 657 Herculi
1809 620 2052 666 dedicatum,

248 681 410 730 aj'entes,
439 691 509 731 per
527 680 696 730 quietem
727 678 778 717 sic
795 676 911 729 jufl'os
944 677 980 716 se
1010 676 1095 717 ess'e.
1157 677 1413 718 Crediderunt
1452 678 1630 731 Hispani,
1661 679 1833 717 divinum
1872 679 1946 718 eise
1976 681 2053 717 cul-

246 749 350 788 tum,
371 739 477 790 quod
502 738 722 792 stratagema
742 748 844 790 erat3
876 737 950 777 effe
967 739 1169 790 pietatem,
1201 739 1266 789 qui
1283 737 1395 777 dolus
1424 739 1522 784 fuit;
1553 749 1668 791 atque
1694 740 1731 777 in
1760 739 1955 777 Plioenices
1986 739 2051 777 sub

242 799 454 850 Religionis
479 809 695 851 prsetextu,
725 811 803 848 quo
821 798 913 837 nihil
938 797 986 836 ad
1015 797 1180 849 speciem
1209 799 1400 846 fallacius,
1418 797 1628 850 *oppressos
1659 798 1798 838 deinde
1836 800 1910 837 loci
1948 797 2051 836 istius

245 860 390 898 incolas
408 860 519 899 bonis
541 858 944 898 omnibus&fortunis
958 858 1175 908 spoliarunt.
1238 859 1407 897 Alterius
1425 859 1516 897 item
1530 859 1662 910 templi
1686 858 1877 897 beneficio
1903 859 1939 896 in
1964 871 2053 909 pro-

244 919 441 963 montorio
467 919 620 958 Dianeo
642 917 739 971 (ubi
758 929 861 956 nunc
878 915 932 955 est
951 916 1108 970 Denia)
1133 919 1266 956 incolae
1286 917 1416 957 Insulae
1436 916 1625 966 Zacynthi
1657 919 1956 958 machinationes
1991 917 2051 956 su-

244 990 284 1017 as
314 980 409 1018 clam
443 979 680 1026 habuerunt,
717 976 804 1016 ciim
831 975 1050 1029 Hispaniam
1077 977 1145 1017 fibi
1170 977 1352 1028 subjicere
1385 979 1634 1017 mollirentur.
1709 979 1797 1017 Rex
1824 977 2052 1016 sisenandus

241 1037 467 1077 Suinthilam
488 1050 607 1091 regno
625 1039 842 1090 expulerat,
866 1046 982 1087 atque
1005 1046 1049 1077 ut
1066 1036 1370 1077 dominationem
1407 1038 1508 1076 suam
1534 1038 1650 1088 magis
1674 1036 1874 1085 stabiliret,
1912 1036 2054 1076 Conci-

240 1100 331 1137 lium
352 1098 590 1138 provinciale
614 1099 849 1150 septuaginta
874 1098 1022 1136 circiter
1042 1097 1240 1137 Praesulum
1259 1099 1518 1146 convocavit,
1551 1097 1618 1136 sub
1642 1097 1767 1148 specie
1799 1096 1951 1146 quidem
1979 1095 2052 1135 Ec-

241 1157 452 1197 clefiasticae
475 1158 699 1209 disciplinae,
731 1170 814 1209 quae
844 1157 941 1195 vitio
958 1166 1179 1208 temporum
1208 1157 1371 1208 collapsa
1396 1167 1501 1206 erat,
1534 1159 1648 1196 novis
1676 1157 1822 1207 legibus
1850 1153 2051 1207 astringen-

239 1217 318 1264 dae3
337 1217 399 1256 sed
421 1217 555 1257 revera
569 1218 763 1269 praecipua
787 1216 865 1267 ejus
883 1228 971 1255 cura
995 1227 1094 1264 erat,
1121 1226 1163 1255 ut
1181 1217 1441 1256 condemnato
1459 1217 1611 1256 Parrum
1634 1216 1824 1255 sententiis
1844 1213 2025 1253 Suintbila
2038 1245 2050 1263 ,

238 1277 308 1316 fibi
334 1277 474 1317 deinde
498 1290 643 1317 corona
669 1276 966 1328 adjudicaretur,
1000 1275 1038 1315 &
1063 1278 1230 1327 populus
1256 1279 1293 1315 in
1322 1276 1569 1315 concordiam
1607 1275 1767 1314 rediret:
1805 1287 1883 1325 quo
1911 1276 2051 1313 eodem

240 1336 401 1376 artificio
425 1341 540 1378 etiam
560 1337 737 1389 Ervigius
755 1334 984 1375 electionem
1002 1335 1104 1375 suam
1131 1336 1168 1374 δε
1193 1335 1475 1374 abdicationem
1500 1336 1616 1386 Regis
1645 1333 1823 1373 &Vambae
1851 1333 2052 1372 confirma-

237 1396 449 1448 rebstuduit.
509 1396 606 1436 Non
622 1398 770 1448 ignorat
786 1394 958 1443 Malitia,
983 1404 1166 1445 quantum
1183 1394 1285 1446 apud
1314 1395 1514 1434 hominum
1544 1395 1690 1432 animos
1718 1395 1843 1432 valeat
1872 1394 2050 1444 Religio,

238 1469 355 1508 quare
370 1455 442 1496 hac
464 1455 696 1508 potiffimuin
717 1457 837 1494 utitur
866 1454 913 1493 ad
936 1454 1170 1493 exercendas
1196 1455 1279 1494 suas
1300 1455 1480 1502 technas,
1516 1454 1653 1504 quibus
1684 1453 1890 1504 simplicem
1924 1465 2050 1503 popu-

238 1518 317 1556 lum
347 1515 527 1556 facillime
552 1516 718 1567 decipit,
739 1515 804 1566 qui
827 1513 916 1553 cum
936 1512 1031 1552 fines
1061 1514 1158 1552 illius
1179 1527 1314 1553 omnes
1341 1523 1541 1565 penetrare
1578 1523 1771 1564 nequeat,
1798 1511 1866 1550 fibi
1900 1512 2050 1563 persua-

236 1576 302 1615 det
321 1575 513 1616 istasoliim
534 1575 693 1615 tendere
708 1574 755 1613 ad
782 1573 915 1612 Deum
938 1572 1179 1613 reddendum
1211 1575 1445 1625 propitium,
1484 1583 1526 1612 ut
1550 1573 1654 1612 bona
1687 1572 1862 1611 fortunet
1899 1581 2051 1622 tempo-

234 1638 322 1674 ralia
336 1666 348 1683 ,
367 1636 404 1675 δε
426 1645 565 1674 aeterna
585 1633 719 1685 postea
747 1634 905 1683 proemia
937 1631 1125 1671 conferat.
1186 1632 1239 1671 Et
1261 1633 1409 1684 quaeso,
1442 1634 1480 1670 in
1508 1645 1600 1683 quas
1619 1644 1697 1671 non
1720 1633 1871 1683 impulit
1892 1630 2048 1669 fraudes

233 1694 428 1734 Nationes
448 1696 628 1746 plurimas
650 1692 860 1742 Religionis
881 1692 1048 1741 species,
1081 1691 1172 1729 dum
1201 1691 1277 1730 sese
1298 1691 1559 1742 superstitiosis
1583 1692 1747 1730 cultibus
1775 1689 1908 1730 misere
1933 1690 2050 1729 dede-

235 1754 351 1794 rent?
382 1754 511 1806 Quam
546 1753 700 1792 serviles
729 1750 767 1790 &
793 1750 1031 1789 truculentos
1058 1761 1186 1788 mores
1219 1751 1243 1789 ii
1267 1763 1348 1789 non
1372 1750 1692 1799 introduxerunt,
1724 1763 1808 1789 cum
1842 1750 2047 1798 libertatis,

232 1814 473 1853 fortunarum
490 1813 527 1852 &
550 1814 640 1852 vitae
661 1810 859 1863 dispendio
877 1809 896 1847 ἓ
914 1808 1137 1861 Advigilent
1154 1809 1287 1850 sedulo
1306 1810 1498 1861 Principes
1513 1810 1549 1849 δε
1566 1810 1809 1862 Respublicae
1821 1840 1832 1857 ,
1862 1810 1938 1848 hoc
1954 1822 2049 1860 prae-

233 1875 358 1914 sertim
388 1883 585 1925 tempore,
618 1869 772 1922 quando
797 1870 957 1910 Politica
978 1870 1122 1908 larvam
1143 1868 1298 1908 Pietatis
1321 1869 1465 1918 induit,
1494 1882 1622 1922 neque
1652 1868 1765 1909 facile
1789 1869 1990 1908 admittant
2008 1871 2049 1907 il-

233 1934 293 1974 los
319 1933 528 1984 Religionis
566 1942 712 1980 equos,
745 1929 809 1979 qui
828 1939 909 1966 non
940 1928 1118 1965 civitates
1144 1926 1286 1974 solum,
1317 1927 1380 1965 sed
1406 1929 1569 1979 integras
1591 1931 1705 1967 etiam
1731 1930 1974 1979 provincias,
2007 1928 2045 1966 &

233 2005 348 2045 regna
373 1991 545 2032 funditus
561 1987 823 2030 devastarunt.
883 1984 1005 2038 Quod
1023 1986 1051 2025 si
1071 1986 1137 2024 sub
1152 1985 1249 2025 illius
1277 1986 1389 2025 titulo
1414 1987 1572 2026 ambitio
1592 1988 1753 2038 irrepat,
1786 1987 1822 2026 <Sc
1847 1989 2048 2038 cupiditas,

233 2053 273 2094 &
291 2062 470 2092 oneretur
490 2051 654 2102 graviter
681 2048 872 2100 populus,
903 2045 1018 2084 suave
1046 2045 1125 2084 Dei
1138 2045 1270 2098 jugum
1290 2044 1475 2093 fastidiet,
1505 2047 1558 2085 ob
1586 2046 1722 2085 damna
1755 2046 1791 2084 &
1816 2044 2044 2085 detrimenta

232 2124 360 2154 rerum
391 2111 678 2162 temporalium,
710 2119 794 2158 quae
807 2106 971 2156 patitur,
1000 2104 1039 2144 &
1058 2104 1192 2144 sensim
1214 2107 1253 2144 in
1270 2106 1437 2145 animum
1457 2105 1561 2144 suum
1582 2104 1764 2154 inducet,
1796 2107 1918 2156 legem
1935 2116 2046 2144 natu-

234 2174 350 2213 ralem
368 2183 411 2210 ac
437 2170 604 2210 divinam
626 2167 836 2219 Religionis
868 2163 914 2202 ad
935 2165 1123 2204 rationem
1149 2162 1264 2204 status
1284 2165 1494 2216 pertinere:
1530 2165 1724 2216 Principes
1750 2163 1845 2204 vero
1869 2165 1937 2204 sub
1964 2165 2045 2213 spe-

237 2234 296 2272 cie
314 2230 410 2270 illius
431 2231 494 2270 sua
519 2237 725 2280 contegere
743 2224 923 2272 artificia,
953 2225 1091 2275 quibus
1124 2224 1295 2263 subditos
1324 2225 1546 2263 contineant
1570 2226 1607 2263 in
1639 2225 1791 2272 officio,
1822 2224 1859 2263 &
1880 2223 2044 2264 fortunis

233 2292 306 2333 suis
339 2292 549 2343 expolient.
612 2286 855 2338 Perpendant
886 2286 1016 2335 itaque
1042 2284 1144 2336 apud
1175 2284 1212 2323 se
1233 2284 1427 2335 Principes
1466 2296 1554 2323 cum
1581 2286 1685 2323 omni
1710 2284 1918 2336 diligentia,
1949 2296 2042 2323 num

235 2351 343 2405 quod
361 2350 408 2390 de
428 2362 537 2390 novo
555 2347 810 2388 introducitur
827 2375 840 2393 ,
868 2344 1080 2396 Religionis
1098 2344 1206 2383 causa
1224 2344 1290 2392 sit,
1322 2356 1367 2382 an
1400 2354 1607 2394 praetextus
1639 2344 1757 2382 solum
1775 2373 1785 2390 ,
1814 2344 1852 2382 in
1881 2341 2043 2382 auetori-

237 2413 324 2451 tatis
347 2410 384 2450 δε
399 2407 595 2462 potestatis
610 2406 707 2447 illius
722 2403 980 2458 praejudicium
996 2433 1008 2452 ,
1039 2413 1104 2442 aut
1128 2404 1299 2455 injuriam
1315 2403 1572 2452 subditorum,
1603 2412 1667 2442 aut
1702 2413 1835 2441 contra
1861 2404 2040 2453 tranquil-

234 2473 379 2511 litatem
398 2470 616 2521 publicamt
646 2466 684 2505 id
709 2464 816 2517 quod
837 2475 885 2502 ex
904 2462 999 2512 fine,
1031 2475 1146 2515 quem
1165 2463 1233 2503 sibi
1253 2464 1406 2502 novitas
1434 2462 1498 2502 ista
1526 2463 1766 2515 propolitum
1788 2462 1926 2509 habet,
1955 2474 2042 2514 per-

234 2530 379 2582 spicere
401 2537 606 2581 poterunt,
637 2524 891 2565 examinando
919 2523 996 2574 quo
1015 2523 1187 2574 spec‘tent
1209 2525 1302 2563 tales
1329 2524 1619 2571 innovationes,
1650 2535 1696 2561 an
1725 2522 1772 2561 ad
1801 2523 2039 2562 emolumen-

234 2599 317 2630 tum
331 2590 556 2642 proprium,
587 2596 651 2626 aut
668 2586 939 2629 ambitionem,
971 2595 1017 2621 an
1037 2584 1084 2621 ad
1108 2585 1254 2622 bonum
1288 2583 1476 2634 spirituale
1507 2582 1744 2630 conducant,
1774 2594 1846 2621 nec
1872 2592 1944 2628 ne3
1974 2591 2039 2620 aut

235 2663 328 2691 num
350 2647 563 2701 hocipl‘um
582 2659 661 2686 non
679 2645 812 2685 mediis
831 2645 932 2691 aliiS,
964 2655 1047 2693 qua:
1065 2645 1188 2682 minus
1219 2641 1391 2682 adferant
1423 2642 1651 2695 praejudicii,
1681 2642 1878 2694 procurari
1908 2650 2036 2693 queat.

235 2710 279 2750 In
304 2708 513 2750 istiusmodi
535 2707 702 2754 casibus,
732 2704 870 2745 minori
896 2715 982 2741 cum
1001 2705 1173 2753 periculo
1192 2702 1371 2741 damnum
1397 2711 1657 2754 praecavetur,
1689 2701 1804 2753 quam
1824 2699 1947 2740 eidem
1968 2711 2037 2752 po-

237 2769 315 2810 stea
339 2779 492 2821 paretur
509 2767 743 2814 remedium,
772 2777 851 2803 non
873 2762 998 2801 dando
1019 2763 1149 2802 locum
1170 2761 1356 2813 ejusmodi
1380 2763 1628 2814 praetextibus
1657 2761 1693 2801 δε
1717 2760 1907 2800 abusibus.
1997 2759 2038 2799 Si
2086 2786 2088 2788 v
2110 2751 2122 2792 v'

236 2838 365 2868 tamen
392 2827 599 2868 introdu&i
625 2839 702 2877 jam
726 2825 889 2871 fuerint,
920 2834 1054 2874 magna
1086 2835 1174 2862 cum
1198 2823 1381 2861 suavitate
1414 2824 1550 2875 corrigi
1565 2834 1634 2861 eos
1662 2829 1842 2873 oportet,
1872 2830 1952 2857 non
1975 2821 2037 2858 via

234 2888 327 2929 faeti
345 2917 357 2935 ,
386 2901 459 2927 nec
489 2900 576 2927 cum
613 2886 797 2925 violentia
834 2884 872 2923 &
895 2881 1095 2931 scandalo,
1132 2894 1205 2921 nec
1229 2880 1314 2932 jure
1339 2892 1514 2922 extremo
1536 2880 1755 2934 potestatis,
1783 2877 1989 2930 praesertim
2008 2878 2036 2917 si

237 2948 304 2988 sub
322 2946 503 2998 Principis
520 2945 820 2997 jurisdictionem
839 2942 941 2983 casus
972 2941 1028 2981 isti
1061 2955 1139 2981 non
1155 2941 1309 2990 cadant,
1340 2942 1403 2981 sed
1421 2943 1592 2996 singulari
1615 2953 1700 2980 cum
1717 2938 1885 2986 solertia,
1918 2936 1954 2976 δε
1972 2938 2038 2977 ha-
2084 2953 2092 2957 ·
2113 2931 2115 2934 ⁴

237 3009 317 3048 bita
335 3006 577 3058 personarum
604 3008 771 3053 ratione,
801 3016 870 3056 per
901 3014 1054 3041 manum
1084 3002 1203 3048 illius,
1235 3001 1282 3040 ad
1306 3002 1412 3053 cujus
1442 3002 1570 3042 forum
1600 2999 1670 3054 (a)
1699 2999 1912 3049 pertinent,
1943 2997 2037 3036 edo-

242 3067 370 3108 cendo
411 3067 515 3106 illurn
535 3066 677 3104 sincere
713 3064 761 3104 de
789 3066 844 3103 rei
881 3064 1066 3110 veritate,
1096 3061 1222 3113 deque
1252 3061 1399 3101 damnis.
1427 3062 1465 3102 &
1495 3057 1764 3102 incommodis,
1820 3055 1974 3117 Etenim
2007 3058 2035 3098 li

1927 3116 2034 3156 Prin-

333 3256 389 3295 (a)
415 3250 528 3289 tabia
553 3254 646 3290 enim
671 3252 861 3291 Sacerdotis
881 3249 1065 3304 custodient
1075 3248 1287 3298 ſsicmiam,
1314 3248 1359 3293 dn·
1384 3249 1491 3301 legem
1514 3247 1693 3300 requirent·
1711 3257 1758 3283 ex
1775 3259 1831 3283 on·
1850 3245 1932 3296 ejus,
1958 3243 2034 3279 Μει-ἓ

240 3304 334 3342 lach.
353 3315 384 3341 c.
403 3318 439 3343 2.
460 3317 498 3353 7.

2121 1289 2132 1507 sn:·.-z..2«=‚=c·-.
2126 1237 2132 1271 ,ἢ
2128 1205 2132 1222 a.
2127 1182 2132 1193 -„
2131 1165 2132 1169 „

2122 1756 2125 1766 ⁴
2122 1658 2132 1742 foe-‹-
2131 1590 2132 1593 „
