2132 3730
463 220 1447 270 SYMBOLAPOLJTJCA.
1819 242 1874 280 29

85 284 593 295 -ψ-ᾕ.
598 285 1364 299 m*

79 309 225 361 generis
239 306 393 345 humani
411 308 556 346 ruinam
572 317 784 356 metueret,
810 307 1049 349 Mercurium
1068 310 1250 363 ablegasse
1271 314 1310 351 in
1328 322 1463 362 terras,
1488 324 1529 353 ut
1543 313 1726 366 justitiam
1747 314 1785 354 &
1800 315 1880 355 Ve-

81 368 299 410 recundiam
316 366 415 405 inter
437 367 613 407 homines
631 369 859 420 partiretur,
875 369 1012 420 quibus
1031 369 1106 410 sese
1125 371 1171 408 ab
1189 371 1344 411 interitu
1366 373 1616 414 vindicarent.

245 425 441 477 §.Atque
468 427 558 467 huic
585 427 762 480 pastioni,
786 427 835 466 de
870 440 945 479 qua
971 441 1074 468 nunc
1101 430 1263 481 agimus,
1283 430 1385 470 haud
1414 435 1579 474 multum
1607 432 1781 473 absimilis
1804 431 1880 482 est,

79 499 151 530 nec
168 486 291 526 minus
309 486 488 525 exitiosus
515 488 750 538 Principibus
777 474 935 527 affectus
961 489 1047 537 ille,
1075 501 1190 539 quem
1211 490 1547 532 commiserationis
1570 495 1688 546 vulgo
1716 492 1880 532 solemus

81 549 219 589 dicere.
281 545 473 585 Exitiosus
499 548 674 597 inquam,
694 548 757 598 qui
777 548 842 586 ubi
863 549 901 586 in
923 549 1049 586 animo
1070 561 1176 599 praev
1179 551 1331 599 aluerit,
1352 563 1426 590 nec
1441 554 1557 601 ratio,
1578 565 1652 592 nec
1669 551 1807 604 justitia
1825 564 1882 592 re-

79 607 140 647 dte
157 608 265 647 suum
288 605 433 645 faciunt
454 606 644 652 officium,
663 606 754 646 dum
772 609 873 646 enim
895 608 980 658 plus
998 619 1109 658 aequo
1128 619 1328 657 verentur,
1355 621 1405 648 ne
1429 613 1490 650 cui
1516 622 1580 650 aut
1599 612 1883 664 reprehenden-

78 668 131 707 do
154 697 166 716 ,
197 676 260 705 aut
287 665 501 718 castigando
523 665 620 719 aegre
637 665 797 715 faciant,
819 667 1056 706 subditorum
1068 666 1214 707 delictis
1230 669 1457 709 medicinam
1477 671 1658 711 adhibere
1674 674 1881 724 negligunt,

79 728 117 767 &
137 729 254 766 multa
274 725 431 777 impune
451 726 554 765 abire
574 726 710 765 sinunt.
771 724 1056 766 Obsurdescunt
1071 726 1118 765 ad
1136 730 1273 780 populi
1293 730 1479 769 clamores
1497 759 1509 779 ,
1538 742 1612 770 nec
1630 743 1697 770 eos
1719 742 1882 771 movent

79 787 215 826 damna
232 787 411 838 publica,
430 787 582 825 interim
600 796 805 838 tanguntur
826 785 1081 824 misericordia
1104 788 1218 828 trium
1236 798 1301 828 aut
1321 800 1486 840 quatuor
1507 792 1711 832 hominum
1730 820 1741 839 ,
1771 790 1881 842 aqui-

78 848 150 887 bus
171 845 237 886 ista
253 845 558 898 proficiscuntur.
617 846 660 886 In
687 844 833 885 delictis
853 846 981 884 alienis
999 845 1181 886 confusos
1214 847 1250 887 se
1266 849 1433 889 sentiunt
1449 880 1461 898 ,
1491 860 1604 901 atque
1619 849 1716 889 adeo
1731 879 1743 899 ,
1775 861 1816 889 ut
1833 863 1883 889 ne

77 907 147 947 sibi
166 908 324 945 aliorum
349 903 471 944 cauffa
488 905 534 945 fit
560 905 686 953 male3
716 906 927 944 connivere
951 906 1097 944 malunt
1120 907 1250 958 potius
1268 938 1281 957 ,
1310 915 1380 948 aut
1400 910 1666 962 impunitatem
1692 910 1884 949 concede·

77 979 119 1006 re
135 998 146 1014 ,
179 965 296 1017 quani
309 967 348 1005 in
366 964 426 1004 illa
444 966 757 1005 animadvertere.
818 963 954 1015 Judicii
971 965 1196 1006 imbecilitas
1217 968 1299 1007 haec
1313 968 1388 1016 est,
1413 969 1450 1008 &
1473 970 1685 1022 prudentiae
1708 968 1883 1009 defectus

78 1038 167 1066 cum
193 1036 369 1077 ternpore
390 1026 635 1078 corrigendus
654 1038 666 1072 ;
697 1023 833 1064 eadem
860 1034 987 1063 tamen
1011 1026 1279 1067 moderatione
1300 1028 1469 1068 adhibita
1484 1061 1495 1078 ,
1527 1042 1600 1081 qua
1618 1030 1666 1069 de
1684 1029 1724 1068 V
1727 1041 1884 1069 erecun-

78 1087 139 1126 dia
162 1097 248 1125 ante
276 1084 419 1124 diftum
442 1084 524 1124 est:
556 1095 598 1125 ut
624 1085 766 1125 scilicet
795 1096 839 1123 ea
862 1084 983 1123 solum
1005 1087 1344 1127 commiserationis
1370 1101 1456 1140 pars
1481 1090 1692 1139 resecetur,
1731 1101 1815 1140 quae
1834 1089 1885 1128 sic

77 1149 256 1199 languere
281 1144 374 1185 facit
396 1146 598 1194 animum,
628 1145 665 1185 &
687 1145 740 1184 ita
761 1144 1001 1192 effoeminat,
1031 1155 1074 1184 ut
1090 1148 1242 1186 fortiter
1268 1147 1306 1187 &
1325 1148 1540 1188 constanter
1561 1161 1672 1204 agere
1695 1159 1884 1200 nequeat;

77 1216 230 1245 retento
246 1215 374 1244 tamen
394 1205 660 1244 misericordiae
679 1203 820 1244 affectu
838 1204 1054 1256 Principum
1078 1209 1264 1258 proprio,
1295 1207 1369 1261 (a)
1396 1209 1463 1248 ubi
1485 1208 1588 1248 resta
1613 1210 1710 1248 ratio
1738 1210 1884 1259 absque

72 1265 216 1317 jactura
229 1265 491 1315 tranquilitatis
508 1265 673 1316 publicae
697 1265 750 1303 ita
770 1264 930 1303 suaserit.
989 1263 1166 1316 Uterque
1184 1266 1251 1306 iste
1270 1277 1346 1307 tam
1358 1267 1757 1320 Verecundiae,quam
1769 1267 1883 1307 Com-

76 1325 324 1365 miserationis
341 1322 501 1363 affectus
535 1324 680 1364 domari
696 1322 852 1374 possunt
871 1336 914 1362 ac
933 1325 1067 1375 corrigi
1090 1325 1236 1365 acftibus
1256 1328 1482 1378 quibusdam
1501 1330 1693 1368 cantrariis
1707 1358 1719 1377 ,
1749 1329 1813 1379 qui
1829 1329 1882 1366 ni-

73 1388 188 1425 miam
222 1385 321 1423 illam
347 1385 472 1422 cordis
494 1384 790 1423 teneritudinem
814 1413 826 1432 ,
857 1384 1074 1434 mentisque
1099 1386 1401 1427 imbecillitatem
1428 1390 1610 1440 paulatim
1631 1390 1785 1435 tollant,
1835 1397 1888 1426 at-

75 1457 151 1496 que
167 1444 214 1483 ad
226 1443 388 1483 fortiora
410 1444 666 1483 corroborent
690 1445 869 1491 animum,
890 1444 1044 1483 serviles
1064 1443 1276 1486 istiusmodi
1297 1456 1421 1487 metus
1443 1449 1478 1486 ei
1502 1447 1723 1487 eximendo.
1765 1447 1888 1499 Quod

74 1505 103 1544 fi
130 1503 288 1544 subinde
304 1503 485 1556 Princeps
504 1504 705 1543 conabitur
728 1502 756 1556 ζ
772 1502 840 1542 etsi
859 1505 896 1542 in
918 1504 1033 1542 rebus
1056 1506 1219 1545 minimis
1243 1506 1270 1560 J
1302 1508 1468 1547 animum
1490 1507 1640 1548 firmum
1661 1507 1699 1547 δε
1716 1506 1888 1546 constan-

73 1574 154 1604 tem
173 1565 338 1603 retinere
357 1593 368 1611 ‚
397 1563 471 1603 suae
489 1565 581 1604 item
599 1563 790 1617 dignitatis
811 1562 848 1602 δι
871 1564 985 1603 officii
1012 1564 1156 1604 habere
1186 1569 1375 1607 rationem
1392 1598 1404 1616 ‚
1434 1567 1547 1607 facile
1572 1567 1675 1606 idem
1696 1565 1830 1618 postea
1847 1568 1886 1606 in

73 1626 187 1663 rebus
207 1624 411 1674 majoribus
428 1623 603 1675 praestare
629 1624 788 1676 poterit.
849 1623 1058 1665 Plurimum
1088 1625 1175 1664 sane
1191 1626 1308 1666 refert
1328 1657 1342 1676 ,
1374 1627 1403 1667 fi
1426 1629 1491 1668 vel
1507 1628 1620 1667 semel
1630 1624 1817 1679 generose
1840 1638 1885 1666 ea

73 1684 114 1723 in
136 1696 177 1723 re
193 1685 323 1723 vincat
337 1682 411 1722 sese
432 1684 532 1735 ipse,
563 1684 600 1724 &
621 1684 747 1723 timeri
762 1684 800 1722 se
819 1692 934 1733 atque
949 1684 1081 1734 suspici
1095 1685 1141 1722 ab
1156 1686 1233 1723 aliis
1242 1685 1368 1724 faciat.

226 1742 261 1793 §.
294 1741 452 1780 Restant
484 1743 568 1781 duae
599 1744 679 1780 aliae
699 1742 886 1792 passiones
913 1770 924 1788 ,
950 1741 1146 1791 juventuti
1170 1745 1331 1784 nimium
1353 1754 1537 1795 quantum
1561 1744 1718 1792 noxiae‚·
1747 1742 1886 1784 Metus

76 1802 114 1842 &
137 1801 354 1841 Obstinatio
383 1801 509 1839 animi.
591 1799 749 1838 Metum
772 1800 860 1838 dico
880 1828 893 1846 ,
924 1800 1081 1848 quando
1106 1801 1287 1853 Princeps
1315 1805 1443 1842 omnia
1469 1803 1725 1851 pertimescit,
1760 1803 1798 1842 &
1818 1804 1889 1844 fibi

72 1863 206 1913 ipsein
225 1861 404 1899 omnibus
428 1857 602 1897 diffidens
623 1886 635 1905 ,
665 1868 739 1894 nec
755 1858 863 1906 loqui
885 1856 1002 1895 audet
1023 1860 1227 1908 quicquam
1250 1890 1261 1908 ,
1292 1872 1367 1900 nec
1389 1871 1512 1910 agere.
1571 1859 1684 1900 Nihil
1716 1873 1886 1913 unquam

72 1919 178 1960 reite
202 1919 223 1958 a
243 1919 280 1957 se
303 1920 360 1969 agi
378 1924 488 1967 putat
505 1945 516 1963 ,
547 1924 705 1953 veretur
717 1914 874 1967 prodire
890 1915 928 1953 in
953 1916 1152 1967 publicum
1176 1948 1187 1967 ,
1218 1919 1256 1959 &
1275 1917 1481 1960 successum
1503 1919 1622 1971 magis
1642 1929 1742 1959 amat
1768 1933 1812 1960 ac
1828 1922 1888 1962 so-

71 1980 299 2020 litudinem:
330 1975 455 2015 Isthuc
479 1976 709 2027 plerumque
738 1986 787 2014 ex
811 1973 1042 2015 educatione
1071 1978 1275 2026 muliebri,
1307 1989 1391 2029 quae
1421 1977 1442 2017 a
1464 1979 1658 2018 consortio
1680 1979 1883 2022 hominurn

71 2040 168 2079 solet
182 2037 255 2078 effe
273 2037 428 2075 alienior
447 2066 460 2084 ‚
490 2036 547 2074 uti
575 2035 612 2074 &
631 2047 680 2074 ex
701 2033 860 2074 defectu
892 2036 1137 2086 experientiae
1154 2036 1315 2077 nascitur
1332 2068 1345 2087 ‚
1378 2039 1484 2089 cujus
1503 2040 1617 2079 etiam
1635 2039 1748 2079 solius
1763 2041 1883 2082 bene-

72 2098 163 2139 ficio
189 2099 329 2138 malum
346 2094 438 2135 illud
456 2097 578 2134 curari
591 2094 740 2147 potest,
769 2094 798 2134 si
812 2092 979 2134 assuefiat
995 2097 1172 2136 nimirum
1192 2096 1372 2151 Princeps
1389 2099 1436 2138 ad
1457 2099 1685 2140 audientiam
1709 2100 1884 2152 praestan-

73 2159 161 2199 dam
190 2170 268 2197 tam
286 2156 442 2196 subditis
466 2168 580 2207 quam
605 2158 745 2195 exteris
767 2153 950 2208 ,'fisaepe
975 2153 1079 2195 foras
1097 2157 1134 2195 in
1166 2158 1364 2209 publicum
1385 2190 1396 2207 ‚
1429 2159 1466 2198 &
1490 2161 1528 2198 in
1546 2160 1673 2199 lucem
1690 2160 1882 2211 produca-

72 2229 134 2258 tur
151 2249 163 2267 ,
195 2229 237 2258 ut
254 2218 430 2258 homines
452 2216 490 2255 δε
515 2218 584 2256 alia
604 2214 848 2256 nossediscat
863 2245 875 2264 ‚
909 2217 1031 2267 qualia
1058 2216 1134 2269 ipsa
1154 2219 1192 2256 in
1217 2218 1252 2257 se
1270 2220 1354 2259 sunt
1372 2249 1385 2267 ‚
1414 2231 1496 2259 non
1531 2219 1734 2270 quomodo
1756 2232 1801 2260 ea
1817 2233 1882 2262 aut

73 2279 290 2330 imaginatio
308 2276 502 2329 depinxit,
534 2286 599 2316 aut
616 2277 647 2315 is
661 2306 673 2325 ,
705 2288 790 2327 quo.
806 2274 981 2327 magistro
1000 2275 1036 2316 &
1053 2276 1301 2318 moderatore
1316 2280 1447 2323 utitur.
1507 2279 1572 2320 Ad
1588 2279 1773 2331 Principis
1788 2293 1881 2322 con-

75 2341 184 2377 clave
209 2339 304 2376 liber
326 2337 474 2389 semper
493 2346 623 2389 pateat
645 2334 810 2376 acceffus
834 2335 938 2375 Viris
966 2335 1172 2377 Illustribus
1203 2350 1246 2377 ac
1272 2337 1484 2379 Nobilibus
1505 2367 1518 2386 ,
1553 2340 1618 2390 qui
1640 2338 1740 2379 Patri
1763 2341 1842 2392 ejus
1862 2341 1884 2382 a

76 2399 258 2437 cubiculis
283 2398 366 2436 sunt
391 2410 404 2445 ;
436 2399 514 2437 aliis
530 2399 622 2436 item
640 2395 769 2436 aulicis
787 2395 1044 2446 fortitudinis,
1061 2400 1199 2449 ingenii
1215 2399 1512 2452 &experientiae
1537 2398 1650 2439 laude
1676 2400 1881 2451 praestanti-

73 2457 158 2496 bus.
218 2457 397 2510 Quimos
424 2460 463 2497 in
488 2456 666 2509 Hispania
689 2457 913 2496 observatus
942 2455 1046 2506 fuit,
1076 2470 1200 2513 usque
1229 2459 1276 2499 ad
1299 2470 1476 2512 tempora
1511 2458 1682 2511 Philippi
1713 2459 1882 2503 Secundi

73 2517 220 2566 Regis3
251 2519 315 2568 qui
332 2518 595 2558 molitionibus
618 2517 744 2557 Caroli
761 2515 826 2557 filii
842 2515 967 2556 factus
987 2519 1156 2567 cautior,
1171 2521 1271 2560 illam
1300 2521 1460 2560 aliorum
1484 2521 1878 2564 communicationem

75 2576 112 2616 &
130 2575 313 2615 acceffum
335 2577 498 2617 liberum
526 2576 713 2618 restrinxit
736 2578 895 2618 omnino
914 2589 958 2616 ac
985 2577 1127 2618 sustulit
1148 2592 1159 2617 .·
1189 2590 1304 2632 atque
1335 2582 1387 2620 ita
1420 2579 1512 2619 dum
1540 2590 1660 2619 unum
1686 2579 1879 2623 declinare

74 2638 201 2675 voluit
217 2636 505 2677 incommodum
526 2640 585 2687 ,in
608 2639 707 2678 aliud
725 2637 859 2678 incidit
879 2635 987 2689 aeque
1004 2637 1241 2691 Principibus
1258 2641 1441 2688 noxium,
1463 2640 1574 2690 quale
1596 2637 1652 2679 est
1675 2670 1688 2688 ‚
1718 2641 1879 2684 nimium

73 2696 150 2736 sese
169 2697 214 2735 ab
232 2696 431 2737 hominum
452 2699 621 2750 alloquio
638 2697 851 2738 abstrahere
873 2712 882 2737 :
911 2699 989 2737 hoc
1007 2700 1107 2738 enirn
1123 2700 1213 2739 dum
1235 2699 1381 2740 faciunt
1400 2699 1596 2752 Principes
1611 2730 1623 2748 ‚
1653 2698 1765 2740 facile
1775 2702 1877 2754 post·²

73 2756 233 2796 modum
260 2755 323 2804 fit,
342 2766 386 2795 ut
414 2762 526 2797 certae
549 2760 658 2799 alicui
674 2759 845 2811 personae
869 2757 1011 2798 affectu
1030 2759 1269 2810 peculiari&
1292 2760 1432 2800 favore
1452 2759 1522 2811 ipsi
1548 2758 1817 2807 adhaerescant.

227 2815 261 2867 §.
298 2815 514 2857 Obstinatio
534 2818 697 2872 denique
715 2821 853 2875 partim
881 2831 930 2858 ex
956 2828 1063 2858 metu
1081 2849 1093 2868 ,
1123 2821 1260 2871 partim
1287 2832 1337 2860 ex
1357 2821 1508 2874 ignavia
1530 2818 1693 2871 quadarn
1716 2825 1876 2863 naturali

73 2875 235 2922 nascitur
257 2887 270 2922 3
302 2875 456 2926 quando
482 2879 659 2920 nimirum
678 2879 858 2932 Princeps
878 2879 970 2920 nihil
997 2881 1156 2920 omnino
1175 2892 1286 2933 agere
1302 2882 1413 2930 vult,
1442 2879 1507 2919 sed
1522 2888 1657 2919 contra
1675 2880 1878 2922 institutio.

73 2947 164 2976 nem
194 2934 396 2987 praefracte
434 2938 612 2979 obfirmat
655 2942 833 2980 animum.
967 2937 1102 2979 Curari
1155 2952 1253 2980 vero
1288 2940 1406 2981 debet
1438 2939 1500 2979 illa
1529 2942 1668 2980 mentis
1704 2941 1878 2994 segnities

74 2994 237 3035 flammis
257 2996 295 3035 δι
323 2995 477 3037 stimulis
500 2999 627 3050 gloriae
645 3011 657 3046 ς
687 2999 1012 3051 quemadmodum
1031 3001 1239 3048 calcaribus
1260 3012 1449 3053 equorum
1474 3001 1568 3039 vitia
1586 3000 1709 3041 solent
1729 3000 1878 3054 corrigi:

73 3056 255 3106 paulatim
271 3056 400 3107 itaque
417 3057 614 3099 ducendus
635 3061 672 3099 in
691 3060 791 3099 viam
809 3060 990 3112 Princeps
1013 3090 1026 3108 ‚
1056 3060 1094 3101 &
1120 3060 1299 3101 laudandi
1336 3059 1564 3114 progressus,
1589 3072 1687 3111 quos
1708 3060 1843 3101 fecerit
1862 3092 1876 3110 ,

76 3116 223 3156 tametsi
248 3115 314 3155 sub
331 3117 481 3159 initium
506 3119 637 3160 laudes
657 3117 733 3159 istae
753 3120 862 3172 supra
881 3121 1060 3162 meritum
1076 3122 1191 3161 etiam
1201 3120 1293 3172 sint,
1323 3121 1362 3162 &
1377 3121 1425 3161 ad
1438 3121 1553 3162 solam
1570 3120 1747 3172 speciem.

949 3178 1004 3230 H
1698 3178 1877 3232 SYM-

173 3283 231 3330 (ὃ)
248 3287 471 3339 Princtpatus
493 3288 586 3325 enim
601 3284 647 3337 est
660 3287 838 3342 proprium
858 3285 1023 3334 misi’reri.
1050 3292 1083 3326 S.
1098 3289 1225 3339 Chrys.
