2132 3730
494 195 1472 240 SYMBOLAPOLITICA.
1825 217 1905 260 129

89 261 649 335 mm
668 277 865 331 suscepiffe
885 278 1054 332 Magnus
1070 280 1167 320 Dux
1188 281 1383 328 rescierat,
1415 284 1453 321 in
1480 281 1659 322 custodiis
1687 296 1776 324 eum
1810 287 1905 327 deti-

85 346 194 394 nuit,
224 352 324 382 ratus
349 341 526 381 nimirum
554 338 893 378 incommodorum
918 340 1069 390 potius,
1098 352 1181 391 quae
1213 352 1261 379 ex
1286 342 1462 381 libertate
1491 345 1588 382 illius
1615 345 1703 383 oriri
1731 344 1904 397 possent,

84 402 298 445 habendam
322 398 400 442 effe
416 402 629 447 rationem,
661 398 775 449 quam
798 398 1014 439 sermonum
1031 411 1166 439 contra
1182 399 1242 447 se,
1275 400 1312 439 &
1339 404 1681 453 querimoniarum,
1714 405 1817 456 quali
1841 406 1905 445 da-

85 475 161 504 tam
174 461 288 501 fidem
305 458 501 507 violasset,
533 470 606 510 qua
627 457 676 497 de
693 470 736 497 re
762 469 804 497 ut
826 458 863 497 se
887 468 1068 511 purgaret
1085 458 1160 511 (a)
1189 469 1282 498 tunc
1303 460 1448 511 palam,
1479 464 1586 502 nullo
1602 464 1724 504 modo
1745 465 1903 517 expedi-

85 536 127 564 re
146 520 360 565 videbatur.
422 521 510 559 Rex
530 516 721 566 Sanctius,
752 527 1014 571 cognomento
1031 517 1180 566 Fortis,
1204 520 1387 571 gloriosus
1405 520 1502 570 fuit,
1534 522 1572 561 &
1586 523 1811 574 bellicosus,
1829 526 1905 565 sur-

86 582 154 622 dus
183 589 311 620 tamen
352 579 401 619 ad
428 578 730 619 obtrectationes
767 579 920 618 suorum
955 577 1230 627 Subditorum,
1261 580 1433 630 praelium
1458 580 1505 620 ad
1534 581 1780 625 Caesarianum
1810 585 1835 638 C
1853 585 1905 625 fic

82 641 217 681 urbem
236 649 404 687 vocant;
422 652 507 692 quae
531 638 652 691 vulgo
671 637 792 678 Xeres
815 637 987 691 dicitur>
1008 636 1251 677 detrecftavit.
1290 638 1416 679 Satius
1427 640 1503 689 est,
1518 640 1734 695 Principem
1758 655 1802 684 ut
1817 658 1905 698 pru-

83 700 244 741 dentem
276 702 402 740 timeri
427 702 474 740 ab
497 698 699 749 hostibus,
729 711 844 749 quam
869 709 912 737 ut
928 699 1166 749 praecipitem
1187 707 1253 737 aut
1289 703 1545 742 temerarium.

235 759 271 812 §,
303 759 359 800 Hi
379 759 560 801 discursus
589 771 669 799 non
685 770 734 798 eo
770 758 966 812 spediant,
997 767 1042 796 ut
1063 757 1282 810 Principem
1307 759 1499 811 abjectum
1533 760 1572 800 δι
1602 764 1680 802 vile
1707 763 1906 816 Reipubli-

82 832 136 861 cae
153 822 387 872 mancipium
409 819 484 860 ess'e
505 821 645 868 velim,
677 818 777 859 adeo
798 829 842 859 ut
862 828 1093 870 quacunque
1120 817 1169 858 de
1196 819 1324 868 causa,
1355 830 1420 859 aut
1448 822 1620 861 utilitatis
1646 823 1773 874 specie
1802 824 1905 865 fallat

81 879 209 920 datam
237 879 375 928 fidem,
406 891 471 920 aut
495 878 616 932 pactis
648 873 932 929 conventisque
954 880 1244 918 contraveniat:
1275 881 1359 920 talis
1391 882 1494 920 enim
1527 880 1617 921 fidei
1645 884 1806 922 violatio
1831 898 1904 925 nec

80 940 150 992 ipsi
175 951 240 980 aut
259 941 339 992 ejus
357 940 481 980 Statui
496 941 616 979 ullum
638 938 805 979 accerset
823 936 1097 986 commodum,
1127 938 1192 977 sed
1210 941 1355 980 ruinam
1375 942 1527 992 potius;
1558 941 1598 981 ἃ
1615 943 1815 994 publicum
1836 958 1898 996 pa-

81 1003 154 1040 riet
185 1000 481 1052 detrimentum3
510 1011 639 1051 neque
665 998 730 1038 diu
746 998 921 1038 securum
942 996 1018 1038 effe
1037 997 1187 1049 potest,
1212 1000 1319 1051 quod
1349 1000 1553 1042 honestum
1584 1015 1664 1042 non
1695 1002 1769 1049 est;
1801 1014 1843 1043 ut
1868 1007 1906 1045 in

82 1062 287 1113 Aragoniae
308 1072 428 1113 regno
447 1060 583 1100 videre
598 1058 695 1108 fuit,
718 1059 875 1098 turbato
893 1058 1031 1106 toties,
1062 1068 1203 1110 totque
1227 1059 1325 1111 saepe
1340 1063 1618 1111 calamitatum,
1649 1075 1693 1102 ac
1706 1064 1905 1105 imminen-

82 1121 178 1160 tium
199 1120 357 1159 subditis
379 1120 608 1161 miseriarum
634 1119 816 1171 procellis
847 1119 988 1171 agitato
1003 1148 1016 1167 ,
1046 1117 1097 1159 eo
1130 1118 1238 1170 quod
1262 1120 1352 1160 Rex
1375 1121 1508 1160 Petrus
1540 1122 1710 1175 Quartus
1735 1132 1814 1164 tam
1841 1137 1906 1177 pa-

82 1181 135 1218 cis
171 1192 285 1231 quam
312 1181 400 1219 belli
423 1190 603 1231 tempore
623 1178 671 1217 ad
688 1178 941 1220 commodum
964 1181 1105 1230 magis,
1136 1178 1250 1231 quam
1276 1181 1324 1220 ad
1348 1180 1668 1222 existimationem
1704 1184 1741 1223 δε
1762 1183 1904 1225 famam

82 1239 220 1279 cuncta
250 1240 454 1279 referebat.
517 1238 674 1278 Utilitas
699 1238 736 1278 &
759 1238 938 1279 honestas
976 1237 1137 1289 junctae,
1169 1239 1206 1279 δε
1232 1242 1315 1291 pari
1346 1241 1452 1292 paffu
1479 1243 1699 1292 ambulent,
1732 1254 1903 1295 oportet.

82 1298 176 1338 Nec
193 1301 231 1338 in
258 1312 342 1338 eam
361 1310 425 1338 me
456 1297 596 1336 adduci
631 1300 757 1348 patior
799 1296 1023 1337 sententiam
1048 1295 1116 1353 (b)
1147 1299 1232 1339 nihil
1258 1299 1449 1352 gloriosi-un,
1480 1302 1544 1354 nist
1561 1310 1695 1351 tutum,
1726 1303 1778 1348 ἐξ)
1797 1307 1905 1344 omnia

83 1358 261 1398 retinenda
282 1358 536 1398 Domismtimzis
559 1355 721 1409 honestae3
749 1369 878 1409 neque
895 1358 998 1397 enirn
1019 1358 1126 1409 quod
1152 1358 1335 1399 indecens
1363 1360 1439 1409 est,
1471 1363 1618 1401 bonum
1644 1363 1812 1403 medium
1832 1364 1905 1404 effe

81 1417 210 1469 potest
242 1418 289 1457 ad
319 1419 420 1457 illam
448 1415 650 1456 tuendam:
678 1429 808 1470 neque
837 1417 866 1457 s1
887 1416 1024 1465 fuerit,
1055 1417 1147 1456 ideo
1176 1418 1380 1459 honestum
1417 1422 1506 1470 erit,
1541 1432 1605 1460 aut
1628 1423 1902 1463 excusandum.

82 1477 178 1518 Illud
201 1478 323 1518 solum
342 1476 563 1526 contendo,
592 1486 637 1515 ut
655 1476 841 1530 Principis
873 1478 1042 1517 animum
1070 1478 1319 1529 opinionibus
1346 1479 1568 1533 vulgaribus
1588 1482 1823 1534 superiorem
1853 1484 1905 1524 fa-

84 1539 182 1577 ciam
201 1568 212 1587 ,
243 1538 281 1577 &
308 1537 548 1578 constantem
566 1535 747 1578 adversus
770 1549 888 1578 vanas
905 1539 1042 1589 populi
1073 1538 1391 1580 obtrectationes.
1455 1541 1513 1581 Ut
1543 1543 1633 1582 sciat
1651 1543 1791 1583 cedere
1810 1554 1905 1584 tem-

85 1598 199 1649 pori,
223 1597 260 1637 δε
281 1597 503 1637 dissimulare
517 1595 699 1636 offensas:
731 1599 930 1650 deponere
944 1599 1172 1649 gravitatem
1187 1601 1328 1651 regiam
1342 1614 1354 1638 .-
1374 1601 1559 1652 aspernari
1576 1604 1726 1642 inanem
1749 1603 1905 1653 famam,

90 1658 211 1696 oculis
229 1659 267 1696 in
285 1670 376 1697 vera
393 1659 454 1697 illa
470 1656 507 1695 &
525 1656 643 1695 solida
663 1656 799 1697 defixis
823 1672 832 1697 :
862 1659 901 1696 in
921 1668 1035 1695 arena
1055 1656 1223 1707 denique
1245 1688 1258 1706 ,
1289 1667 1332 1697 ut
1357 1659 1483 1709 ajunt,
1514 1674 1558 1700 ac
1579 1663 1797 1702 neceffitate
1813 1677 1906 1704 con·

84 1717 206 1756 filium
231 1729 370 1768 capere
388 1748 402 1766 ,
433 1716 462 1756 si
486 1718 539 1755 ita
557 1715 743 1766 expedire
759 1715 886 1756 visum
903 1714 1021 1754 fuerit
1039 1715 1086 1754 ad
1104 1715 1220 1755 status
1245 1717 1298 1756 sui
1319 1719 1651 1761 conservationem
1670 1734 1681 1768 ς
1711 1734 1784 1762 nec
1805 1724 1902 1763 deci-

83 1778 124 1829 pi
146 1777 183 1816 se
201 1777 295 1816 finat
321 1779 429 1816 vanis
443 1774 673 1828 quibusdam
693 1778 863 1829 gloriolae
883 1777 1028 1814 umbris
1047 1805 1059 1824 ,
1091 1777 1208 1827 pluris
1238 1776 1380 1817 scilicet
1408 1791 1492 1819 eam
1510 1780 1729 1821 aestimando
1748 1813 1760 1828 .,
1791 1796 1906 1835 quam

87 1837 290 1876 utilitatem
312 1838 505 1888 publicam
526 1847 539 1881 ;
568 1835 608 1873 id
626 1837 733 1885 quod
753 1837 854 1888 Regi
878 1834 1053 1874 Henrico
1082 1836 1234 1887 Quarto
1256 1837 1353 1876 vitio
1373 1838 1503 1879 datum
1521 1839 1594 1880 fuit
1616 1871 1628 1889 ‚
1658 1844 1805 1882 nolenti
1839 1856 1906 1883 eo·

82 1908 167 1935 rum
186 1895 289 1946 sequi
316 1896 515 1934 confilium
536 1922 548 1941 ,
580 1896 644 1942 qui
662 1895 829 1933 luasores
850 1894 901 1931 illi
919 1892 1097 1942 fuerant,
1126 1904 1170 1931 ut
1196 1892 1381 1944 Joannem
1404 1896 1472 1950 (c)
1491 1899 1722 1942 Paciechum
1740 1902 1904 1942 Villenae

84 1955 358 1994 Marchionem
390 1950 741 2003 comprehenderet
762 1982 774 2001 ‚
814 1952 1049 1991 tumultuum
1085 1952 1122 1991 &
1164 1957 1440 1996 commotionis
1467 1960 1565 1999 inter
1585 1961 1689 2011 regni
1719 1961 1903 2003 Proceres

84 2013 282 2054 aurstorem
308 2013 346 2052 &
377 2014 618 2052 incentorem
644 2024 653 2049 ε
685 2011 904 2052 excusando
927 2011 964 2051 se
983 2041 995 2059 ,
1029 2011 1135 2063 quod
1152 2011 1269 2054 fidem
1293 2017 1344 2054 illi
1369 2018 1562 2068 publicam
1577 2018 1736 2060 dedisset
1754 2021 1901 2062 Madri-

84 2086 166 2115 tum
197 2073 379 2113 veniendi
400 2102 412 2121 ,
443 2082 578 2110 contra
604 2083 719 2121 quam
742 2084 854 2125 agere
879 2071 948 2111 sibi
976 2083 1056 2111 non
1072 2074 1219 2112 liceret.
1291 2074 1445 2117 Frivola
1473 2081 1666 2118 excusatio
1684 2111 1694 2128 ‚
1727 2083 1838 2121 inane
1861 2082 1905 2122 fi-

84 2135 146 2173 dei
167 2133 204 2173 &
224 2134 436 2173 clementiae
459 2132 653 2183 specimen
671 2134 761 2171 vitae
780 2133 852 2171 suae
879 2131 916 2171 δε
939 2132 1044 2171 saluti
1070 2134 1235 2184 publicae
1263 2136 1492 2187 anterferre,
1525 2150 1612 2188 erga
1639 2151 1726 2180 eum
1749 2143 1903 2192 praeser-

85 2197 152 2234 tim
171 2223 183 2243 ,
213 2195 278 2245 qui
302 2190 476 2232 concessa
495 2192 564 2231 fibi
586 2191 784 2232 securitate
803 2193 1025 2231 abuteretur
1046 2193 1094 2232 ad
1109 2195 1318 2244 perniciem
1340 2197 1408 2248 ipsi
1431 2197 1600 2249 personae
1627 2201 1738 2252 regite
1760 2203 1902 2241 machi·

85 2253 248 2294 nandam
268 2283 280 2303 ,
310 2252 415 2293 unde
436 2251 644 2306 gravisfima
661 2252 708 2292 ad
726 2252 848 2306 ipsum
871 2252 1041 2305 Regem,
1072 2252 1110 2293 &
1125 2255 1342 2296 universum
1357 2257 1436 2309 ejus
1454 2271 1613 2313 regnum
1630 2272 1825 2302 manarant
1836 2262 1899 2301 da-

86 2326 174 2354 mna
194 2327 239 2354 ac
261 2313 504 2358 detrimenta.

230 2372 302 2413 Nil
332 2373 508 2414 Tiberius
534 2370 655 2411 Caesar
675 2372 895 2413 morabatur
918 2403 930 2422 ,
959 2373 1058 2413 vitio
1075 2373 1143 2414 fibi
1178 2377 1278 2416 verti
1301 2374 1323 2416 ὲ
1339 2379 1531 2419 nonnullis
1554 2378 1661 2432 quod
1679 2389 1787 2421 tanto
1805 2390 1902 2423 tem·

89 2444 187 2486 pore
200 2433 238 2472 in
253 2433 369 2473 insula
394 2433 553 2486 Capreis
571 2430 812 2473 cunstaretur
834 2466 845 2484 ‚
875 2435 914 2473 in
940 2432 1042 2473 solos
1064 2435 1358 2478 calumniatores
1382 2440 1553 2480 intentos
1573 2441 1718 2481 habens
1741 2443 1901 2492 oculos,

88 2504 217 2544 neque
249 2493 382 2533 Galliae
400 2493 587 2534 laboranti
605 2492 838 2535 succurreret
861 2523 873 2543 ,
905 2495 1010 2546 cujus
1029 2495 1133 2535 bona
1156 2509 1243 2549 pars
1268 2497 1346 2549 jam
1367 2508 1450 2540 tum
1473 2502 1638 2552 perierat
1659 2531 1671 2550 ,
1700 2513 1830 2553 neque
1850 2502 1903 2542 le-

90 2554 280 2604 gionesin
298 2552 502 2594 Germania
524 2564 791 2605 componeret,
851 2553 969 2603 Haec,
988 2556 1170 2607 inquam,
1201 2559 1294 2598 nihil
1319 2560 1381 2599 ille
1409 2561 1651 2609 morabatur,
1683 2563 1773 2612 quin
1806 2563 1904 2602 tante)

88 2611 259 2666 impensius
278 2615 313 2653 in
317 2612 534 2665 securitatem
551 2613 756 2666 compqsitus,
768 2627 873 2669 neque
887 2615 949 2655 loco
963 2628 1068 2668 neque
1078 2617 1180 2657 vultu
1195 2625 1369 2668 mutatus,
1399 2617 1550 2673 (d)sed
1560 2628 1600 2660 ut
1612 2618 1747 2672 fhlitum
1758 2628 1822 2672 per
1833 2621 1904 2662 dies

95 2673 167 2714 illos
195 2674 274 2726 egit.
337 2673 558 2715 Constantia
579 2674 746 2727 prudens
764 2676 882 2725 audit,
902 2687 981 2714 non
1004 2685 1112 2715 curat
1144 2690 1380 2729 magnopere
1393 2679 1534 2730 judicia
1563 2680 1601 2720 δι
1629 2681 1751 2721 sensus
1779 2683 1901 2734 impe-

92 2735 173 2773 ritae
201 2733 450 2773 multitudinis
474 2765 486 2784 ,
516 2734 635 2774 sciens
660 2736 774 2776 rebus
796 2737 898 2776 bene
915 2734 1026 2787 gestis
1048 2765 1060 2785 ,
1093 2737 1416 2779 obtrectationem
1440 2738 1572 2792 postea
1586 2744 1624 2781 in
1642 2741 1824 2793 majorem
1840 2754 1903 2781 ce-

89 2793 181 2834 dere
211 2794 370 2846 gloriam
393 2823 407 2843 ,
436 2793 474 2833 &
497 2794 612 2846 seipsa
635 2794 767 2836 sensim
791 2796 1032 2836 evanescere.
1113 2796 1326 2838 Diffidebat
1354 2802 1545 2841 exercitus
1568 2801 1749 2841 electioni
1781 2801 1902 2842 Saulis

91 2855 130 2893 in
159 2854 308 2906 Regem
329 2883 342 2902 ,
372 2865 539 2905 eumque
555 2854 786 2906 aspernando
813 2857 986 2897 dicebat:
1017 2856 1044 2908 ζ
1044 2860 1087 2910 e)
1125 2858 1224 2897 Num
1227 2855 1375 2909 salvare
1392 2873 1451 2900 nos
1463 2861 1695 2917 poteritiste?
1725 2863 1901 2902 Diffimu-

94 2915 187 2953 lavit
210 2923 338 2952 tamen
357 2913 477 2953 verba
497 2913 563 2953 ista
580 2914 668 2954 Saul
686 2946 698 2965 ,
729 2916 766 2956 δι
784 2916 900 2957 surdis
921 2919 1070 2968 accepit
1091 2919 1242 2957 auribus
1260 2919 1288 2971 ζ
1304 2932 1431 2971 neque
1450 2925 1550 2962 enim
1576 2923 1770 2976 Principes
1798 2921 1901 2961 audi-

94 2984 134 3011 re
152 2974 280 3013 omnia
303 2973 520 3027 convenit)
552 2973 589 3013 &
605 2976 742 3015 milites
769 2976 876 3017 suum
903 2976 1036 3029 postea
1061 2977 1282 3018 damnantes
1307 2993 1476 3022 errorem
1497 2983 1728 3035 palinodiam
1752 2982 1900 3022 cecine-

95 3043 202 3083 runt,
229 3033 349 3074 immo
369 3034 459 3074 &in
477 3033 766 3075 obtrectationis
785 3036 980 3078 auftorem
996 3038 1294 3090 inquisiverunt,
1321 3040 1723 3084 infamimultftandum
1749 3050 1895 3088 morte,

936 3097 973 3137 K
992 3099 1018 3138 k
1866 3099 1895 3141 sl

178 3220 249 3275 .(a)
265 3221 402 3260 Ibidem
427 3222 506 3261 hist.
526 3235 562 3269 7.
587 3221 686 3272 Hisp.
706 3222 730 3258 l.
756 3235 792 3270 4.
812 3234 884 3262 c.2.
942 3226 1003 3271 (b)
1013 3225 1135 3263 Salust.
1192 3227 1249 3273 (c)
1273 3227 1363 3263 Mar.
1382 3225 1459 3263 hist.
1476 3225 1572 3276 Hisp.
1596 3226 1618 3262 l.
1639 3238 1698 3272 23.
1724 3235 1754 3261 c.
1773 3235 1809 3271 7.
1830 3226 1892 3269 (d)

100 3269 216 3306 Tacit.
233 3270 293 3309 lib.
325 3287 355 3320 3.
384 3276 514 3315 Annal.
537 3276 596 3324 (e)
626 3276 753 3324 10Reg
792 3287 848 3311 10.
866 3286 925 3322 27.
