2132 3730
481 230 1506 292 SYMBOLAPOLITICA.'
1780 249 1862 295 337

61 324 205 370 Privati
227 326 345 380 Regis
366 325 532 381 Philippi
552 327 665 368 Primi
684 326 812 368 eidem
829 325 1090 368 dissuadebant
1105 326 1405 379 congressionem
1420 355 1433 374 ,
1463 319 1504 366 δε
1523 320 1760 377 colloquium
1776 335 1867 366 cum

60 385 171 441 Rege
191 384 444 427 Ferdinando.
502 384 750 439 Eiuscemodi
770 394 870 427 artes
889 386 1055 427 vidimus
1071 387 1130 427 his
1144 383 1281 426 nostris
1305 384 1547 439 temporibus
1567 381 1800 436 frequentari
1827 385 1869 423 in

58 443 215 487 Francia
235 456 327 486 cum
356 457 437 486 non
466 447 610 498 exiguo
631 444 865 489 detrimento
882 444 1158 499 tranquillitatis
1175 443 1300 497 Regni
1319 446 1439 495 iilius,
1468 443 1507 483 δε
1529 445 1648 484 totius
1664 441 1868 484 Christiani

0 523 2 539 >
55 505 175 559 orbis.
235 503 468 546 Remedium
498 505 655 545 unicum
688 503 764 555 est,
793 506 969 558 spernere
1006 505 1244 546 difficultates
1269 503 1309 544 δι
1337 503 1611 553 incommoda,
1643 513 1727 555 quae
1748 502 1868 543 Mini-

0 570 4 609 2,
55 562 120 604 stri
147 561 384 617 Principibus
403 562 604 604 familiares
623 564 865 615 obtendunt,
895 565 934 606 ἃ
950 568 988 606 in
1000 574 1175 605 mutuum
1191 565 1326 603 venire
1345 560 1622 614 conspeetum‚
1651 561 1718 603 ubi
1733 562 1869 603 visan-

4 619 6 625 “
54 623 178 675 guinis
199 622 353 663 occulte
369 633 586 676 operante,
613 624 831 676 mitigantur
846 627 980 674 animi,
1005 624 1040 663 &
1058 625 1098 663 in
1119 632 1295 676 apertum
1321 622 1361 663 se
1388 622 1522 675 prodit
1539 633 1676 662 eorum
1706 622 1870 673 malitia,

54 683 123 733 qui
141 681 370 722 diffidiorum
394 681 572 723 auetores
601 680 776 723 extitere,
838 683 911 724 His
937 684 1147 723 rationibus
1177 693 1379 734 permotus
1403 682 1491 721 Rex
1516 680 1776 721 Ferdinandus
1801 680 1869 721 Se·

56 742 181 794 gobiae
197 740 328 783 coram
350 744 537 783 convenit
559 741 709 793 Regem
731 741 944 783 Henricum
968 743 1159 796 Quartum
1180 742 1353 795 conjugis
1386 741 1460 781 suae
1481 739 1659 791 fratrem,
1688 742 1869 782 nihilve.

56 801 150 840 ritus
171 811 222 840 ex
245 811 297 841 eo
316 803 498 854 periculi,
528 800 638 853 quod
661 800 699 840 se
720 803 861 853 suaque
887 803 1131 842 committere
1152 801 1350 842 videretur
1374 800 1475 854 Regi
1511 799 1683 845 offenso,
1712 800 1779 851 qui
1803 808 1869 840 aut

56 871 107 900 ex
132 871 264 901 amore
281 863 461 911 naturali,
491 871 559 901 aut
579 860 628 901 ad
645 859 938 902 dissimulandam
958 861 1062 900 suam
1087 860 1282 899 infamiam
1311 859 1405 900 illud
1425 860 1563 913 agebat
1593 857 1736 910 unice,
1766 868 1810 898 ut
1825 858 1870 900 fi-

58 921 107 960 lia
135 917 197 960 sua
219 919 365 972 Joamia
380 922 418 961 in
442 921 601 962 Corona
615 920 862 961 succederet:
893 918 962 960 etsi
992 916 1094 959 enim
1113 918 1162 958 de
1178 918 1358 970 periculis
1384 915 1461 957 istis
1487 919 1572 958 satis
1597 917 1619 957 ὲ
1654 918 1727 958 suis
1751 915 1870 958 fuerit

57 982 328 1032 praemonitus,
357 981 445 1021 ciirn
470 991 600 1022 tamen
617 979 665 1021 ad
679 980 891 1035 prudentiae
911 978 1100 1019 bilancem
1129 977 1196 1018 ista
1223 976 1484 1031 expenderet,
1511 978 1715 1031 praevaluit
1747 979 1872 1018 omni-

58 1038 130 1078 bus
146 1041 259 1140 υηίοέ
286 1041 349 1082 illa
370 1040 648 1091 consideratio,
680 1038 784 1082 nulia
806 1040 949 1081 scilicet
965 1041 1006 1080 vi
1031 1048 1097 1078 aut
1117 1037 1345 1079 traci-atione
1360 1039 1449 1091 plus
1476 1037 1575 1078 effici
1597 1036 1725 1091 poss'e,
1753 1036 1870 1091 quam

56 1099 229 1152 praesenti
255 1132 266 1146 .

414 1271 810 1341 SYMBO
844 1270 1091 1341 LUM
1170 1267 1510 1341 LXXVIII.

250 2795 372 2835 tentio
393 2822 406 2843 ,
433 2795 620 2840 noxium;
650 2792 688 2833 δε
726 2792 834 2846 quod
863 2792 961 2833 infra
994 2804 1109 2845 aquas
1132 2791 1393 2845 demergitur,
1416 2789 1683 2831 monstrosum.
1773 2790 1873 2843 Quis

248 2857 374 2908 primo
402 2852 557 2907 aspectu
579 2854 802 2905 inaequalem
825 2851 929 2894 istam
961 2852 1218 2893 diversitatem
1247 2851 1499 2906 agnosceret?
1527 2849 1695 2891 Tantum
1721 2850 1873 2890 mentiri

74 2919 232 2967 oculos,
260 2927 302 2955 ut
328 2909 461 2955 fallant
483 2915 649 2953 animum
674 2922 750 2954 tam
769 2914 924 2954 suavem
942 2912 1016 2954 effe
1039 2920 1272 2953 concentum
1296 2920 1340 2952 ut
1363 2920 1483 2952 naves
1515 2911 1686 2963 impellat
1713 2911 1752 2950 in
1791 2909 1873 2949 sco-

72 2976 210 3030 pulosl
242 2977 349 3016 velut
378 2973 718 3014 extraordinarium
739 2972 919 3014 admirata
943 2972 998 3012 est
1026 2974 1244 3025 Antiquitas
1275 2969 1483 3012 monstrum
1513 2967 1634 3020 istud,
1665 2979 1703 3009 at
1725 2970 1873 3010 nullum

75 3038 193 3090 magis
219 3036 474 3078 ordinarium:
505 3035 598 3074 aulae
615 3032 654 3073 δι
677 3032 763 3073 loca
787 3034 914 3074 omnia
942 3042 1077 3073 eorum
1099 3032 1214 3085 plena
1243 3029 1315 3088 (a)
1346 3023 1442 3072 sunt.
1502 3030 1669 3084 Quoties
1694 3029 1871 3069 homines

78 3096 229 3139 dulcem
246 3095 285 3142 i&
309 3094 485 3137 sonoram
500 3094 540 3135 in
563 3104 633 3134 ore
659 3093 825 3146 linguam
851 3091 1125 3134 circumferunt
1144 3117 1158 3142 ‚
1193 3099 1269 3145 qua
1301 3085 1524 3146 decipiunt,
1552 3086 1592 3129 a:
1615 3089 1726 3129 amici
1749 3088 1869 3142 grem-

896 3152 1061 3207 Qqqq
1799 3148 1873 3190 bue

72 2725 317 2871 QUo'd
349 2733 388 2774 in
408 2730 540 2775 Sirene
556 2730 748 2781 cernitur,
776 2720 987 2773 formosum
1001 2724 1078 2779 est;
1109 2726 1215 2785 quod
1231 2725 1396 2782 auditur,
1411 2724 1547 2778 suave3
1578 2724 1685 2782 quod
1698 2726 1797 2771 celat
1817 2725 1873 2770 iii-

130 3295 132 3297 ’
173 3304 237 3353 (a)
264 3304 309 3340 Et
323 3303 455 3353 Sirenes
472 3304 512 3342 in
525 3298 675 3343 delubris
687 3298 898 3354 voluptatis.
925 3299 1000 3336 Isai.
1024 3310 1038 3335 1
1049 3311 1081 3346 3.
1103 3306 1163 3335 222,
