2132 3730
261 250 316 297 38
723 245 1072 287 DIDACI
1125 247 1664 294 SAAVEDRAE

256 341 345 369 cum
365 327 548 369 modestia
567 339 699 367 manus
714 329 778 366 alis
803 327 873 367 suis
888 331 1173 381 cooperientes.
1230 332 1326 372 lllud
1352 344 1425 384 ego
1458 343 1655 384 optarem,
1685 345 1728 375 ut
1756 335 1937 388 Princeps
1966 340 2064 378 invi‘-

255 389 363 429 deret
389 389 507 427 cultui
535 387 573 426 δε
593 388 850 436 venerationi,
872 401 984 439 quam
1014 389 1167 440 quidam
1188 391 1299 432 nimis
1334 394 1448 431 etiam
1481 391 1684 433 ambitiose
1709 393 1953 447 {deposcunt‚
1983 398 2062 437 hoc

252 450 430 496 nomine,
461 446 568 498 quod
597 446 698 498 apud
719 459 808 487 eum
825 449 942 501 gratia
966 450 1050 500 plus
1070 450 1242 498 valeant,
1267 451 1305 491 &
1334 453 1385 491 illi
1407 452 1597 492 chariores
1626 452 1729 502 sint,
1748 463 1863 506 atque
1890 455 1990 496 adeo
2019 468 2061 496 ut

253 509 326 548 hos
346 507 501 546 favores
515 507 653 546 nimios
672 507 904 558 aliquantum
923 508 1159 552 moderetur.
1219 509 1367 550 Verum
1401 512 1529 551 nescio
1558 524 1637 564 quo
1664 512 1779 563 paao
1794 517 1924 567 —gratia
1945 516 2003 555 illa
2022 517 2062 556 δε

251 567 365 607 favor
397 565 581 606 fascinent
614 568 781 606 animum
812 567 1018 619 Principis,
1056 569 1093 608 &
1123 568 1552 618 invidiamqexoculent.
1611 570 1700 611 Saul
1740 570 1811 628 (a)
1843 587 1923 614 non
1947 574 2060 615 rectis

248 628 371 666 oculis
393 625 596 678 aspiciebat
618 626 838 676 Davidem,
867 629 955 668 cilm
971 630 1147 681 praeclara
1164 628 1279 679 ipsius
1301 629 1472 670 facinora
1496 632 1609 671 etiam
1636 633 1675 670 in
1698 632 1920 683 obsequium
1951 634 2058 675 suum

249 685 371 739 gesta,
389 698 466 738 prae
483 686 554 726 suis
583 695 711 726 tamen
727 687 908 727 celebrari
937 688 1187 739 conspiceret.
1251 687 1395 728 Contra
1421 690 1600 730 Affuerus
1631 689 1701 744 (b)
1731 691 1819 731 Rex
1843 692 1958 733 facile
1982 694 2058 734 fer-

247 759 289 785 re
312 755 467 798 poterat
495 747 713 796 Amanum,
745 759 860 799 quem
890 747 1063 801 singulari
1098 746 1239 788 affestu
1274 749 1614 801 prosequebatur,
1637 760 1680 791 ut
1718 749 1869 805 Regem
1900 754 1977 793 coli
2008 755 2056 795 ab

248 807 427 847 omnibus
458 806 496 846 &
524 805 670 858 suspici.
1939 850 1942 851 γ

420 865 455 917 §.
488 864 608 906 Nulla
637 865 780 906 invidia
802 867 888 918 plus
917 867 1034 908 habet
1061 870 1244 921 periculi,
1275 881 1388 921 quam
1417 880 1502 921 quae
1525 870 1581 912 est
1609 872 1709 912 inter
1735 872 1841 911 viros
1863 869 2056 922 Nobiles3

245 924 455 965 curandum
473 927 620 977 itaque,
650 935 693 964 ut
713 925 882 966 honores
911 926 1120 969 &munera
1135 941 1214 969 non
1245 930 1446 970 videantur
1475 929 1624 971 familiis
1655 934 1769 971 certis
1796 930 1871 972 effe
1897 932 2056 973 haeredi-

245 986 359 1032 tatia,
390 985 453 1024 sed
482 986 529 1025 ab
547 997 621 1025 una
643 984 916 1026 transferantur
935 986 981 1027 ad
1002 990 1115 1037 alias,
1143 992 1196 1029 ita
1215 989 1394 1041 quidem,
1426 998 1470 1029 ut
1501 991 1776 1042 locupletiores
1812 1002 2054 1044 occupentur

243 1046 301 1096 inl
319 1046 473 1093 officiis,
519 1057 602 1096 quae
618 1057 803 1097 pompam
839 1048 1002 1098 aliquam
1034 1049 1072 1088 &
1098 1049 1268 1101 sumptus
1296 1050 1507 1101 postulant,
1533 1052 1781 1102 pauperiores
1811 1050 1909 1091 verb
1932 1055 1971 1092 in
1989 1053 2053 1102 iis,

243 1115 312 1156 per
330 1116 414 1157 quae
436 1104 484 1144 ad
508 1106 710 1144 lautiorem
730 1105 856 1145 redire
868 1106 1063 1148 fortunam
1077 1138 1089 1157 ,
1119 1108 1156 1148 δε
1174 1110 1383 1150 nobilitatis
1407 1110 1481 1150 suae
1498 1108 1741 1161 splendorem
1767 1111 1866 1149 tueri
1884 1113 2052 1151 valeant.

421 1163 456 1215 ς,
489 1163 700 1204 AEmulatio
721 1167 844 1216 aliqua
867 1168 1045 1218 gloriosa,
1064 1169 1124 1207 illa
1144 1170 1346 1220 nimirum,
1377 1182 1461 1222 quae
1476 1180 1558 1209 non
1586 1171 1740 1219 virtuti,
1771 1179 1836 1208 aut
1851 1170 1980 1209 alienae
1998 1173 2052 1210 in-

242 1222 350 1262 videt
371 1225 624 1274 excellentiae,
643 1224 706 1264 sed
723 1237 767 1265 ea
787 1224 938 1266 destitui
954 1227 992 1266 se
1009 1227 1136 1277 dolet,
1166 1229 1203 1268 δι
1221 1232 1379 1282 egregiis
1399 1230 1672 1281 experimentis
1693 1241 1767 1281 qua
1795 1227 2052 1278 fortitudinis,

242 1295 316 1334 qua
335 1284 474 1336 ingenii
491 1283 538 1323 ad
558 1296 641 1324 eam
660 1285 818 1337 aspirare
835 1287 1057 1337 contendit,
1088 1290 1169 1337 illa,
1200 1292 1376 1341 inquam,
1406 1298 1574 1330 meretur
1590 1288 1770 1335 laudem3
1800 1300 1927 1340 neque
1947 1292 2051 1330 enim

241 1344 381 1383 vitium
398 1344 540 1384 censeri
556 1344 696 1394 debet,
726 1344 791 1384 sed
816 1346 972 1386 scintilla
998 1348 1170 1399 quaedam
1187 1350 1360 1398 virtutis,
1394 1362 1478 1401 quae
1506 1360 1556 1388 ex
1583 1350 1710 1388 animo
1725 1348 1845 1388 nobili
1872 1348 1910 1388 δε
1936 1361 2052 1403 gene-

240 1403 328 1442 roso
358 1405 514 1448 eminet.
574 1403 733 1454 Gloria,
756 1417 872 1456 quam
897 1406 1064 1446 Miltiadi
1090 1408 1252 1448 vitioria
1275 1420 1409 1449 contra
1435 1407 1563 1449 Persas
1591 1410 1765 1460 peperit,
1794 1410 1846 1447 ita
1874 1409 2052 1448 accendit

239 1461 507 1502 Themistoclis
532 1464 697 1503 animum
713 1494 724 1512 ‚
755 1474 798 1503 ut
822 1466 1005 1517 quicquid
1031 1469 1069 1506 in
1093 1480 1142 1507 eo
1161 1468 1252 1508 effet
1271 1471 1374 1518 vitii,
1405 1468 1568 1509 flammae
1585 1469 1657 1507 illae
1674 1469 1777 1508 illico
1795 1468 2049 1517 absumerent,

239 1523 319 1576 ipse
345 1525 499 1563 veroin
517 1525 630 1563 aliurn
649 1533 817 1563 mutatus
844 1525 1067 1576 hominem,
1101 1527 1138 1567 ὃς
1165 1529 1267 1580 quasi
1290 1539 1398 1568 extra
1435 1529 1473 1569 se
1505 1527 1675 1579 positus,
1709 1527 1879 1568 Athenas
1904 1540 2051 1579 peram-

240 1584 409 1632 bularet,
426 1583 464 1623 &
487 1582 642 1622 diceret.
706 1583 886 1624 Miltiadis
900 1585 1104 1637 trophaeisfie
1123 1585 1254 1638 &stmmo
1268 1590 1426 1628 excitari.
1487 1586 1684 1640 Quamdiu
1713 1586 1893 1626 Vitellius
1912 1588 2050 1628 habuit

239 1645 417 1689 aemulos‚
448 1641 469 1681 a
484 1645 584 1681 vitiis
610 1641 686 1682 sese
702 1641 902 1691 abstinuit;
933 1655 970 1684 at
991 1646 1101 1686 simul
1118 1660 1162 1687 ac
1180 1649 1230 1688 illi
1252 1647 1437 1697 defuere,
1466 1655 1539 1688 tum
1559 1644 1623 1698 ipſse
1641 1643 1868 1699 exercitusque
1878 1644 2023 1696 seez-isia
2036 1678 2048 1694 ,

238 1701 393 1751 libidine,
424 1708 531 1754 raptu
548 1704 584 1741 in
603 1709 770 1740 extremos
788 1715 896 1741 mores
909 1712 1161 1756 proruperunt.
1221 1707 1325 1746 Talis
1343 1707 1398 1747 est
1420 1708 1637 1755 aemulatio,
1667 1718 1780 1758 quam
1806 1706 2048 1756 Respublicae

237 1762 378 1803 fovere
409 1762 553 1801 debent
576 1761 783 1813 propositis
815 1764 1000 1814 praemiis,
1031 1763 1166 1804 erectis
1195 1765 1378 1817 trophaeis
1404 1777 1449 1803 ac
1472 1764 1624 1812 statuis;
1654 1767 1777 1805 anima
1805 1766 1906 1804 enim
1927 1763 1981 1804 est
2009 1764 2047 1804 &

239 1823 409 1875 spiritus,
439 1823 576 1871 quibus
595 1822 666 1859 illae
694 1821 989 1871 conservantur,
1021 1823 1059 1863 &
1080 1826 1197 1876 magis
1213 1825 1335 1864 indies
1357 1824 1611 1865 efflorescunt.
1670 1825 1801 1876 Atque
1830 1824 1928 1863 hanc
1947 1824 2046 1863 caus-

239 1882 313 1922 sam
338 1879 412 1920 ess'e
435 1889 558 1931 puto,
588 1891 655 1917 cur
674 1878 905 1930 Respublica
926 1879 1099 1920 Helveta
1128 1893 1204 1921 tam
1233 1895 1368 1933 parum
1395 1884 1547 1921 labores
1568 1884 1655 1922 suos
1682 1882 1778 1923 fines
1801 1882 1957 1923 ulterius
1981 1895 2047 1922 exa

240 1940 422 1988 tendere,
454 1938 491 1978 δι
508 1951 575 1978 cur
603 1950 652 1977 ex
672 1937 807 1979 eadem
830 1948 907 1978 tam
925 1941 997 1978 rari
1024 1941 1096 1980 viri
1117 1940 1332 1981 illustriores
1362 1940 1572 1993 prodeant3
1603 1943 1751 1983 tametsi
1778 1941 1866 1981 alias
1896 1941 2048 1982 Natura

241 2004 425 2042 virtutem
456 1999 494 2039 &
525 1999 638 2037 animi
658 1998 776 2037 robur
809 1999 852 2038 iis
874 1998 1030 2039 minime
1056 1999 1268 2054 denegarit:
1298 2014 1387 2041 nam
1410 2001 1647 2052 praecipuum
1674 2011 1808 2040 eorum
1832 2000 2045 2042 institutum

240 2060 315 2111 est,
344 2061 492 2100 servare
510 2059 608 2098 inter
625 2069 760 2098 omnes
789 2058 827 2097 δι
854 2058 892 2097 in
914 2059 1091 2099 omnibns
1117 2062 1393 2111 aequalitatem,
1425 2072 1504 2111 quo
1533 2058 1618 2097 casu
1647 2059 1759 2098 ceffat
1787 2062 1911 2098 omnis
1929 2072 2045 2099 aemu·

239 2124 354 2171 lati0,
383 2119 481 2160 adeo
508 2119 670 2159 virtutes
688 2119 847 2172 egregiae
872 2117 910 2158 &
926 2120 1104 2160 militares
1130 2120 1252 2161 veluti
1274 2119 1450 2160 ardentes
1481 2131 1613 2171 prunae
1635 2117 1703 2158 sub
1728 2119 1916 2159 cineribus
1945 2119 2045 2172 sopi.

240 2193 368 2223 untur.

337 2242 372 2294 §.
404 2239 555 2282 Verum
577 2241 751 2292 quamvis
764 2241 824 2280 illa
836 2242 933 2281 inter
950 2240 1150 2282 Ministros
1175 2243 1365 2282 aemulatio
1395 2240 1497 2281 utilis
1521 2239 1697 2279 videatur
1716 2270 1727 2288 ‚
1759 2251 1839 2279 non
1865 2240 1970 2278 omni
1987 2248 2040 2278 ta-

241 2314 331 2342 men
355 2312 468 2342 vacat
485 2302 658 2353 periculo
677 2314 686 2339 ι
716 2300 870 2353 Populus
897 2332 908 2350 ,
933 2304 1035 2342 enim
1050 2333 1062 2352 ,
1095 2302 1170 2357 (d)
1191 2306 1252 2356 qui
1268 2305 1425 2342 neminem
1443 2298 1517 2351 fine
1539 2300 1651 2340 aemulo
1663 2301 1748 2352 finit
1769 2331 1780 2348 ,
1816 2298 1920 2338 varie
1948 2298 2039 2338 affe-

241 2362 325 2402 aus
344 2361 399 2402 est
413 2393 425 2411 ,
455 2361 558 2400 unde
587 2361 678 2399 dum
700 2359 758 2400 isti
776 2362 861 2410 uni,
892 2363 942 2401 illi
962 2364 1068 2402 alteri
1085 2364 1254 2415 plausum
1275 2362 1365 2401 dant
1381 2392 1394 2410 ,
1425 2361 1625 2400 contentio
1641 2361 1740 2398 inter
1758 2368 1944 2409 utrosque
1965 2360 2039 2398 ori-

241 2432 325 2472 tur,
357 2422 394 2462 &
420 2423 584 2473 partium
604 2419 729 2460 studio
750 2422 993 2461 concitantur
1018 2424 1202 2462 tumultus
1230 2434 1273 2462 ac
1289 2422 1505 2461 seditiones.
1565 2419 1754 2468 Accedit,
1785 2418 1891 2470 quod
1922 2419 2040 2458 ambi-

241 2483 356 2523 tionis
375 2481 488 2521 ardor
502 2511 514 2530 ,
543 2480 582 2520 &
597 2479 785 2532 cupiditas
801 2480 987 2521 efferendi
1002 2482 1038 2521 se
1064 2483 1174 2535 supra
1189 2482 1281 2522 alios
1301 2482 1347 2521 ad
1373 2480 1527 2520 fraudes
1545 2510 1556 2529 ,
1586 2489 1761 2530 artesque
1797 2479 1943 2518 illicitas
1969 2480 2037 2518 im·

238 2545 384 2596 pellere
401 2542 539 2587 soleat,
568 2540 606 2580 &
629 2553 712 2591 quae
731 2540 890 2581 honesta
904 2543 1070 2594 primum
1088 2553 1168 2583 erat
1185 2543 1443 2588 aemulati0,in
1458 2540 1589 2580 odium
1605 2539 1757 2579 tandem
1779 2549 1894 2590 atque
1903 2537 2040 2578 invidi-

239 2616 299 2644 am
321 2603 538 2655 degeneret·
599 2600 778 2640 Offensus
798 2602 889 2641 olim
915 2601 1102 2642 Metellus
1124 2633 1136 2653 ‚
1168 2602 1273 2654 quod
1288 2603 1326 2641 in
1343 2601 1523 2653 Hispania
1542 2599 1728 2639 Citeriore
1747 2597 1933 2650 l’ompejo
1951 2598 2036 2637 suc-

241 2662 362 2703 cess'or
370 2663 631 2703 nominaretur
640 2690 652 2710 ,
664 2661 701 2701 &
710 2662 839 2713 gloriae
848 2661 1091 2714 Pompejanae
1099 2662 1241 2703 invidia
1256 2661 1475 2709 stimulatus,
1485 2658 1620 2700 milites
1631 2659 1873 2699 exautoravit
1883 2687 1894 2705 ‚
1910 2658 2033 2696 robur

239 2725 430 2763 exercitus
455 2722 670 2769 imminuit,
701 2720 739 2761 &
762 2722 1026 2774 provisionem
1058 2734 1213 2764 omnem
1237 2722 1444 2761 incuriosus
1462 2720 1641 2773 neglexit.
1714 2717 1836 2772 Quod
1858 2716 1895 2756 &
1919 2717 2035 2756 Pom-

239 2784 348 2835 pejus
366 2781 498 2834 postea
517 2781 610 2821 fecit
627 2811 639 2830 ‚
670 2780 758 2821 cum
776 2782 990 2822 rescisceret
1022 2782 1203 2823 Marcum
1224 2781 1414 2828 Popilium
1437 2780 1641 2820 Consulem
1666 2779 1733 2819 fibi
1757 2777 2036 2818 succenturian.

240 2842 358 2889 dum3
391 2843 428 2881 &
453 2854 502 2881 ne
521 2841 624 2880 forte
641 2842 880 2893 triumphatis
900 2841 1145 2882 Numantinis
1178 2843 1333 2894 gloriam
1353 2843 1383 2881 is
1409 2841 1676 2892 adipisceretur
1692 2871 1702 2888 ,
1733 2847 1936 2887 antequam
1956 2837 2030 2875 abi-

238 2913 298 2942 ret
319 2902 461 2950 officio,
482 2913 617 2953 pacem
638 2913 723 2940 cum
744 2903 787 2940 iis
817 2901 910 2941 fecit
928 2932 939 2949 ,
970 2902 1150 2942 Romano
1178 2904 1323 2941 nomini
1342 2901 1552 2941 admodum
1566 2898 1800 2951 probrosam.
1863 2894 2032 2934 Hocno-

238 2961 316 3003 stro
336 2972 513 3011 tempore
536 2961 668 3000 Grolla
693 2962 731 3000 in
750 2960 867 3000 hostis
892 2961 1120 3013 potestatem
1137 2962 1336 3009 concellit,
1366 2973 1445 3001 non
1470 2963 1539 3000 alia
1555 2960 1604 2999 de
1618 2956 1738 2997 cauffa
1753 2987 1765 3006 ‚
1796 2954 1910 3008 quam
1925 2955 2033 3006 quud

240 3025 338 3064 inter
365 3020 558 3060 Tribunos
574 3021 752 3060 militares
775 3052 785 3068 ,
820 3024 883 3073 qui
911 3021 1075 3061 subsidio
1102 3022 1350 3062 mittebantur
1376 3052 1389 3071 ,
1421 3021 1470 3061 de
1496 3019 1745 3072 praerogativa
1766 3016 1856 3057 esset
1873 3026 2032 3081 conten-

1959 3083 2028 3114 tio.

343 3228 399 3273 (ει)
426 3232 504 3263 Non
520 3227 626 3263 rec‘Jis
639 3239 717 3277 ergo
733 3225 835 3262 oculis
849 3227 936 3263 saul
949 3223 1136 3278 aspiciebat
1154 3224 1315 3262 Davidd
1329 3223 1385 3262 die
1411 3224 1510 3262 idai.
1525 3224 1617 3272 Reg.
1637 3234 1668 3257 c.
1691 3233 1703 3257 1
1715 3227 1746 3261 8.
1765 3233 1800 3265 9·
1854 3221 1915 3267 (b)
1944 3226 2029 3256 Cun-

236 3276 458 3330 ‹i‘t'iquesbrvi
468 3280 581 3330 Regis,
596 3280 656 3331 qui
669 3280 707 3315 in
713 3275 855 3328 fhribur
865 3279 1000 3315 Palatii
1014 3275 1251 3324 vershbantur
1261 3305 1269 3318 ,
1285 3275 1590 3328 flec'lebantgenua
1600 3301 1608 3316 ,
1622 3271 1668 3317 ἅ-
1679 3269 1879 3310 adorabant
1896 3278 2028 3310 Anzan„

238 3330 331 3370 Esth.
349 3344 379 3367 c.
403 3344 433 3379 3.
455 3346 489 3372 η.
545 3332 601 3379 (ς)
627 3333 712 3371 Tac.
741 3330 800 3367 lib.
820 3345 853 3367 2.
876 3331 1005 3368 Histot.
1058 3333 1119 3377 (d)
1145 3333 1231 3368 Tac.
1249 3330 1310 3368 lib·
1326 3344 1387 3379 24.
1407 3328 1537 3367 Annal.
