2132 3730
265 251 328 292 90
706 231 1056 276 DJDACJ
1103 232 1639 276 SAAVEDRAE.

265 335 310 364 re
329 324 522 376 quisquam
537 324 770 370 loqueretur.
831 315 1101 368 Triumphavit
1123 315 1386 358 crudelitatem
1409 315 1634 368 Prudentia,
1662 318 1701 359 &
1728 318 1878 360 silentio
1904 333 1949 360 ac
1972 317 2062 362 diffi-

263 386 472 425 mulatione
494 380 699 420 tumultum
718 387 874 417 omnem
900 375 1057 416 sedavit.

415 442 449 493 §.
481 439 702 479 Minoribus
723 435 870 477 delictis
891 436 1071 489 Princeps
1085 435 1239 475 veniam
1261 434 1351 477 dete
1378 436 1578 490 grandiora
1593 437 1716 489 poenis
1732 438 1923 482 coerceat.
1981 439 2063 480 Poe-

263 501 438 544 nitudine
456 499 648 539 interdum
666 507 873 538 contentus
889 496 958 546 fit,
986 496 1025 536 id
1045 495 1152 549 quod
1172 493 1326 536 Tacitus
1345 493 1418 552 (a)
1435 499 1475 538 in
1491 497 1671 551 Agricola
1691 498 1935 540 collaudavit.
1965 498 2066 540 Non

260 564 422 614 imperat
442 561 598 608 melius,
628 559 694 611 qui
715 560 836 598 acrius
853 556 1026 610 castigat,
1055 555 1120 597 sed
1145 556 1210 607 qui
1232 556 1384 596 excusat
1411 570 1499 598 cum
1529 556 1749 610 prudentia,
1780 570 1902 611 eaque
1932 559 2067 599 mode-

258 623 433 669 ratione,
463 628 506 660 ut
528 631 579 659 ne
600 617 795 671 plectendi
816 619 946 658 ansam·
967 630 1086 669 porro
1103 617 1294 669 praebeat3
1323 618 1475 668 prorsus
1496 618 1591 658 ficut
1610 618 1787 672 chirurgo
1804 631 1922 659 nemo
1940 620 2066 659 hono-

259 683 293 721 ri
311 681 466 730 tribuit,
481 679 509 720 si
524 677 646 720 multa
660 680 813 719 brachia
833 679 871 719 δι
893 679 1002 718 tibias
1024 679 1181 717 resecet.
1242 674 1405 717 Nemini
1431 679 1523 720 odio
1554 677 1609 718 est
1631 677 1833 731 Princeps,
1864 681 1931 731 qui
1963 677 2069 719 casti-

257 749 345 794 gat,
375 740 403 781 fi
420 752 509 781 cum
526 741 639 780 animi
656 737 817 789 dolore,
848 739 1048 780 &invitus
1068 738 1108 778 id
1125 736 1259 783 faciat3
1289 735 1354 776 sed
1379 749 1493 789 quem
1514 737 1698 792 puniendi
1708 737 1874 778 dele&at
1899 738 2068 789 occafio,

257 802 377 853 quive
399 801 499 841 illam
516 799 686 840 studiose
712 809 861 851 captat,
891 797 928 838 &
954 799 1119 849 prensat.
1177 795 1367 848 Castigare
1389 796 1437 836 ad
1459 801 1679 851 exemplum
1695 798 1734 839 &
1759 797 2066 848 correffionem,

257 859 314 900 est
333 860 620 908 inisericordiae3
651 861 802 912 culpam
829 857 927 898 vero
949 859 1140 910 inquirere
1164 870 1213 898 ex
1235 856 1424 910 paffione,
1455 857 1494 897 ἃ.
1511 859 1559 898 ad
1576 858 1725 899 Fiscum
1745 856 1971 909 ditandum,
2006 868 2067 909 ty·

253 922 380 961 rannis
404 919 471 963 est.

376 979 412 1032 §.
442 978 540 1020 Non
556 979 753 1030 permittat
764 978 972 1029 Princeps,
1002 986 1046 1016 ut
1068 977 1166 1015 ullus
1184 984 1261 1015 tam
1280 984 1484 1027 potentem
1512 986 1557 1014 ac
1579 976 1725 1029 legibus
1749 976 1914 1018 solutum
1929 977 1967 1018 se
1985 980 2065 1019 exi·

254 1038 380 1081 stimet
399 1070 412 1088 ‚
443 1048 487 1078 ut
513 1049 715 1090 opponere
741 1037 818 1077 sese
841 1037 1053 1086 audeatiis,
1085 1037 1150 1088 qui
1167 1034 1333 1076 Ministri
1359 1037 1442 1076 sunt
1458 1033 1609 1087 justitiae
1635 1066 1648 1085 ,
1676 1036 1714 1075 δε
1742 1036 1972 1088 potestatem
1983 1040 2064 1089 ejus

256 1113 301 1139 ac
325 1111 462 1139 munus
477 1097 745 1150 repraesentant
762 1098 782 1136 ἓ
813 1097 900 1137 alias
922 1097 986 1137 diii
1004 1096 1112 1136 firma
1136 1107 1215 1135 non
1233 1094 1412 1137 consistet
1432 1097 1613 1136 columna
1637 1092 1708 1151 (b)
1723 1096 1972 1147 Reipublicae.
2004 1095 2064 1136 U-

255 1158 295 1199 bi
310 1156 423 1200 semel
444 1157 676 1204 audaciailla
693 1158 917 1204 invaluerit,
934 1158 1116 1208 paulatim
1131 1154 1314 1195 corrodet
1332 1168 1417 1195 eam
1429 1164 1689 1207 contemptus,
1708 1154 1745 1194 &
1767 1155 1903 1195 diruet.
1965 1156 2064 1196 Prae-

255 1222 412 1272 cipuutn
434 1217 674 1259 Monarchiae
693 1215 908 1268 Hispanicae
929 1216 1223 1256 fundamentum
1245 1245 1259 1264 ,
1290 1214 1328 1255 &
1362 1215 1469 1267 quod
1492 1227 1576 1255 eam
1603 1223 1806 1267 tantopere
1832 1217 1987 1263 evexit,
2018 1227 2064 1255 ac

254 1281 463 1320 etiamnum
485 1286 637 1328 tuetur,
667 1275 722 1316 est
740 1277 923 1316 inviolata
939 1277 1000 1316 illa
1016 1274 1169 1328 Justitiae
1185 1273 1368 1324 custodia,
1388 1275 1427 1315 &
1448 1277 1572 1327 rigor,
1595 1285 1710 1327 quem
1726 1286 1834 1328 reges
1848 1271 2066 1315 sanctiffime

255 1339 405 1391 semper
420 1347 597 1377 curarunt
617 1367 628 1385 ‚
658 1346 702 1376 ut
717 1337 755 1376 in
775 1337 927 1376 honore
951 1336 988 1375 &
1012 1336 1139 1387 pretio
1159 1334 1206 1373 ab
1226 1336 1406 1374 omnibus
1421 1335 1639 1374 haberetur.
1715 1333 1834 1374 Nulla
1853 1336 1950 1374 illius
1978 1337 2064 1375 vio-2

253 1400 346 1439 latio
372 1396 556 1438 toleratur
576 1394 734 1448 impune
756 1425 767 1444 ,
797 1397 1042 1447 quantumvis
1071 1405 1205 1446 magna
1234 1394 1277 1433 fit
1300 1394 1555 1445 delinquentis
1572 1394 1731 1446 dignitas
1746 1395 1812 1433 vel
1840 1393 2071 1446 austoritas.x

253 1458 450 1498 Cordubae
468 1456 592 1509 Judex
619 1455 771 1507 quidam
797 1457 940 1495 aulicus
958 1467 1007 1494 ex
1025 1453 1206 1494 mandato
1227 1452 1345 1505 Regis
1373 1452 1602 1494 Ferdinandi
1620 1453 1810 1492 Catholici
1823 1454 1861 1492 in
1879 1453 2063 1495 delictum

259 1518 416 1570 aliquod
432 1516 647 1568 inquirebat
663 1545 676 1565 ,
707 1527 822 1566 quem
841 1527 929 1554 cum
948 1513 1087 1554 deinde
1100 1512 1281 1552 Marchio
1300 1512 1349 1552 de
1367 1512 1499 1566 Puego
1520 1511 1738 1564 conjecisset
1755 1514 1794 1552 in
1810 1514 1976 1561 vincula,
1991 1513 2064 1567 (c)

257 1586 463 1629 tantopere
491 1575 657 1615 offensus
686 1573 761 1614 fuit
784 1575 897 1623 Rex,
930 1584 971 1613 ut
984 1582 1044 1613 tot
1066 1573 1219 1626 insignia
1239 1573 1419 1624 obsequia
1429 1574 1549 1612 totius
1566 1572 1717 1612 familiae
1734 1570 1836 1611 istius
1851 1571 1899 1611 de
1914 1572 2065 1612 Cordu-

252 1638 304 1677 ba
322 1667 333 1686 ,
363 1634 550 1687 impedire
565 1646 644 1674 non
671 1635 870 1685 potuerint
890 1663 901 1681 ,
931 1635 1022 1684 quin
1044 1633 1178 1671 acriter
1197 1632 1234 1670 &
1253 1630 1385 1672 severe
1401 1633 1440 1672 in
1461 1644 1549 1673 eum
1578 1631 1900 1672 animadverteret
1917 1661 1930 1681 ,
1959 1631 2064 1683 post-

256 1708 373 1749 quam
398 1695 434 1734 se
449 1703 576 1733 totum
603 1694 778 1732 manibus
805 1693 884 1743 ejus
903 1693 1012 1744 regiis
1028 1690 1271 1741 permififfet‚
1306 1692 1462 1731 hortatu
1487 1690 1623 1744 Magni
1655 1691 1778 1732 Ducis
1799 1721 1812 1739 ,
1839 1692 1905 1742 qui
1935 1689 2063 1743 prope

252 1753 493 1809 perspectam
514 1753 659 1793 habens
692 1750 818 1791 deliCti
840 1752 1091 1803 gravitatem,
1122 1761 1206 1801 quae
1231 1751 1384 1789 veniam
1402 1762 1482 1789 non
1508 1761 1739 1798 mereretur,
1769 1750 1807 1789 &
1827 1751 1945 1803 Regis
1969 1762 2063 1790 cona

253 1815 425 1856 stantiam
451 1815 489 1852 in
507 1812 649 1852 tuenda
669 1810 920 1859 austoritate,
952 1810 990 1849 &
1005 1808 1284 1849 existimatione
1297 1807 1447 1859 justitiae
1468 1809 1505 1850 ἃ
1526 1807 1791 1850 Ministrorum
1804 1810 2062 1859 illius,eidem

256 1874 391 1913 audior
417 1872 543 1912 fuerat
565 1901 577 1920 ,
607 1879 650 1909 ut
668 1870 716 1908 ad
734 1871 831 1921 regis
849 1869 970 1920 pedes
987 1869 1024 1907 se
1041 1868 1202 1918 supplex
1219 1868 1475 1907 advolveret:
1506 1869 1613 1920 quod
1636 1870 1663 1909 fi
1692 1869 1858 1918 faceret,
1899 1871 2061 1921 promit·

254 1935 363 1974 tebat
382 1931 495 1980 fore,
525 1939 569 1969 ut
592 1927 772 1968 delictum
799 1924 843 1966 ea
866 1929 1014 1967 ratione
1031 1927 1231 1977 expiaret,
1261 1926 1315 1965 fin
1339 1928 1464 1966 minus
1480 1955 1493 1975 ‚
1523 1928 1635 1967 sciret
1665 1940 1773 1968 certo
1794 1958 1808 1978 ,
1845 1928 1915 1969 fibi
1944 1941 2059 1982 pere·

253 1993 414 2034 undum.

411 2049 446 2101 §.
477 2046 546 2088 Ne
559 2045 679 2087 solum
692 2045 829 2098 punire
847 2043 964 2084 debet
981 2043 1161 2095 Princeps
1177 2042 1339 2082 offensas
1357 2052 1491 2083 contra
1504 2042 1703 2093 personam
1727 2042 1828 2084 suam
1846 2047 2059 2095 propriam,

257 2121 323 2153 aut
345 2111 557 2162 supremam
577 2105 820 2156 Majestatem
839 2104 920 2155 ipso
940 2106 1176 2156 gubernante
1198 2132 1211 2151 ,
1240 2102 1388 2150 factas3
1419 2101 1485 2140 sed
1517 2113 1579 2139 eas
1611 2102 1724 2141 etiam
1742 2132 1755 2151 ,
1775 2115 1859 2154 quae
1878 2103 1945 2142 sub
1962 2107 2059 2157 regi<

252 2174 357 2214 mine
380 2168 574 2221 praeterito
597 2163 802 2205 commiffae
820 2160 954 2211 fuere,
986 2163 1133 2203 tametsi
1153 2162 1190 2201 id
1211 2162 1276 2201 iub
1288 2161 1457 2203 hostium
1467 2159 1658 2213 potestate
1676 2169 1756 2202 tum
1773 2161 1910 2202 fuerit.-
1926 2174 2058 2204 exem-

255 2233 317 2285 pla
337 2231 437 2269 enim
462 2225 734 2268 inobedientiae
754 2234 819 2263 aut
842 2232 1089 2275 contemptus
1108 2221 1324 2260 dissimuIata
1338 2251 1348 2269 ,
1369 2229 1434 2260 aut
1455 2222 1568 2259 etiam
1587 2230 1769 2260 coronata
1787 2223 1967 2274 proemiis,
1986 2235 2055 2274 pe-

255 2289 417 2332 riculosa
435 2287 518 2327 sunt
534 2287 647 2325 etiam
674 2283 973 2325 Succefforibus.
1034 2283 1209 2328 Dianitas
1231 2281 1378 2332 semper
1394 2279 1529 2320 eadem
1551 2278 1631 2328 est,
1661 2279 1794 2331 sponsa
1817 2281 1964 2332 semper
1986 2284 2055 2322 illi-

253 2362 300 2391 us
317 2381 330 2399 ‚
359 2348 381 2388 a
402 2359 482 2399 quo
496 2345 730 2398 poffidetur;
761 2355 878 2394 quare
903 2343 1048 2382 causam
1078 2343 1178 2382 suam
1196 2339 1311 2389 facit,
1334 2340 1503 2391 quisquis
1521 2352 1593 2392 pro
1608 2338 1758 2380 honore
1773 2340 1852 2391 ejus
1869 2339 2052 2382 sollicitus

252 2409 331 2459 est,
357 2406 507 2448 tametsi
530 2407 561 2445 is
579 2402 667 2445 ante
690 2403 794 2443 laesus
811 2401 937 2442 fuerit.
999 2402 1157 2441 Nullam
1178 2401 1355 2452 Princeps
1378 2397 1464 2452 post
1481 2399 1519 2439 se
1548 2399 1809 2451 derelinquere
1827 2399 1946 2441 debet
1971 2414 2053 2442 me-

255 2469 417 2511 moriam
436 2467 568 2513 ullius‚
588 2466 653 2516 qui
667 2463 860 2502 audaciam
874 2461 978 2501 istam
1003 2462 1077 2502 sese
1099 2460 1322 2514 opponendi
1339 2457 1577 2512 Magistratui
1599 2458 1754 2512 impune
1767 2461 1907 2500 tulerit.
1945 2459 2052 2503 Nam

252 2531 283 2572 fi
305 2529 419 2568 semel
445 2525 513 2566 sibi
535 2523 781 2577 persuaserint
805 2522 970 2569 subditi,
994 2522 1100 2574 poffe
1126 2523 1200 2562 sese
1221 2522 1322 2561 suam
1341 2519 1502 2560 stabilire
1530 2518 1735 2560 Fortunam
1757 2550 1770 2570 ,
1811 2530 1875 2560 aut
1894 2521 2050 2573 pallioni

253 2590 326 2631 suae
354 2587 483 2628 facere
504 2585 588 2625 satis
605 2593 732 2624 morte
751 2592 817 2622 aut
836 2582 978 2621 offensa
1010 2583 1210 2634 Principis,
1237 2582 1379 2621 nemini
1405 2580 1541 2621 securo
1568 2582 1702 2621 vivere
1732 2581 1877 2621 licebit.
1940 2580 2052 2620 Puni-

253 2652 311 2690 tio
334 2647 500 2688 audaciae
523 2644 702 2685 adversus
724 2641 1013 2683 Antecefforem
1044 2641 1246 2683 commiffae
1269 2639 1498 2682 Succefforis
1535 2639 1589 2680 est
1612 2639 1789 2680 securitas
1814 2671 1826 2689 ,
1858 2640 1896 2680 &
1921 2642 2053 2680 cautio

254 2709 453 2755 omnibus,
483 2717 533 2745 ne
555 2704 658 2745 idem
677 2712 825 2744 tentare
848 2702 1023 2743 audeant.
1083 2702 1155 2743 His
1169 2701 1379 2741 rationibus
1402 2709 1600 2754 permotus
1609 2699 1789 2741 Vitellius
1803 2698 1962 2741 interfici
1976 2699 2050 2752 jus-

250 2769 325 2818 fit,
352 2774 549 2821 quotquot
568 2764 717 2804 libellos
734 2763 923 2816 supplices
947 2765 996 2803 illi
1018 2764 1236 2803 obtulerant
1257 2770 1273 2812 3
1303 2762 1440 2813 quibus
1468 2759 1687 2800 mercedem
1714 2760 1932 2813 flagitabant
1952 2772 2050 2812 prae-

253 2827 347 2869 stitae
361 2838 491 2880 operae
506 2827 545 2866 in
562 2824 756 2865 occisione
769 2822 844 2877 (d)
864 2823 1009 2864 Galbae.
1068 2823 1127 2864 Ut
1145 2822 1313 2873 quisquis
1334 2823 1427 2861 alios
1450 2821 1586 2871 habet,
1602 2821 1653 2861 fic
1674 2821 1828 2861 vicissim
1847 2818 2048 2859 haberiso-

253 2887 320 2929 let.
375 2886 485 2928 Dum
503 2885 622 2938 Julius
658 2882 780 2924 Caesar
791 2886 1037 2937 praeciperet,
1056 2894 1099 2925 ut
1115 2880 1288 2934 Pompeji
1312 2880 1440 2922 statuae
1470 2882 1703 2934 erigerentur
1718 2911 1730 2931 ,
1759 2878 1925 2920 firmavit
1950 2879 2043 2979 sug}-
2108 2902 2111 2939 5

2035 2952 2048 2979 ι
2108 2955 2109 2958 ,

349 3083 407 3129 (a)
434 3079 566 3117 parvis
580 3082 732 3132 peccatis
758 3080 926 3121 veniam,
941 3079 1080 3132 magnis
1091 3075 1328 3124 sbveritatem
1344 3077 1606 3120 commendare5
1620 3088 1680 3112 nec
1692 3072 1798 3127 poemi
1811 3071 1963 3126 st’mper,
1981 3072 2051 3120 fid
2102 3072 2104 3119 ξ

244 3136 364 3190 fipius
370 3132 582 3187 poenitentia
599 3143 778 3171 contentus
791 3131 861 3181 effi.
889 3133 1026 3170 Ibidem
1038 3131 1077 3168 in
1096 3130 1172 3167 vita
1189 3130 1311 3180 Agric.
1363 3133 1422 3178 (b)
1439 3136 1540 3167 Hanc
1553 3135 1591 3165 P.
1609 3133 1643 3164 C.
1658 3140 1780 3163 curam
1786 3124 1937 3177 ficstinet
1947 3126 2046 3163 Prin·
2101 3132 2102 3135 ’

252 3199 325 3241 ceps
340 3215 349 3229 ,
376 3185 442 3224 hac
455 3182 569 3232 omifflz
572 3182 747 3235 funditus
761 3192 873 3238 Remp.
891 3183 1026 3223 trahet.
1048 3183 1165 3220 Tacit.
1183 3183 1208 3219 l.
1223 3196 1254 3230 3.
1271 3183 1400 3220 Annal.
1459 3184 1516 3230 (c)
1541 3183 1630 3218 Mar.
1643 3178 1921 3239 hist.Hisp.·1.29.
1948 3190 2042 3225 c.13.

252 3235 778 3336 zcllggzrjnhogrcetlfglfflssd
790 3237 930 3276 tradito
949 3233 1162 3289 Princtspt'bus
1183 3249 1290 3278 more,
1313 3236 1568 3274 munimentum
1588 3231 1640 3270 ad
1647 3229 1799 3286 praefim,
1813 3244 1853 3270 m
1874 3228 2047 3284 pcsterum

2124 3219 2132 3288 i

2121 3302 2132 3335 ‹
