2132 3730
277 232 358 272 300
707 200 1646 253 DIDACISAAVEDRAE.

273 303 370 344 Dux
400 303 568 342 Albanus
600 292 858 333 Ferdinandus
890 291 987 344 Regi
1018 291 1201 344 Philippo
1229 291 1410 331 Secundo
1434 290 1644 340 suaserunt,
1674 302 1717 331 ut
1751 293 1789 332 in
1813 293 1905 332 mari
1925 292 2062 343 potiffi-
2110 293 2132 342 ¹⁴

272 376 380 404 mum
401 359 508 400 armis
534 355 572 394 &
590 354 711 404 copiis
733 353 953 391 militaribus
972 349 1145 403 praestare
1163 352 1241 391 aliis
1259 360 1473 391 conaretur.
1534 350 1625 391 Nec
1645 352 1833 403 ignoravit
1854 351 1942 390 Rex
1972 349 2064 391 Sise-
2110 343 2111 346 ¹

273 423 435 467 bunius,
466 415 596 467 quanti
629 412 669 454 id
696 411 875 460 referret,
906 413 970 463 qui
999 412 1144 464 primus
1176 412 1219 449 iis
1248 413 1391 451 viribus
1418 413 1455 451 in
1488 413 1581 451 mari
1607 408 1816 463 Hispanico
1854 411 1940 450 usus
1976 409 2064 453 fuit.

271 483 378 523 Idem
403 486 560 529 quoque
574 472 772 514 confilium
791 471 1067 511 Themistocles
1084 471 1156 510 suae
1175 470 1281 509 dedit
1298 472 1557 521 Reipublicae,
1590 471 1627 510 &
1643 470 1761 523 reipsa
1776 469 1908 523 postea
1922 470 2064 510 Roma·
2110 462 2112 465 ’

270 543 309 583 ni
331 537 448 579 secuti
462 536 567 585 sunt,
595 542 639 574 ut
661 534 795 573 orbem
811 531 883 571 suae
899 532 1033 571 ditioni
1055 530 1290 581 subjicerent.
1348 529 1591 570 Elementum
1613 530 1704 570 illud
1729 541 1866 570 terram
1895 532 2012 570 ambit
2028 530 2067 570 &

271 600 440 640 edomat.
498 595 543 635 In
573 595 638 634 illo
656 595 714 633 vis
729 592 837 644 juxta
858 604 901 631 ac
919 593 1105 631 velocitas
1127 590 1255 630 locum
1274 590 1433 631 habent.
1496 589 1576 641 Qui
1592 590 1743 630 fortiter
1759 592 1802 630 iis
1827 591 1882 629 uti
1899 593 2067 640 noverit,

269 670 377 699 terrae
397 656 595 696 dominum
611 654 648 693 se
671 651 880 696 constituit.
939 652 981 691 In
1007 652 1079 691 hac
1093 652 1282 689 minantur
1298 661 1418 698 arma,
1448 647 1486 688 &
1503 660 1552 687 ex
1569 661 1643 688 una
1660 650 1736 689 sola
1766 660 1874 702 parte
1904 650 2066 698 feriunt,

266 721 306 758 in
325 718 417 758 mari
435 728 484 756 ex
508 714 698 754 omnibus.
758 710 878 752 Nulla
893 721 970 752 tam
984 711 1143 764 vigilans
1161 723 1250 749 cura
1264 707 1339 759 est,
1369 720 1454 761 quae
1473 709 1651 748 omnibus
1678 710 1822 761 semper
1842 712 1916 750 oris
1930 713 2068 751 mariti·
2110 727 2112 752 ;

266 779 338 818 mis
355 775 444 817 ante
464 774 575 828 poffit
590 774 831 826 prospicere3
862 771 964 811 nulla
978 781 1082 812 tanta
1095 772 1290 823 potentia,
1321 781 1404 821 quae
1432 768 1628 808 sufficienti
1644 780 1707 809 eas
1725 779 1838 821 queat
1855 772 1952 811 tueri
1970 783 2066 823 prae-

266 838 376 879 sidio.
435 835 556 875 Maris
578 833 771 873 beneficio
797 830 990 871 Nationes
1022 844 1157 871 omnes
1188 830 1235 870 ad
1258 842 1411 870 morum
1449 828 1776 869 mansuetudinem
1808 828 2067 880 adducuntur,
2110 822 2111 875 J

268 910 352 950 quae
377 897 527 936 incultae
545 893 632 934 alias
651 892 769 933 effent
787 904 831 931 ac
850 892 1017 932 barbarae
1042 893 1187 943 absque
1209 890 1461 944 navigationis
1478 890 1735 937 commercio,
1764 888 1868 929 unde
1895 901 2084 930 commu—⁷
2110 911 2111 917 =

265 960 323 999 nis
342 956 384 996 fit
402 955 612 1008 linguarum
634 953 742 998 usus;
772 951 812 991 id
831 951 938 1003 quod
963 952 1105 991 docere
1126 953 1252 990 voluit
1274 950 1492 1000 Antiquitas
1506 978 1518 998 ,
1549 948 1640 989 dum
1656 950 1806 988 clavum
1830 951 1938 989 navis
1959 951 2067 1003 Argo

266 1021 439 1058 iermone
458 1016 565 1054 usum
583 1011 692 1053 fuisse
709 1011 841 1060 finxit,
869 1021 912 1050 ut
928 1013 1130 1061 innueret,
1159 1011 1297 1059 credo,
1327 1011 1425 1050 illius
1440 1007 1633 1049 beneficio
1662 1017 1809 1049 exteras
1835 1008 1925 1049 adiri
1947 1009 1986 1049 &
2004 1022 2065 1050 ce-

265 1078 400 1117 lebrari
423 1075 664 1121 Provincias3
692 1072 877 1124 siquidem
902 1074 1011 1112 navis
1030 1073 1330 1123 gubernaculum
1348 1067 1423 1119 est,
1452 1067 1559 1120 quod
1583 1068 1733 1121 singulis
1759 1080 1854 1120 opes
1882 1069 1920 1111 ὃς
1941 1069 2067 1109 diviti-

265 1150 302 1176 as
321 1138 474 1175 aliarum
500 1137 782 1181 communicat,
813 1129 889 1171 una
910 1129 1112 1172 Provincia
1130 1132 1235 1170 alteri
1252 1131 1407 1170 vicissim
1434 1130 1637 1182 largiente,
1669 1127 1774 1180 quod
1796 1128 1920 1168 eidem
1944 1128 2068 1169 deest:

264 1209 348 1249 quae
369 1195 562 1236 necessitas
581 1194 618 1234 ὃς
637 1192 841 1233 subsidium
856 1202 1032 1231 mutuum
1049 1193 1292 1243 reciprocum
1310 1192 1412 1229 illum
1429 1200 1601 1229 amorem
1621 1186 1956 1229 &familiaritatem
1964 1190 2068 1229 alunt

262 1258 361 1297 inter
381 1256 557 1295 homines
572 1283 583 1303 ,
614 1265 779 1304 quorum
812 1264 908 1291 unus
933 1251 1083 1291 alterius
1102 1263 1221 1303 opera
1239 1250 1276 1290 δι
1297 1250 1436 1289 auxilio
1455 1260 1584 1289 carere
1610 1260 1691 1288 non
1726 1246 1864 1299 potest.
2109 1292 2110 1297 Ἰ

437 1314 472 1366 §.
503 1317 633 1365 Atque
655 1315 738 1353 haec
759 1313 870 1353 maris
888 1312 1064 1365 potentia
1081 1311 1226 1364 Regnis
1246 1308 1473 1361 quibusdam
1512 1309 1630 1362 magis
1655 1308 1755 1348 utilis
1783 1306 1860 1357 est,
1889 1319 1933 1347 ac
1959 1309 2068 1357 aliis,
2109 1306 2111 1325 ³

262 1388 335 1428 pro
362 1374 513 1414 diverso
537 1373 749 1414 eorundem
784 1371 858 1411 fitu
887 1384 931 1411 ac
962 1370 1217 1423 dispositione.
1278 1369 1520 1408 Monarchiae
1547 1370 1585 1407 in
1617 1367 1705 1406 Asia
1726 1367 1803 1406 iitae
1831 1377 1929 1407 terra
1951 1370 2067 1421 magis

262 1437 407 1475 viribus
424 1434 614 1486 indigent,
646 1432 760 1484 quam
778 1430 883 1471 mari.
944 1429 1123 1469 Venetiae
1140 1429 1177 1469 δε
1202 1428 1365 1477 Genua,
1395 1439 1554 1479 quarum
1577 1427 1648 1466 illae
1672 1428 1709 1466 in
1734 1425 1817 1479 ipso
1841 1428 1955 1476 mari,
1985 1428 2068 1467 haec

261 1495 388 1535 eidem
412 1495 587 1546 proxima
607 1492 682 1542 est,
701 1501 815 1543 atque
834 1492 885 1529 ita
906 1489 1132 1539 constituta,
1162 1500 1204 1528 ut
1239 1488 1418 1539 scopulus
1449 1488 1560 1526 maris
1585 1487 1737 1537 potius,
1758 1498 1872 1537 quam
1895 1496 2002 1526 terrae
2023 1487 2067 1526 fi-

260 1567 331 1595 nus
350 1552 424 1593 effe
451 1553 648 1601 videatur,
679 1551 727 1590 ad
746 1561 900 1589 omnem
934 1551 1121 1587 culturam
1146 1548 1183 1586 &
1210 1548 1522 1600 agricolationem
1563 1543 1787 1593 inidoneus,
1815 1545 1934 1584 robur
1958 1546 2067 1587 suum
2108 1593 2110 1595 .

258 1616 296 1654 in
317 1615 410 1653 velis
437 1614 627 1662 remisque
654 1618 801 1662 ponant
834 1605 985 1647 neceffe
1014 1607 1082 1651 est,
1140 1605 1192 1646 Et
1224 1605 1352 1658 quoad
1384 1617 1428 1644 ea
1450 1604 1666 1644 habuerunt
1691 1605 1731 1644 in
1751 1607 1904 1656 pretio,
1933 1607 2067 1646 terrori

259 1673 416 1714 fuerunt
437 1673 522 1711 orbi
540 1672 659 1710 ambae
683 1670 753 1708 111ae
772 1667 1038 1719 Respublicae,
1070 1665 1107 1705 &
1121 1667 1239 1717 gloria
1256 1666 1440 1708 celebres.
1502 1663 1701 1715 Hispania,
1734 1661 1851 1716 quaea
1867 1666 2063 1706 montibus
2108 1676 2110 1681 ’

257 1733 433 1774 Pirenaeis
457 1733 585 1771 versus
606 1741 708 1769 mare
726 1728 932 1781 porrigitur
948 1757 960 1777 ,
976 1726 1014 1766 δε
1040 1725 1140 1777 quasi
1160 1727 1258 1765 inter
1276 1724 1477 1765 Oceanum
1491 1723 1529 1764 δε
1546 1721 1874 1764 Mediterraneum
1893 1724 1967 1764 sese
1985 1737 2064 1765 me·
2108 1733 2110 1775 ᾗ

262 1793 361 1833 diam
381 1792 578 1843 interjicit,
608 1789 823 1842 potentiam
843 1787 945 1826 suam
968 1785 1107 1826 fundet
1129 1787 1167 1826 in
1186 1786 1297 1826 armis
1319 1785 1540 1834 navalibus,
1570 1782 1756 1836 siquidem
1778 1783 1826 1823 ad
1853 1783 2065 1826 dominium
2108 1783 2110 1824 ἰ

259 1854 469 1893 universale
488 1851 669 1904 aspirare,
700 1847 871 1898 illudque
900 1848 997 1885 tueri
1012 1847 1193 1890 voluerit,
1252 1844 1344 1886 Nec
1365 1844 1463 1885 verb
1501 1843 1606 1895 deest
1637 1843 1831 1896 dispositio
1857 1845 2003 1896 optima
2027 1846 2065 1886 &

259 1914 527 1965 opportunitas
544 1918 728 1961 portuum
746 1906 795 1947 ad
823 1918 924 1945 arma
948 1904 1015 1946 ista
1038 1905 1292 1953 iustentanda,
1324 1905 1362 1945 &
1389 1905 1438 1944 ad
1472 1904 1756 1956 impediendam
1794 1905 1946 1945 aliarum
1983 1903 2064 1946 Na·
2108 1910 2109 1915 ’

260 1974 409 2012 tionum
427 1970 734 2023 navigationem,
763 1978 847 2017 quae
869 1965 1039 2016 ejusdem
1060 1964 1253 2005 beneficio
1271 1977 1366 2015 opes
1387 1965 1456 2002 fibi
1481 1965 1742 2012 accumulant,
1774 1964 1811 2003 &
1841 1976 2065 2015 comparant

260 2034 380 2079 vires,
412 2031 548 2081 quibus
566 2027 705 2068 deinde
725 2025 965 2065 Monarcbiae
993 2024 1207 2076 Hispanicae
1223 2025 1322 2063 bella
1341 2022 1520 2063 inferunt.
1579 2022 1645 2062 Ob
1668 2034 1755 2062 eum
1782 2022 1898 2063 finem
1916 2025 2063 2064 condu-

260 2101 364 2132 ceret
385 2092 494 2129 arinis
521 2090 633 2128 etiam
666 2086 863 2126 consulere
890 2085 1079 2124 securitati
1106 2084 1427 2124 commerciorum
1465 2082 1503 2122 &
1527 2091 1772 2131 mercaturae,
1803 2094 1886 2133 quae
1917 2084 2063 2137 longin-
2106 2095 2108 2098 ·

259 2164 351 2203 quas
368 2149 631 2202 navigationes
653 2146 780 2185 secum
797 2143 927 2192 affert,
958 2155 1008 2183 ex
1042 2144 1233 2196 portubus
1257 2142 1541 2198 armamentaria
1571 2141 1610 2180 δι
1643 2142 1810 2192 granaria
1842 2142 1988 2191 efficit,
2009 2146 2063 2184 in.

256 2212 362 2252 struit
383 2222 451 2249 eos
469 2208 583 2248 rebus
604 2206 782 2246 omnibus
801 2215 875 2256 pro
892 2205 1064 2244 exercitu
1085 2201 1319 2249 neceffariis,
1345 2202 1476 2241 tribuit
1508 2200 1667 2253 Regno,
1697 2200 1799 2239 unde
1832 2201 1979 2242 aluntur
1996 2216 2061 2244 co-
2095 2197 2098 2199 ’

255 2274 328 2324 piae
365 2271 566 2316 militares,
598 2275 711 2318 auget
740 2264 906 2315 denique
932 2261 1046 2312 illud,
1070 2263 1109 2304 &
1134 2261 1370 2313 frequentari
1403 2260 1496 2301 facit
1519 2260 1566 2298 ab
1591 2260 1739 2299 incolis.
1801 2259 1961 2301 Haec'&
1992 2265 2062 2304 alia
2106 2267 2108 2297 3

259 2329 467 2371 commoda
487 2327 670 2369 Ezechiel
691 2325 915 2365 adumbrare
934 2322 1058 2363 voluit
1076 2323 1143 2362 sub
1162 2321 1355 2374 Allegoria
1381 2321 1561 2368 navium,
1581 2319 1719 2370 quibus
1735 2317 1861 2368 Tyrus
1885 2320 2061 2372 (civitas

256 2390 333 2444 (a)
362 2393 398 2430 in
413 2388 508 2429 corde
524 2390 632 2428 maris
648 2384 748 2439 fita)
776 2384 956 2427 utebatur
977 2382 1024 2421 ad
1040 2381 1292 2422 exercendam
1312 2393 1400 2420 cum
1426 2379 1662 2419 Nationibus
1686 2379 1864 2419 omnibus
1888 2385 2059 2434 negotia-

258 2455 405 2491 tionem
420 2479 432 2497 ,
463 2447 647 2499 siquidem
669 2446 715 2484 ad
733 2443 833 2484 illam
855 2443 892 2483 &
913 2453 1031 2481 naves
1060 2442 1097 2481 &
1116 2451 1241 2482 nautae
1263 2440 1485 2492 frequentes
1509 2439 1800 2479 concurrebant.
1879 2438 1951 2495 (h)
1981 2442 2060 2483 Per
2095 2479 2098 2483 ,

245 2508 291 2562 fh
304 2543 315 2560 ‚
335 2509 385 2555 &³
403 2507 534 2562 Lydii,
563 2506 613 2552 ἐξ)
630 2505 759 2559 L3¹bies
790 2510 891 2543 erant
904 2504 939 2542 in
952 2504 1103 2542 exercitu
1125 2502 1204 2552 ejus
1220 2503 1296 2541 viri
1321 2500 1519 2540 bellarm-es:
1547 2499 1690 2552 clypeum
1712 2496 1763 2542 ὣς)
1781 2498 1912 2550 galeam
1923 2498 2059 2554 fispen.

254 2569 379 2610 debant
407 2570 444 2608 in
476 2580 521 2607 ea
536 2576 605 2620 pro
632 2572 757 2606 ornam
784 2564 865 2607 suo,
928 2558 1206 2614 Carthaginenfhs
1228 2563 1251 2600 ὰ
1279 2559 1488 2600 multitudine
1512 2558 1709 2599 cumarum
1733 2556 1939 2601 divitiarum
1955 2593 1967 2610 ,
1995 2575 2058 2603 ar·
2090 2552 2092 2554 V

251 2638 372 2683 gemo,
394 2626 522 2680 ferro,
543 2626 693 2682 stanno,
709 2623 909 2676 plumboque
928 2633 1012 2662 eam
1039 2622 1225 2674 replebant.
1285 2620 1422 2659 Verbo
1436 2649 1448 2669 ‚
1478 2620 1569 2659 nihil
1588 2619 1735 2670 uspiam
1760 2628 1840 2659 erat
1865 2623 2057 2675 gentium,

256 2688 363 2741 quod
380 2690 416 2727 in
437 2686 614 2727 nundinis
632 2685 728 2725 illius
745 2696 823 2723 non
851 2683 1100 2735 reperiretur,
1131 2691 1175 2720 ut
1206 2679 1344 2720 merito
1369 2679 1563 2719 abundans
1582 2678 1795 2728 diceretur,
1825 2679 1863 2720 δι
1889 2680 1958 2735 (c)
1976 2684 2057 2735 glo.

256 2750 370 2795 riosa,
402 2748 508 2798 cujus
523 2746 786 2798 negotiatione
810 2743 898 2783 Rex
920 2742 998 2793 ipse
1022 2742 1123 2782 suam
1151 2750 1306 2781 auxerat
1337 2737 1411 2793 (d)
1440 2738 1718 2779 fortitudinem.
1778 2737 1956 2791 Sidonia,
1981 2740 2057 2780 Ni-
2104 2756 2107 2789 2

256 2809 434 2854 nivitica‚
465 2806 722 2855 Babylonica,
751 2802 979 2843 Romana&
1007 2800 1308 2854 Carthaginensis
1330 2799 1574 2851 Respublicae
1603 2806 1853 2839 mercaturam
1876 2811 2056 2840 exercen-

255 2867 367 2909 tes&
390 2867 528 2918 opibus
554 2865 591 2904 &
621 2866 730 2904 armis
760 2863 985 2903 floruerunt.
1049 2861 1218 2915 Quando
1243 2859 1430 2899 Venetias
1452 2859 1489 2899 &
1521 2858 1699 2898 Genuam
1735 2868 1922 2899 mercatus
1950 2858 2057 2900 defe-
2104 2869 2106 2879 ³

254 2931 306 2969 cit
328 2927 366 2967 &
387 2926 580 2978 navigatio
596 2955 610 2974 ,
634 2923 868 2964 fortitudinis
888 2924 1112 2963 exercitium
1137 2934 1200 2962 eas
1227 2919 1371 2961 defecit
1397 2920 1557 2973 pariter,
1587 2917 1624 2959 &
1645 2919 1891 2959 maximarum
1918 2920 2054 2971 gloria·
2104 2920 2106 2966 ὲ

1100 3003 1105 3006 ·
1973 2993 2057 3022 rum
2103 2991 2106 3011 ἑ

349 3083 374 3129 s
377 3081 420 3130 a)
450 3084 479 3116 Ο
507 3082 582 3132 Ure
604 3087 645 3113 tu
661 3076 786 3129 dixisti
798 3093 811 3115 .·
826 3073 980 3131 persidii
1001 3076 1128 3114 decoris
1139 3088 1198 3128 ego
1219 3075 1316 3121 siim,
1342 3074 1388 3118 ό·
1413 3076 1453 3112 in
1475 3073 1573 3112 corde
1590 3075 1704 3113 maris
1720 3071 1811 3123 fita.
1837 3074 1967 3112 Ezech.
1992 3089 2053 3122 27,
2103 3063 2105 3068 η

253 3149 289 3183 4.
347 3136 418 3181 (b)
449 3136 573 3169 Omnes
592 3142 704 3166 naves
725 3132 838 3167 maris
854 3129 899 3172 όν
911 3139 1023 3166 nauta
1041 3141 1163 3165 earum
1172 3125 1329 3178 fuerunt
1355 3129 1394 3165 in
1416 3127 1536 3181 populo
1559 3126 1805 3180 negotiationis
1823 3135 1899 3162 tua.
1925 3129 2053 3165 Ezech.

254 3200 315 3232 27.
337 3201 366 3235 3.
395 3185 485 3222 ibid.
508 3197 545 3221 v.
564 3197 598 3232 9,
624 3193 683 3222 ιο.
715 3194 772 3219 12.
825 3184 886 3227 (c)
913 3181 1053 3234 Repleta
1078 3194 1130 3222 es,
1152 3179 1197 3222 ό·
1213 3180 1419 3232 glorificata
1438 3181 1545 3217 nimis
1566 3181 1606 3217 in
1636 3176 1732 3214 corde
1749 3179 1872 3215 maris.
1902 3179 1991 3217 Ibid.
2016 3193 2055 3218 v.

256 3249 317 3285 25.
369 3239 438 3286 (d)
466 3243 505 3273 In
521 3233 749 3273 multitudine
759 3231 938 3287 fhpientiae
955 3244 1019 3271 tuae
1035 3259 1044 3275 ‚
1070 3231 1116 3276 ὦ·
1134 3234 1174 3270 in
1189 3235 1424 3285 negotiatione
1442 3237 1508 3268 iun
1520 3227 1758 3283 multiplicasti
1778 3228 1847 3268 tibi
1858 3228 2052 3280 fhrtitudi1

257 3303 346 3328 nem.
373 3291 502 3326 Ezech.
522 3296 582 3330 28·
604 3299 640 3324 v.
667 3298 698 3331 5.
2102 3294 2103 3301 κ
