2132 3730
246 206 303 255 46
676 200 1025 242 DJDACJ
1076 199 1612 245 SAAVEDRAE.

418 356 441 367 -
457 354 473 363 -
490 354 508 364 -
545 326 610 374 Ut
628 318 823 390 diveifit
833 320 950 390 sihi,
969 326 1229 395 vicinaque
1255 326 1395 395 culpa
1412 325 1472 394 ⁴?st
1490 364 1506 385 ,

417 397 508 459 (a)
546 392 725 446 Multa
741 394 962 463 loquens,
1000 394 1068 450 (ἔθ’
1086 395 1430 464 cunHafilens.

239 488 353 530 Tunc
373 486 480 538 loqui
509 485 714 534 convenit,
744 497 834 525 curn
859 484 1048 526 silentium
1080 494 1144 525 aut
1160 485 1324 539 Principi
1352 496 1417 527 aut
1438 489 1591 528 veritati
1622 489 1857 540 praejudicat.
1916 489 2041 544 Maje-

239 550 311 591 stas
339 543 419 588 solo
437 546 552 586 etiam
577 553 674 584 nutu
703 544 779 585 sese
802 546 955 586 abunde
982 547 1163 598 explicat.
1221 545 1422 587 Silentium
1445 558 1596 588 mutum
1621 548 1846 600 opportuno
1865 560 2043 604 tempore

238 621 372 662 magna
391 608 427 646 in
450 606 688 658 Principibus
709 603 888 646 facundia
907 606 982 654 est;
1013 606 1051 646 &
1071 602 1337 658 significantius
1356 609 1469 647 animi
1484 608 1587 648 sensa
1611 607 1711 648 solet
1728 611 1944 662 exprimere
1965 613 2043 652 sola

236 681 389 710 morum
411 667 574 720 gravitas
598 665 634 704 &
652 664 858 713 modestia,
879 665 994 718 quam
1011 666 1089 718 ipsa
1113 665 1252 704 verba:
1283 666 1388 717 quod
1402 667 1428 706 fi
1443 668 1501 707 his
1520 667 1726 722 aliquando
1742 669 1951 721 utendum,
1970 672 2043 714 iin-

237 743 324 772 cera
342 729 415 771 sint
434 734 615 779 oportet,
635 736 724 765 cum
747 727 850 778 regia
868 726 1032 779 quadam
1053 727 1093 767 in
1113 723 1314 765 sentiendo
1332 724 1527 768 libertate.

411 828 499 892 (h)
537 826 703 879 Liberi
702 822 835 894 stnsz'
849 829 903 879 in
920 825 1132 897 simplici
1146 825 1324 896 parole.

407 898 585 951 Libera
584 893 897 967 simplicibus
925 899 1093 952 verbis
1109 909 1335 969 exponere
1337 893 1493 969 stnfit.

233 1013 388 1056 Etenim
410 1024 500 1052 cum
516 1013 873 1064 exaggerationibus
890 1013 1036 1063 nimiis,
1067 1025 1155 1053 cum
1169 1014 1390 1064 juramentis
1415 1013 1454 1053 &
1478 1011 1700 1053 testimoniis
1725 1025 1805 1054 non
1827 1013 2038 1054 necessariis

233 1074 350 1115 fidem
374 1083 439 1112 aut
459 1073 638 1111 amittunt
662 1074 844 1121 omnino,
873 1082 938 1112 aut
964 1071 1070 1113 certe
1087 1072 1296 1124 suspeeram
1319 1072 1478 1116 faciunt.
1539 1073 1682 1112 Gravia
1696 1084 1787 1126 ergo
1806 1074 1877 1113 fint
1894 1075 2039 1125 absque

231 1132 408 1182 fastidio,
438 1132 598 1183 gratiosa
622 1133 767 1184 absque
785 1132 1060 1182 sollicitudine,
1090 1131 1300 1172 constantia
1329 1133 1408 1173 fine
1435 1133 1653 1185 aspeiitate‚
1687 1134 1906 1172 communia
1935 1132 2041 1173 deni-

231 1206 308 1246 que
322 1194 467 1245 absque
489 1193 731 1245 vulgaritate,
791 1193 899 1246 Quin
929 1192 967 1232 &
989 1191 1092 1245 apud
1121 1192 1255 1235 Deum
1284 1193 1372 1245 plus
1397 1192 1581 1245 ponderis
1612 1203 1658 1232 ac
1685 1194 1875 1234 momenti
1896 1192 2040 1234 habere

230 1254 424 1297 videntur,
455 1251 525 1306 (c)
555 1254 676 1292 verba
694 1251 784 1305 apte
801 1252 1031 1305 composita.
1424 1292 1425 1295 ,

403 1312 436 1364 §.
472 1312 753 1353 Verumtamen
775 1315 879 1353 nulla
914 1313 983 1352 alia
1006 1314 1045 1352 in
1067 1323 1110 1352 re
1128 1311 1368 1364 prudentiori
1394 1313 1530 1364 linguae
1554 1312 1592 1352 &
1613 1313 1746 1352 calami
1769 1310 2037 1353 moderatione

230 1384 330 1425 opus
346 1369 421 1422 est,
451 1382 566 1424 atque
589 1373 628 1412 in
647 1373 848 1424 promissis,
878 1374 917 1412 in
933 1372 1072 1423 quibus
1090 1371 1286 1423 Principes
1307 1382 1372 1411 aut
1391 1383 1441 1410 ex
1458 1373 1586 1411 innata
1611 1371 1775 1422 quadam
1794 1373 1907 1412 animi
1923 1384 2039 1425 gene-2

227 1432 404 1479 rofitate,
434 1441 500 1471 aut
516 1430 563 1471 ad
588 1434 758 1472 intentos
778 1432 874 1472 fines
899 1431 1045 1471 facilius
1070 1430 1347 1484 aisequendos,
1377 1441 1442 1471 aut
1458 1431 1506 1470 ad
1537 1430 1718 1471 evitanda
1731 1432 1924 1483 pericula,
1946 1444 2037 1472 con-

225 1494 434 1533 sueverunt
455 1490 530 1531 effe
550 1491 804 1541 liberaliores,
821 1490 886 1531 sed
904 1491 995 1532 dum
1022 1490 1139 1531 fidem
1169 1491 1330 1532 liberare
1348 1490 1483 1543 postea
1510 1499 1732 1542 nequeunt,
1764 1492 1866 1542 perit
1898 1493 2039 1532 autori-

223 1562 303 1601 tas,
337 1551 374 1591 &
407 1553 566 1590 aliorum
601 1551 670 1591 fibi
697 1552 893 1592 accersunt
913 1552 1150 1600 inimicitias,
1182 1551 1282 1592 adeo
1316 1560 1360 1590 ut
1375 1551 1487 1591 satius
1513 1549 1586 1608 (d)
1615 1548 1742 1590 fuisset
1763 1561 1960 1602 nunquam
1984 1553 2038 1591 ita

223 1613 374 1665 largiter
391 1611 581 1662 polliceri.
638 1610 673 1650 E
689 1612 873 1662 promissis
896 1622 977 1652 non
992 1610 1157 1651 fideliter
1176 1611 1359 1655 exsolutis
1382 1612 1492 1663 plura
1517 1619 1654 1651 exorta
1676 1611 1760 1649 sunt
1793 1610 1892 1649 bella
1920 1610 2036 1662 quam

223 1684 274 1712 ex
299 1671 408 1710 illatis
427 1670 593 1720 injuriis:
622 1671 661 1709 in
683 1671 741 1708 his
758 1670 944 1720 liquidem
961 1681 1042 1710 non
1058 1669 1167 1721 aeque
1190 1671 1339 1722 semper
1368 1671 1500 1710 locum
1527 1671 1645 1710 habet
1668 1670 1832 1718 utilitas,
1858 1678 1973 1721 atque
1996 1671 2036 1709 in

222 1733 316 1780 illis,
346 1729 385 1769 δι
404 1729 603 1780 Principes
630 1727 862 1781 plerumque
885 1730 1004 1782 magis
1037 1729 1198 1780 proprio
1221 1738 1432 1768 moventur
1457 1728 1686 1776 commodo,
1716 1727 1831 1779 quam
1865 1730 2035 1781 acceptis

223 1792 380 1842 injuriis,
437 1788 616 1829 Polliceri
643 1786 816 1841 prolixe,
847 1786 1079 1839 &promissa
1104 1799 1185 1828 non
1210 1787 1388 1839 solvere,
1418 1788 1588 1840 superior
1619 1789 1891 1828 contumeliam
1920 1790 2035 1828 inter-

224 1860 416 1903 pretatum
446 1849 545 1887 inter
578 1848 742 1898 aequales
768 1845 966 1895 injustitia;
1003 1846 1108 1896 apud
1135 1845 1358 1891 inferiorem
1401 1849 1570 1894 tyrannis
1598 1847 1783 1887 censetur.
1845 1846 1914 1887 Ne
1942 1846 2034 1900 ergo

223 1919 396 1963 praeceps
412 1906 458 1946 sit
480 1907 607 1958 lingua
621 1905 669 1946 ad
682 1904 970 1958 pollicendum,
1001 1912 1208 1956 antequam
1223 1903 1333 1945 certo
1356 1904 1505 1946 constet
1535 1903 1600 1960 (e)
1629 1905 1793 1957 praestari
1808 1905 1917 1960 posse
1928 1907 2035 1962 quod

253 1968 476 2010 romittitur.

222 1984 248 2025 p
397 2025 434 2076 ς.
467 2024 543 2064 Sed
560 2023 596 2063 &
616 2026 656 2063 in
673 2023 1036 2063 comminationibus
1060 2024 1186 2074 lingua
1211 2023 1351 2061 limites
1370 2021 1482 2061 facile
1503 2021 1680 2065 transilit:
1709 2035 1798 2063 nam
1825 2025 2033 2065 iracundiae

224 2089 329 2128 calor
354 2082 552 2125 celerrime
576 2085 676 2123 illam
705 2093 956 2129 commovet,
987 2094 1076 2122 cum
1096 2082 1195 2122 vero
1217 2080 1388 2121 vindiOEta
1410 2079 1548 2120 deinde
1567 2082 1719 2132 paffioni
1737 2084 1852 2122 animi
1870 2097 1938 2135 par
1956 2083 2032 2124 ess'e

222 2160 303 2189 non
324 2142 621 2198 poffit‚neceffe
650 2141 705 2182 est
725 2141 961 2194 prudentiae,
994 2141 1115 2183 immo
1140 2142 1179 2182 &
1195 2140 1395 2194 potestatis
1420 2141 1603 2191 supremae
1633 2141 1898 2184 auctoritatem
1928 2144 2032 2185 haud

220 2219 357 2261 parum
380 2205 565 2244 imminui.
628 2201 846 2243 Consultius
874 2213 966 2255 ergo
999 2201 1137 2252 fuerit,
1167 2201 1391 2242 dissimulare
1426 2200 1604 2252 tantisper
1629 2201 1791 2242 offenias
1819 2212 1863 2242 ut
1891 2202 2032 2244 satisfa-

223 2266 359 2308 Etionis
381 2263 543 2304 effectus
559 2262 647 2303 ante
667 2262 836 2315 expendi
857 2271 1020 2315 queant,
1048 2262 1164 2315 quam
1181 2263 1281 2302 illam
1297 2261 1478 2313 Princeps
1494 2262 1760 2304 comminetur.
1819 2262 1900 2316 Qui
1917 2265 2030 2304 minis

220 2328 341 2368 utitur
362 2321 612 2376 prius,qua1n
624 2324 870 2372 manibus,iis
881 2323 965 2364 solis
974 2323 1102 2363 ulcisci-
1116 2324 1150 2363 se
1160 2323 1320 2375 cogitat,
1337 2330 1401 2361 aut
1414 2320 1562 2361 hostem
1571 2320 1879 2362 cornonefaeere.
1925 2321 2029 2363 Nul-

221 2388 257 2427 la
271 2385 480 2425 cominatio
488 2382 770 2436 gravior,qu*am
778 2392 929 2423 mutum
942 2383 1142 2424 silentium.
1173 2383 1283 2436 Ignes
1301 2382 1484 2421 cuniculis
1499 2379 1706 2432 subjectos,
1718 2380 1782 2420 sed
1792 2380 1870 2432 jam
1887 2380 2026 2434 displo,

222 2446 305 2496 sos,
336 2455 454 2485 nemo
473 2441 634 2495 amplius
655 2444 814 2493 metuit,
846 2445 911 2495 qui
937 2443 1155 2483 autemsub
1173 2442 1371 2497 aggeribus
1386 2441 1512 2481 adhuc
1539 2439 1656 2481 abditi
1670 2439 1917 2491 delitescunt,
1931 2443 2027 2485 sem-

222 2518 293 2559 per
314 2505 432 2557 magis
453 2502 716 2544 formidabiles
746 2504 853 2545 sunt:
882 2515 970 2544 nam
986 2502 1149 2544 effectus
1166 2503 1445 2559 imaginationis
1463 2503 1579 2556 longe
1592 2500 1715 2545 solent
1738 2499 1814 2543 effe
1832 2499 2025 2555 majores,

224 2577 336 2619 quam
361 2564 548 2606 sensuum.
1909 2610 1916 2614 ,
1978 2583 1983 2586 -

395 2624 432 2677 §.
464 2623 783 2664 obmurmuratio
798 2624 1004 2676 plurimum
1021 2623 1174 2665 invidiae
1191 2622 1228 2663 δε
1244 2621 1432 2674 jaetantiae
1454 2623 1618 2676 propriae
1642 2620 1853 2662 admixtum
1883 2620 2021 2671 habet,

223 2685 260 2725 δε
290 2685 404 2726 solius
439 2683 562 2725 ferme
590 2683 785 2726 Inferioris
814 2683 869 2724 est
895 2684 1075 2725 adversus
1107 2684 1376 2735 Superiorem,
1407 2692 1522 2735 atque
1552 2681 1651 2722 adeo
1676 2680 1828 2733 indigna
1862 2681 2036 2725 omnino>

221 2745 421 2798 Principe,
451 2743 473 2783 a
493 2743 598 2795 cujus
615 2745 723 2785 labiis
743 2745 881 2785 nullius
899 2745 1108 2798 cujuspiam
1136 2745 1276 2784 honori
1291 2743 1502 2795 periculum
1528 2743 1646 2783 creari
1668 2741 1797 2781 debet.
1855 2738 1895 2779 Si
1925 2741 2020 2781 vitia

222 2804 369 2856 grassari
394 2802 545 2854 videat,
566 2815 611 2844 ea
630 2806 765 2858 puniat
794 2814 976 2857 oportet,
1004 2805 1034 2846 si
1063 2802 1238 2845 deferftus
1258 2805 1351 2843 alios
1369 2802 1557 2852 sevioreS,
1581 2811 1647 2843 aut
1664 2802 1842 2851 corripiat
1864 2809 1930 2839 aut
1951 2796 2021 2840 dis-

220 2863 385 2909 simulet.

373 2922 409 2973 §.
439 2922 541 2964 Laus
566 2924 738 2973 virtutis,
766 2935 893 2965 rerum
920 2924 1023 2964 bene
1040 2921 1226 2976 gestarum
1259 2921 1298 2961 &
1323 2922 1616 2973 obsequiorum,
1645 2931 1731 2972 pars
1765 2917 1935 2969 quaedam
1960 2917 2016 2958 est·

221 2983 386 3036 praemii,
414 2982 453 3023 &
470 2983 518 3023 ad
534 2985 755 3024 ulteriorem
774 2984 827 3025 sui
849 2984 965 3039 ipfius
991 2984 1271 3024 aemulationem
1287 2981 1481 3022 laudatum
1505 2980 1737 3025 exstimulat;
1762 2979 1852 3029 quin
1877 2978 1915 3017 δε
1937 2979 2017 3017 aliis

1857 3049 2015 3089 quoque

318 3124 376 3169 (a)
392 3125 528 3161 Auson.
576 3125 637 3171 (b)
661 3124 778 3162 Taffo.
829 3127 888 3170 (c)
915 3128 993 3161 Non
1004 3133 1152 3176 parcam
1171 3124 1206 3159 ei
1217 3149 1228 3164 ,
1266 3122 1312 3166 εὖ*
1329 3120 1449 3160 verbis
1459 3117 1657 3174 potentibus
1682 3116 1729 3160 (ἐν
1753 3117 1804 3156 ad
1832 3117 2017 3170 deprecan-

222 3171 306 3211 dum
328 3174 523 3228 compositis.
549 3177 630 3225 Job.
652 3189 714 3224 41.
741 3190 774 3225 3.
824 3178 885 3224 (d)
910 3174 1030 3214 Multi}
1042 3175 1164 3213 melius
1181 3173 1228 3226 est
1241 3202 1251 3216 .
1275 3189 1343 3213 non
1358 3187 1490 3212 vovere
1505 3200 1513 3214 ‚
1537 3171 1644 3225 qudm
1650 3169 1722 3223 post
1739 3181 1864 3208 votum
1871 3167 2017 3227 promis!

212 3225 261 3270 siz
280 3239 347 3262 non
361 3228 516 3267 reddere.
543 3228 639 3266 Eecl.
660 3241 692 3266 e.
715 3240 747 3274 5.
765 3244 802 3279 40
852 3232 912 3276 (e)
938 3227 1019 3266 Noli
1031 3229 1165 3266 citatus
1182 3226 1241 3277 effi
1255 3230 1296 3266 in
1310 3228 1434 3280 lingua
1449 3236 1515 3265 tua
1525 3238 1541 3268 ;
1565 3223 1611 3268 ῤ’
1624 3222 1776 3265 inutilis,
1793 3221 1842 3267 ὀ·
1858 3222 2012 3270 remzffiut

222 3279 262 3313 in
282 3278 432 3328 operibus
453 3283 537 3317 tuis.
575 3280 680 3337 “Ech
701 3294 739 3326 4.
752 3294 810 3328 34.
