2132 3730
455 244 1428 311 SYMBoLAPoLJTICA·
1793 258 1878 301 339

79 339 123 372 ut
141 341 226 372 eam
251 331 400 371 militari
437 329 564 371 firmet
587 331 763 383 praefidio
781 358 795 380 ‚
824 331 893 372 etsi
910 332 1035 384 probe
1060 330 1170 372 sciret
1201 331 1438 384 imperialem
1466 332 1600 372 urbem
1632 330 1728 380 effe,
1744 330 1782 371 &
1810 332 1877 371 sub

74 389 319 444 protectione
338 390 564 430 hereditaria
587 391 704 444 Regis
721 390 912 442 Hispaniae
927 421 939 442 ,
970 402 1149 444 tanquam
1175 389 1300 431 Ducis
1328 390 1676 445 Lutzenburgenfis
1691 420 1703 439 ,
1733 389 1877 431 &Coa

73 452 183 491 mitis-
199 447 389 490 inferioris
421 449 663 502 Burgundiae,
676 461 801 502 atque
817 450 915 492 adeo
937 463 1016 492 non
1034 453 1072 491 in
1089 453 1194 490 illam
1214 451 1336 492 solum
1355 452 1412 500 se,
1431 463 1607 503 peccare,
1624 450 1688 491 sed
1704 450 1790 490 &in
1804 450 1876 490 Im-

72 510 167 562 perii
191 507 485 549 constitutiones
503 521 516 557 ς
547 508 634 562 post
648 509 754 550 verb
772 512 815 550 iis
837 510 886 551 de
909 511 1028 551 caufis
1047 512 1169 562 copiae
1185 510 1302 563 Regis
1320 511 1511 551 Catholici
1530 513 1663 551 urbem
1686 512 1789 550 illam
1806 512 1876 549 ite-

2 598 16 607 „
70 579 155 609 rum
183 566 335 608 Francis
353 569 546 621 eripiunt,
575 568 795 611 Electorem
820 571 904 611 casu
927 571 965 610 δι
996 569 1160 610 fortuito
1186 570 1360 610 detinent
1376 601 1390 620 ,
1420 571 1459 610 &
1477 569 1638 611 tractant
1661 573 1877 611 omni-cum

5 629 9 671 ἐ
70 629 323 668 veneratione
339 625 474 668 taliae
497 637 606 668 tanto
627 630 793 682 Principi
813 630 973 677 debita;
1004 631 1042 670 &
1072 641 1166 670 ecce
1194 629 1397 682 postquam
1414 630 1502 670 Rex
1526 628 1690 670 Franciae
1711 631 1787 681 jam
1807 630 1872 670 de·

6 707 7 712 ¹
69 699 155 728 cem
179 696 247 726 aut
271 685 365 727 ofto
392 687 526 728 diebus
544 697 632 728 ante
652 688 777 730 foedus
795 703 882 730 cum
899 690 1053 730 Batavis
1077 688 1290 730 sanciviffet
1306 720 1318 738 ,
1351 689 1400 730 ad
1420 690 1695 742 oppugnandas
1716 691 1876 730 Provin-

6 749 8 754 ’
67 749 145 788 cias
167 746 339 800 Belgicas
359 777 372 797 ,
402 749 505 788 hunc
525 746 629 788 bello
645 751 797 789 titulum
819 750 1020 798 obtendit,
1050 748 1120 789 etsi
1136 747 1223 800 post
1247 750 1286 789 id
1312 749 1502 789 acciderat
1522 779 1534 798 ‚
1562 750 1599 789 δι
1617 751 1655 788 in
1673 749 1790 789 dictas
1815 762 1873 789 re-

6 824 7 831 *
67 809 202 862 giones
216 807 319 860 signa
340 807 478 858 infert,
510 810 637 859 specie
661 809 844 849 liberandi
868 808 1078 858 Hectoris,
1098 810 1209 848 amici
1231 809 1306 856 sui,
1337 809 1428 849 &in
1446 809 1656 852 foederibus
1675 809 1776 849 socii.
1807 808 1836 848 F
1840 822 1876 848 a·

0 872 9 921 Ιξ
67 866 142 908 cile
159 866 383 908 occasiones
409 869 571 921 reperit,
604 879 669 908 aut
692 868 863 909 subnasci
879 868 972 908 facit
996 899 1008 916 ‚
1038 870 1104 920 qui
1135 881 1198 908 eas
1225 867 1394 909 studiose
1410 871 1558 921 quaerit.
1631 866 1782 914 Malitia
1799 868 1876 907 luci

7 1610 9 1616 .
0 1483 10 1559 ἐκ-ει
0 1325 11 1477 «επ-π,

66 927 193 969 similis
223 925 304 977 est,
335 940 420 979 quae
448 939 519 979 per
541 940 824 981 quamcumque
849 929 1022 968 rimulam
1045 928 1120 968 sese
1152 938 1328 980 penetrat
1349 957 1363 979 ‚
1394 929 1432 969 δε
1465 938 1570 970 tanta
1593 929 1631 968 in
1650 928 1763 968 nobis
1784 926 1879 968 inest

65 987 115 1027 ad
134 989 352 1027 libertatem
374 988 584 1040 propensio
602 1018 615 1038 ‚
651 998 729 1028 tam
745 1000 850 1027 coeca
867 987 994 1032 nostra
1016 988 1198 1037 ambitio,
1228 999 1272 1028 ut
1293 991 1395 1029 nulla
1410 998 1487 1029 tam
1507 989 1552 1028 sit
1565 986 1694 1028 fucata
1714 988 1876 1038 specIes,

64 1047 188 1088 modo
211 1046 260 1086 ad
281 1049 500 1087 alterutram
527 1048 672 1087 illarum
690 1049 861 1087 collimet
878 1078 888 1096 ,
921 1049 982 1087 cui
1006 1060 1086 1088 non
1099 1049 1202 1087 illico
1218 1045 1338 1088 fidem
1362 1048 1571 1089 habeamus
1592 1078 1604 1097 ‚
1636 1048 1877 1098 finamusque

65 1110 113 1147 ab
133 1120 179 1147 ea
196 1119 269 1147 nos
291 1106 444 1159 decipi,
476 1109 722 1159 quantumvis
752 1105 775 1146 a
790 1111 953 1147 veritate
976 1110 1096 1147 aliena
1109 1120 1154 1147 ea
1169 1107 1233 1156 fit,
1252 1108 1289 1148 &
1310 1110 1446 1149 rationi
1462 1119 1526 1149 aut
1548 1109 1795 1159 experientiae
1814 1105 1877 1146 ada

64 1169 249 1208 versetur.
341 1168 446 1206 ltalia
460 1167 633 1208 nondum
670 1166 757 1206 satis
775 1165 943 1220 agnoscit
974 1168 1129 1208 consilia
1154 1166 1320 1208 Franciae
1347 1199 1358 1217 ‚
1391 1169 1528 1220 quibus
1557 1169 1623 1208 sub
1650 1169 1762 1207 titulo
1788 1179 1878 1219 pro-

18 1246 23 1252 ·
64 1227 244 1267 tectionis
262 1225 502 1266 dominatum
526 1228 623 1267 illius
644 1226 810 1275 affectat,
825 1229 939 1266 etiam
957 1227 1159 1279 postquam
1186 1227 1285 1267 vidit
1310 1227 1495 1268 violatam
1522 1229 1569 1268 ab
1592 1239 1637 1267 ea
1661 1227 1777 1267 fidem
1806 1239 1878 1278 pu-

62 1289 200 1327 blicam
222 1317 235 1335 ,
261 1286 352 1338 post
370 1285 594 1326 constitutas
611 1297 671 1326 tot
698 1299 815 1339 paces
843 1287 1092 1336 Racisbonae‚
1117 1287 1296 1327 Cherasci
1316 1317 1328 1337 ,
1359 1288 1397 1328 δε
1417 1287 1633 1336 Monconi‚
1665 1285 1752 1338 post
1773 1288 1880 1326 inva-

63 1348 143 1389 sum
187 1349 282 1386 item
309 1344 617 1384 Montferratum
639 1375 651 1393 ‚
682 1345 836 1385 Vallem
861 1345 1035 1386 Telinam
1057 1376 1070 1395 ‚
1100 1347 1340 1387 Pinnarolam
1355 1378 1367 1396 ‚
1398 1348 1435 1387 δι
1457 1347 1678 1400 impofitum
1702 1345 1879 1386 Monaco

62 1407 223 1448 militare
239 1403 469 1458 praesidium.
544 1402 652 1441 Talia
679 1403 877 1443 fimulacra
905 1405 1125 1444 obtendunt
1140 1406 1335 1456 Principes
1360 1404 1432 1445 suae
1450 1407 1670 1454 ambitioni,
1693 1405 1881 1456 cupidita-

64 1470 92 1508 ti
111 1498 124 1518 ‚
156 1468 313 1518 aliisque
343 1463 508 1504 consiliis
539 1463 664 1503 minus
687 1463 800 1503 rectis
827 1493 839 1513 ‚
871 1475 960 1503 cum
975 1462 1120 1516 jactura
1138 1466 1253 1503 etiam
1274 1465 1460 1517 sanguinis
1478 1466 1516 1505 &
1535 1465 1774 1505 fortunarum
1799 1465 1883 1503 sub-

63 1528 246 1568 ditorum.
306 1523 412 1565 Hinc
428 1520 513 1564 fere
527 1522 732 1563 nascuntur
759 1534 895 1563 omnes
916 1524 1106 1564 bellorum
1124 1532 1255 1564 motus
1279 1524 1316 1565 &
1334 1525 1456 1564 turbae
1472 1555 1483 1574 ,
1516 1537 1609 1577 quas
1633 1525 1738 1566 orbis
1761 1535 1880 1577 expe-

63 1599 168 1629 ritur.
636 1596 644 1602 ·

218 1645 253 1698 §.
285 1644 392 1685 Sicut
408 1650 538 1681 autem
565 1640 642 1694 ipsa
661 1639 962 1681 commodorum
987 1642 1085 1681 ratio
1101 1650 1269 1681 mutatur
1295 1642 1488 1683 interdum
1505 1673 1516 1692 ‚
1547 1644 1598 1683 ita
1628 1640 1666 1684 &
1692 1640 1810 1682 causae
1836 1644 1882 1683 iis

61 1716 283 1764 praetextae:
311 1706 371 1745 hae
388 1712 554 1753 namque
571 1701 832 1741 umbraminis
851 1700 999 1741 faciunt
1022 1731 1034 1750 ‚
1067 1699 1104 1740 δε
1120 1701 1224 1752 sequi
1245 1712 1290 1739 ea
1311 1701 1446 1742 solent.
1505 1700 1660 1742 Tractat
1679 1702 1881 1754 Respubli-

6 1802 9 1808 ,
62 1784 109 1813 ca
130 1769 287 1810 Veneta
307 1774 500 1806 armorum
520 1760 744 1801 societatem
771 1773 861 1801 cum
880 1760 1133 1809 Grisonibus,
1165 1758 1352 1800 obsistunt
1381 1762 1482 1802 Galli
1503 1792 1515 1812 ‚
1552 1774 1603 1802 ne
1633 1762 1725 1815 quid
1764 1760 1879 1802 detti⁴

58 1832 183 1874 menti
211 1835 394 1880 caperent
410 1820 762 1863 confoederationes
778 1850 792 1872 ,
822 1833 915 1872 quas
941 1820 1011 1873 ipsi
1034 1831 1123 1860 cum
1151 1819 1286 1860 iisdem
1315 1820 1403 1862 alias
1427 1822 1598 1862 fecerant
1624 1835 1633 1862 ε
1665 1823 1809 1862 abeunt
1840 1825 1880 1863 in

63 1890 230 1933 diversas
251 1885 441 1929 factiones
459 1881 655 1922 Nationes
682 1882 774 1931 illae,
804 1882 842 1921 in
861 1880 1044 1922 damnum
1068 1879 1360 1920 Catholicorum
1382 1881 1505 1921 Vallis
1528 1880 1688 1931 Telinae‚
1711 1893 1879 1933 quorum

57 1950 374 2004 exstirpationem
397 1942 655 1985 moliebantur
672 1940 884 1984 Haeretici:
913 1949 1156 1980 conventum
1179 1936 1224 1978 ea
1243 1940 1355 1991 super
1384 1953 1426 1981 re
1453 1940 1651 1981 instituunt
1680 1940 1843 1981 Helveti
1865 1972 1880 1992 ‚

60 2021 191 2064 neque
214 2007 316 2049 aliud
332 2005 500 2047 occurrit
514 2001 748 2050 remedium,
770 1998 886 2052 quam
906 2010 950 2040 ut
965 1999 1223 2051 Hispanicum
1247 2001 1419 2039 exercitu
1438 2002 1476 2040 in
1491 2002 1629 2040 vallem
1651 2011 1879 2052 penetrent,

70 2071 177 2125 quod
188 2065 305 2123 longe
316 2067 430 2107 etiam
439 2073 529 2104 ante
538 2060 750 2102 Clementis
766 2060 873 2100 VIII.
886 2058 960 2101 fuit
978 2059 1193 2107 consilium,
1202 2061 1240 2098 in
1253 2057 1500 2100 instructione
1511 2061 1674 2112 quadam
1696 2061 1780 2100 data
1791 2060 1883 2113 Epi*

59 2135 182 2186 scopo
197 2129 343 2177 Veliae,
373 2125 462 2166 cum
480 2124 584 2163 illum
604 2133 679 2174 pro
698 2121 836 2162 nuntio
853 2121 1023 2160 mitteret
1039 2118 1087 2158 ad
1104 2119 1300 2159 Cantones
1323 2119 1560 2160 Catholicos.
1623 2120 1754 2160 Placet
1770 2122 1875 2161 idem

58 2193 233 2236 medium
252 2188 431 2229 Domino
460 2182 678 2230 Guffierio‚
708 2182 774 2232 qui
804 2178 971 2219 Franciae
995 2180 1153 2219 curabat
1182 2180 1366 2228 negotia,
1398 2178 1608 2232 suadetque
1645 2179 1790 2219 Comici
1807 2183 1873 2221 Al-

9 2290 12 2295 .
60 2251 214 2307 phonso
239 2248 376 2288 Casato
397 2244 548 2297 Legato
568 2241 684 2293 Regis
715 2240 907 2279 Catholici
931 2238 1034 2291 apud
1062 2238 1278 2287 Helvetos,
1306 2238 1463 2280 Ducem
1494 2240 1543 2278 de
1567 2238 1675 2278 Feria
1697 2240 1873 2281 hortetur

61 2314 180 2354 literis
195 2341 209 2361 ‚
238 2319 282 2349 ut
306 2319 395 2348 cum
417 2304 590 2345 exercitu
605 2302 724 2355 regio
739 2301 778 2339 in
805 2297 958 2339 Vallem
976 2296 1150 2338 Telinam
1177 2307 1336 2338 moveat
1356 2329 1368 2348 ‚
1399 2308 1441 2338 ut
1462 2299 1647 2351 praecluso
1666 2297 1738 2339 hae
1759 2303 1872 2339 ratio·

63 2386 114 2414 ne
133 2371 298 2412 Venetis
332 2365 489 2407 transitu
505 2393 516 2414 ‚
548 2361 617 2414 ipsi
643 2360 665 2400 a
683 2361 860 2413 cogitatis
888 2360 960 2399 iuis
993 2357 1214 2398 desisterent
1234 2388 1248 2408 ‚
1281 2357 1318 2398 &
1342 2357 1461 2399 Vallis
1493 2360 1540 2399 ab
1567 2358 1769 2399 Haereticis
1791 2370 1873 2400 tuta

63 2431 157 2474 effet
171 2443 215 2471 ac
241 2429 371 2469 libera.
432 2423 575 2466 Motus
597 2421 655 2461 his
673 2420 852 2473 precibus
868 2419 965 2459 Dux
980 2449 993 2468 ,
1025 2418 1062 2458 &
1085 2420 1259 2471 periculo
1282 2421 1500 2469 communi,
1515 2418 1621 2471 quod
1639 2419 1761 2459 Statui
1779 2419 1871 2459 Me-

64 2489 274 2533 diolanenfi
294 2516 308 2537 ‚
337 2495 453 2538 atque
475 2481 660 2524 universae
676 2481 790 2520 Italiae
814 2480 861 2519 ab
890 2478 1021 2519 haeresi
1040 2479 1289 2527 imminebat,
1314 2480 1487 2519 lamentis
1506 2481 1598 2519 item
1622 2508 1634 2528 ,
1666 2478 1704 2519 &
1720 2480 1871 2529 lachry-

63 2554 136 2594 mis
161 2548 475 2595 Catholicorum,
505 2541 657 2583 Vallem
680 2539 853 2580 Telinam
867 2539 1098 2593 ingreditur,
1132 2538 1169 2579 δε
1189 2551 1284 2580 mox
1318 2538 1419 2579 Galli
1439 2540 1553 2579 novis
1573 2539 1782 2578 rationibus
1815 2552 1871 2578 ar-

63 2623 122 2653 tes
139 2618 288 2652 mutant
305 2637 318 2657 ‚
348 2607 386 2646 &
399 2607 490 2646 huic
507 2603 544 2644 se
561 2609 768 2654 opponunt
786 2598 945 2640 consilio
965 2629 976 2647 ,
1004 2609 1113 2638 novo
1133 2598 1276 2639 sancito
1295 2598 1441 2638 soedere
1457 2599 1664 2639 Avenione
1681 2610 1768 2638 cum
1788 2594 1870 2639 Ve-

62 2675 163 2714 netis
185 2701 198 2721 ,
228 2669 266 2709 &
284 2667 538 2718 Allobrogum
556 2662 673 2702 Duce
697 2661 764 2701 sub
784 2660 910 2712 specie
930 2658 1200 2698 conservandae
1238 2658 1420 2698 libertatis
1440 2658 1552 2697 Italiae
1567 2688 1577 2706 ‚
1608 2655 1754 2697 tametfi
1784 2659 1867 2699 haec

63 2733 181 2785 magis
199 2732 236 2769 in
249 2739 299 2768 eo
313 2726 438 2779 posita
452 2724 545 2765 esset
556 2752 569 2772 ‚
600 2730 642 2761 ut
659 2720 816 2762 transitu
839 2719 906 2760 illo
921 2718 1104 2759 Haeretici
1131 2717 1362 2769 Transalpini
1395 2718 1691 2771 prohiberentur
1707 2744 1719 2766 ,
1749 2717 1866 2769 quam

62 2806 114 2835 ne
135 2789 292 2843 Hispani
308 2788 419 2827 nimis
457 2786 532 2826 illic
548 2792 730 2835 potentes
749 2780 972 2821 evaderent.
1063 2777 1244 2831 Cumque
1273 2777 1397 2817 Vallis
1424 2777 1556 2817 Telina
1575 2788 1654 2817 non
1669 2776 1736 2817 nisi
1756 2779 1867 2818 fimu-

62 2853 234 2894 lachrum
257 2847 349 2888 effet
376 2846 508 2887 unioni
527 2841 579 2883 illi
595 2841 730 2882 callide
751 2842 976 2889 obtentum,
1006 2837 1062 2878 ufi
1078 2840 1163 2878 sunt
1191 2838 1229 2878 id
1248 2839 1433 2890 temporis
1450 2834 1624 2878 foederati
1649 2839 1759 2878 armis
1788 2838 1862 2878 suis

63 2910 112 2954 ad
127 2908 365 2953 distrahenda
397 2907 555 2947 aliorum
580 2902 734 2942 consilia
753 2930 768 2951 ,
825 2901 864 2942 δε
887 2902 966 2940 vim
990 2910 1147 2939 omnem
1177 2908 1292 2951 atque
1320 2908 1528 2947 conatum,
1558 2897 1605 2937 ad
1644 2900 1865 2950 opprimen-

64 2974 153 3015 dam
173 2969 469 3029 Rempublicam
498 2961 769 3010 Genuensem,
788 2968 1084 3003 converterunt.
1157 2959 1212 2998 Ita
1241 2960 1406 2998 rationes
1427 2968 1621 3010 praetextae
1637 2960 1828 2997 varlantur
1852 2986 1864 3007 ,

61 3043 181 3089 prout
207 3033 286 3073 aliae
314 3039 430 3081 atque
454 3027 533 3066 aliae
549 3022 845 3075 commodorum
868 3021 942 3061 sese
960 3019 1050 3059 dant
1077 3019 1310 3059 occasiones.

238 3091 275 3144 §.
305 3091 348 3130 In
362 3087 450 3142 ipsis
469 3086 636 3138 denique
657 3081 860 3123 effectibus
880 3081 1006 3122 falsam
1029 3080 1260 3119 obtentuum
1273 3079 1421 3119 illorum
1435 3076 1598 3129 speciem
1615 3085 1767 3128 tempus
1776 3087 1864 3127 pro-

64 3152 143 3202 dit,
174 3153 260 3203 quia
275 3161 340 3191 aut
361 3161 441 3191 non
459 3144 677 3200 praestatur,
705 3142 811 3195 quod
838 3138 1059 3196 promissum
1082 3138 1232 3189 fuerat,
1264 3149 1328 3179 aut
1343 3148 1484 3180 eonon
1503 3141 1622 3192 agitur
1640 3138 1754 3183 loco,
1784 3148 1863 3187 quo

65 3212 282 3268 putabatur.
341 3211 497 3265 Cogitat
520 3205 752 3260 Respublica
780 3201 936 3244 Veneta
960 3198 1184 3240 Gradiscum
1213 3211 1432 3253 occupare,
1464 3198 1500 3237 &
1528 3198 1674 3238 causam
1702 3205 1862 3250 praeten-

974 3260 1127 3313 Qqqq
1157 3273 1185 3301 2
1807 3256 1862 3296 dit
