2132 3730
459 291 1437 337 SYMBOLAPOLJTICA.
1754 304 1838 345 319

51 354 1846 368 fflss-—m———ss—

39 392 107 424 :em
136 385 215 426 arte
238 373 410 428 &stadio
429 405 442 424 ,
473 387 572 427 eoque
591 384 723 427 parum
742 374 881 429 honesto.
943 375 1084 415 Gravis
1100 375 1286 415 modestia
1302 377 1384 415 haec
1403 375 1479 415 fuit
1497 406 1510 425 ,
1541 375 1579 415 δε
1602 376 1713 428 digna
1725 376 1851 418 etiam,

36 438 158 490 Regia
176 433 390 484 Majestate.
477 433 752 486 Exploratores
781 434 925 486 publici
948 437 987 475 in
1009 436 1101 475 aulis
1132 435 1218 474 sunt
1246 435 1442 475 istusmodi
1467 437 1663 475 moriones
1679 466 1691 484 ,
1721 435 1758 474 &
1775 436 1843 487 qui

36 497 103 536 vel
118 492 283 534 maxime
307 505 437 533 earum
460 503 707 546 corrumpant
721 507 849 535 mores
871 524 883 542 ‚
911 497 1032 536 immo
1066 495 1131 546 qui
1154 494 1223 546 ipsi
1240 497 1328 534 vitae
1350 495 1388 535 δε
1404 493 1514 534 statui
1535 495 1756 548 Principum
1786 497 1842 535 in-

35 554 145 606 fidias
167 554 373 594 machinari
393 552 552 594 soleant.
613 554 742 608 Quam
759 555 810 595 ob
833 567 915 595 rem
932 553 1088 596 minime
1109 566 1179 594 eos
1197 556 1360 594 tolerare
1387 556 1597 595 voluerunt
1623 553 1840 607 Augustus,

33 615 75 658 ὃς
93 613 314 654 Alexander
337 611 505 653 Severus
522 614 792 665 Imperatores.
852 615 915 655 Ad
934 627 1056 655 unum
1073 613 1166 653 illud
1182 616 1342 667 prosunt
1369 614 1560 655 interdum
1581 645 1594 664 ,
1622 625 1666 655 ut
1691 616 1843 669 abrepti

33 673 167 715 furore
182 674 250 713 suo
269 675 428 713 naturali
450 675 652 714 veritatem
663 674 790 715 dicant
813 674 1064 727 Principibus.

187 732 223 785 §.
255 732 448 773 Nonnulli
471 733 666 786 Principes
691 747 741 774 ex
761 737 862 775 inani
893 734 1056 786 quadam
1086 735 1333 787 negotiorum
1365 734 1485 787 gloria
1507 732 1547 774 δε
1575 735 1786 775 ambitione
1821 734 1843 774 a

32 794 272 846 gravioribus
301 794 483 845 respirare
516 794 554 834 se
586 803 749 846 putant,
780 795 810 836 fi
834 795 1045 835 minoribus
1073 794 1149 834 sese
1181 792 1427 845 impendant,
1459 793 1562 833 haud
1592 795 1698 834 secus
1717 806 1761 834 ac
1777 794 1844 846 pili

0 879 2 908 t
33 854 137 900 canis
160 853 297 893 rabiosi
314 853 428 906 ipsius
450 853 620 904 ejusdem
637 854 820 896 morfioni
838 853 1052 894 medentur.
1113 853 1264 893 Verum
1285 855 1373 905 quia
1390 866 1470 893 non
1486 866 1622 894 omnes
1639 854 1752 894 animi
1772 852 1844 894 isto

0 915 2 923 '
33 911 156 963 modo
171 914 289 952 levari
306 912 483 965 possunt,
505 925 633 966 neque
653 916 728 955 ulla
753 916 999 966 negotiorum
1022 915 1231 965 occupatio
1269 924 1348 953 tam
1371 916 1508 967 exigua
1545 910 1622 963 est,
1653 914 1746 965 quin
1782 915 1841 952 ali-

0 1009 3 1029 =‚
35 985 149 1024 quam
166 972 335 1025 postulet
356 975 608 1015 attentionem
625 1004 637 1024 ,
669 986 754 1027 quae
770 974 820 1013 ad
832 975 999 1014 animum
1016 972 1254 1026 fatigandum
1271 974 1448 1023 sufficiat,
1465 984 1642 1026 oportet,
1661 983 1704 1013 ut
1715 974 1845 1024 aliquo

0 1037 3 1087 [
35 1033 165 1073 saltem
182 1034 369 1084 temporis
400 1033 518 1084 spatio
546 1036 646 1074 curis
676 1032 837 1075 omnino
863 1044 1004 1083 vacet,
1035 1034 1073 1073 &
1099 1035 1417 1086 gubernationem
1441 1034 1599 1085 seponat
1629 1031 1705 1086 (a)
1734 1034 1846 1072 tanti-

33 1092 130 1145 sper.
192 1094 330 1144 Aliqua
346 1093 505 1132 remiffio
523 1125 535 1143 ,
567 1105 632 1134 aut
646 1094 761 1134 ludus
782 1096 880 1133 inter
895 1094 1049 1145 negotia
1072 1095 1265 1145 interponi
1295 1093 1371 1145 (b)
1402 1093 1541 1143 debet,
1570 1104 1614 1133 ut
1632 1105 1682 1132 ne
1702 1093 1760 1131 his
1780 1104 1846 1144 pe-

0 1201 2 1208 .
33 1151 136 1192 nitus
155 1153 339 1192 obruatur
359 1154 525 1202 animus,
553 1165 627 1194 nec
649 1165 739 1194 eum
753 1153 890 1206 perdat
905 1155 1046 1193 otium:
1075 1155 1188 1193 molae
1203 1154 1306 1193 enim
1327 1152 1584 1193 frumentariae
1611 1153 1738 1193 similis
1772 1151 1846 1200 est,

35 1224 119 1263 quae
145 1211 174 1251 fi
200 1224 281 1252 non
305 1212 450 1260 habet,
483 1213 589 1264 quod
612 1216 752 1264 molat,
781 1215 935 1266 seipsam
972 1215 1110 1253 atterit.
1180 1213 1429 1253 Innocentius
1458 1212 1634 1252 Offiavus
1664 1211 1847 1259 Pontifex

33 1270 232 1311 Maximus
255 1271 401 1311 dimiss'o
423 1272 614 1313 interdum
642 1275 756 1313 clavo
773 1275 882 1313 navis
913 1273 1116 1323 Ecclefiae,
1145 1275 1184 1313 in
1214 1272 1379 1313 serendis
1402 1272 1606 1312 arbusculis
1636 1271 1710 1311 sese
1738 1271 1845 1311 oble-

35 1329 176 1376 stabat.
236 1331 359 1370 Porro
383 1332 421 1369 in
440 1331 499 1370 his
515 1334 652 1381 quietis
673 1333 833 1372 induciis
860 1342 948 1371 ante
974 1335 1103 1372 omnia
1133 1334 1251 1372 aetatis
1278 1334 1550 1383 temporisque
1580 1330 1758 1371 habenda
1792 1329 1847 1370 est

35 1391 159 1439 ratio,
187 1401 239 1429 ne
265 1390 429 1428 hilaritas
453 1388 556 1428 forte
577 1390 788 1438 severitati,
817 1393 1029 1442 ingenuitas
1048 1393 1250 1443 gravitati,
1280 1393 1467 1430 recreatio
1484 1389 1676 1440 Majestati
1691 1400 1844 1428 noceat.

34 1448 249 1491 Enimvero
268 1449 523 1488 relaxationes
541 1449 714 1500 quaedam
735 1450 919 1489 vilescere
955 1449 1103 1489 faciunt
1143 1451 1335 1499 animum,
1367 1449 1406 1489 δε
1432 1450 1617 1501 Principis
1644 1448 1848 1488 auctorita,

35 1519 116 1550 tem
134 1508 236 1549 haud
257 1521 392 1561 parum
416 1509 659 1548 imminuunt.
720 1509 777 1548 Ita
800 1510 898 1561 Regi
923 1510 1125 1550 Artaxerxi
1146 1510 1295 1561 probro
1323 1509 1397 1549 fuit
1423 1510 1553 1549 colum
1578 1508 1741 1548 ducere:
1769 1509 1849 1548 Au-

34 1569 146 1622 gusto
166 1569 298 1608 ludere
320 1580 386 1620 par
410 1568 531 1618 impar
555 1579 645 1607 cum
670 1570 825 1619 pueris:
856 1569 1086 1609 Domitiano
1113 1569 1260 1608 muscas
1289 1568 1501 1621 configere.
1572 1568 1770 1608 Solimano
1792 1567 1848 1607 ef-

35 1629 205 1671 formare
232 1639 341 1676 acuS,
373 1626 409 1665 δε
425 1625 570 1667 Selimo
593 1639 664 1667 acu
685 1630 857 1680 pingere.
917 1627 958 1667 Si
981 1630 1165 1680 Princeps
1187 1627 1314 1667 adhuc
1329 1637 1440 1667 aetate
1461 1627 1623 1677 floreat,
1652 1629 1764 1667 nullae
1789 1639 1848 1667 re-

37 1690 253 1729 creationes
288 1688 466 1727 meliores
492 1689 689 1739 magisque
723 1690 860 1736 utiles,
892 1686 1007 1739 quam
1043 1701 1128 1740 quae
1151 1689 1264 1727 animi
1290 1688 1465 1740 vigorem
1491 1696 1652 1739 augent,
1682 1687 1721 1726 ὅτ.
1743 1688 1846 1726 vires

38 1750 213 1801 corporis
234 1747 510 1797 corroborant,
540 1757 583 1786 ut
609 1747 694 1787 sunt
722 1759 915 1788 armorum
939 1749 1143 1796 exercitia,
1173 1746 1418 1787 decursiones
1448 1746 1641 1798 equestres
1659 1777 1668 1794 ,
1699 1746 1851 1786 saltatio

35 1808 259 1857 numerosa,
289 1807 388 1846 lusus
405 1808 491 1858 pilae
514 1807 743 1859 grandioris,
774 1807 812 1847 &
842 1809 1015 1852 venatio,
1075 1809 1190 1847 Artes
1215 1808 1308 1847 item
1337 1808 1409 1847 illae
1425 1807 1596 1856 nobiles,
1626 1804 1788 1859 pffiioria
1808 1805 1847 1845 &

37 1869 205 1917 musica,
236 1879 328 1919 quas
346 1867 433 1907 alibi
455 1868 494 1907 in
520 1868 703 1919 Principis
725 1866 957 1907 educatione
981 1867 1364 1916 commendavimus,
1393 1866 1618 1907 conducunt
1639 1865 1847 1918 plurimum

38 1929 89 1969 ad
108 1926 368 1968 instaurandos
397 1927 563 1978 spiritus,
593 1939 687 1978 quas
716 1929 963 1979 negotiorum
996 1929 1160 1967 attentio
1191 1927 1415 1979 absumpsit,
1443 1925 1566 1966 modo
1599 1927 1638 1965 in
1665 1927 1735 1965 illis
1767 1937 1847 1965 non

38 1987 282 2041 impendatur
308 1998 485 2037 tempuS‚
518 1986 625 2037 quod
660 1998 760 2026 curae
790 1987 955 2038 publicae
985 1987 1055 2026 fibi
1084 1986 1319 2036 vendicant,
1347 1986 1386 2025 δι
1415 1998 1459 2025 ea
1484 1985 1551 2026 fiat
1578 1986 1847 2025 moderatione

40 2060 154 2101 quam
177 2047 266 2087 Rex
293 2046 512 2097 Alphonsus
530 2047 569 2085 in
586 2046 749 2098 quadarn
771 2046 856 2099 lege
883 2046 1122 2099 praescripfit:
1153 2046 1181 2099 ζ
1181 2045 1223 2099 c)
1253 2047 1432 2097 Emaguer
1448 2078 1461 2096 ,
1491 2059 1556 2100 que
1578 2045 1666 2086 cada
1694 2059 1763 2085 ima
1795 2044 1851 2084 de·

28 2109 113 2164 stas
123 2103 221 2159 fuefie
225 2103 370 2157 fallacia
384 2115 481 2156 para
500 2106 594 2154 bien,
624 2119 683 2145 con
707 2106 781 2146 todo
800 2104 846 2156 est}
863 2120 928 2145 mm
955 2106 1034 2145 debe
1063 2106 1152 2145 home
1179 2105 1284 2145 dellas
1315 2103 1415 2155 usar,
1438 2105 1474 2157 fi
1496 2119 1536 2145 azo
1563 2106 1594 2145 el
1616 2108 1754 2156 tiempo,
1785 2117 1852 2157 que

39 2170 217 2215 con-viene,
247 2180 265 2205 e
283 2165 323 2204 de
338 2178 500 2213 iimitem,
531 2178 596 2217 que
615 2177 683 2217 aya
688 2173 758 2216 pro
773 2196 784 2213 ‚
815 2179 832 2204 e
848 2178 888 2204 tw
908 2164 1016 2213 dano,
1046 2179 1063 2203 e
1083 2179 1155 2203 mas
1172 2167 1329 2204 coar-siene
1348 2163 1412 2217 esto
1440 2167 1463 2203 ἁ
1495 2165 1541 2204 los
1569 2165 1682 2216 Reyes
1698 2194 1710 2213 ‚
1741 2178 1804 2216 que
1826 2165 1851 2202 ίι

41 2230 88 2269 Ios
104 2234 194 2267 otros
209 2226 344 2273 homes,
373 2236 415 2262 ca
442 2223 516 2263 ellos
540 2220 761 2274 debenfazer
787 2225 839 2264 las
865 2220 951 2274 cosas
980 2226 1049 2263 mm
1074 2223 1372 2273 ordenadameme,
1403 2237 1420 2264 e
1447 2232 1642 2263 conti-azan.
1704 2225 1759 2263 Et
1777 2224 1851 2262 licet

40 2295 139 2328 artes
159 2286 211 2326 hae
233 2298 342 2325 ornnes
358 2283 452 2324 boma
466 2314 480 2332 ,
508 2283 673 2336 utilesque
677 2284 751 2335 sint
762 2314 776 2333 ‚
805 2296 959 2323 exercere
973 2284 1183 2323 nikn'lominus
1201 2296 1259 2322 eas
1275 2281 1338 2334 m'fi
1349 2291 1493 2333 tempore
1510 2282 1637 2332 debifo,
1670 2296 1768 2336 eoque
1788 2295 1852 2322 mo-

41 2347 103 2397 do‘,
134 2354 174 2386 ut
182 2344 314 2400 prcfint
332 2346 472 2395 potius,
501 2343 603 2395 qubm
619 2341 742 2394 obsint,
772 2356 836 2383 non
856 2343 957 2383 decet.
1016 2343 1064 2382 Id
1087 2342 1179 2396 quod
1203 2343 1356 2395 Regibus
1381 2345 1489 2395 magis
1513 2345 1636 2392 etiam,
1667 2356 1770 2396 quam
1795 2343 1849 2381 ho-

42 2406 188 2447 minibus
223 2407 267 2445 iis
299 2400 542 2454 obsti-vandum
562 2401 631 2456 est,
659 2415 805 2456 quorum
824 2403 978 2443 videlicet
1000 2399 1145 2457 fastigio
1165 2405 1308 2442 maxime
1332 2405 1513 2454 proprium
1533 2401 1600 2457 (ss,
1619 2399 1744 2453 siamno
1760 2400 1850 2440 ordi-

44 2479 86 2507 ne
105 2466 235 2511 omnia,
255 2461 447 2515 fimumque
461 2460 669 2515 cmnjudicio
687 2476 799 2516 agere.
862 2464 950 2502 Rex
972 2461 1233 2502 Ferdinandus
1255 2461 1478 2502 catholicus
1510 2472 1588 2502 tam
1613 2461 1757 2501 utiliter
1775 2462 1850 2500 ani«

45 2536 112 2566 mo
136 2521 343 2563 relaxando
368 2524 529 2561 vacabat
546 2552 556 2570 ,
587 2530 631 2561 ut
655 2534 705 2562 ne
722 2533 804 2562 tum
822 2523 977 2574 quidem
1007 2524 1162 2575 negotia
1194 2524 1373 2570 omnino,
1405 2534 1455 2562 ex
1481 2523 1602 2562 oculis
1627 2522 1852 2561 dimitteret:

44 2596 134 2627 nam
149 2583 265 2623 etiarn
290 2581 384 2621 dum
402 2582 598 2622 venationi
615 2581 730 2621 dabat
757 2595 940 2634 operam,
971 2593 1079 2621 aures
1110 2583 1283 2623 habebat
1309 2581 1514 2634 plurimum
1540 2590 1702 2620 attentas
1717 2580 1765 2619 ad
1786 2591 1851 2618 ex-

44 2644 287 2699 peditiones,
316 2653 409 2692 quas
432 2641 663 2681 Secretarius
682 2642 814 2694 aliquis
831 2644 866 2682 ei
886 2640 1138 2694 praelegebat,
1169 2643 1290 2681 oculis
1305 2642 1400 2680 vero
1429 2640 1535 2680 simul
1562 2644 1759 2684 ardearum
1778 2651 1852 2678 vo-

45 2708 164 2746 latum
190 2701 431 2741 observabat.
492 2701 719 2741 Emmanuel
742 2702 942 2741 Lusitaniae
959 2702 1048 2743 Rex
1074 2713 1123 2740 ne
1153 2703 1191 2741 in
1209 2703 1381 2741 maximis
1403 2699 1558 2752 quidem
1583 2701 1695 2740 animi
1724 2699 1851 2739 remis-

45 2764 216 2806 sionibus
240 2761 469 2801 audientiam
487 2763 709 2813 petentibus
725 2761 953 2815 denegabat.
1012 2761 1135 2813 Super
1161 2761 1319 2814 ipsamet
1333 2762 1487 2813 negotia
1504 2762 1673 2812 quietem
1697 2768 1851 2812 captare

45 2824 264 2875 Principem
286 2830 466 2873 oportet,
496 2822 647 2873 qualem
664 2822 759 2862 solet
775 2822 995 2875 Delphinus
1020 2821 1131 2861 dorso
1164 2821 1274 2873 super
1299 2821 1419 2861 undas
1445 2822 1650 2869 reclinato,
1680 2819 1720 2860 id
1745 2818 1852 2871 quod

47 2884 141 2925 facit
159 2886 198 2924 in
219 2882 388 2922 altiffimo
408 2882 522 2931 mari,
553 2893 666 2933 quam
688 2883 894 2935 longissime
915 2882 936 2922 a
962 2879 1166 2934 tranquillo
1184 2890 1312 2933 portu.
1375 2881 1511 2922 Otium
1528 2880 1697 2922 essenon
1721 2880 1853 2928 debet,

49 2944 115 2985 sed
132 2945 401 2984 laxamentum.

225 3002 261 3054 §.
292 3001 462 3054 Expedit
485 3001 601 3040 etiam
633 2999 824 3042 interdum
852 3001 950 3041 ludis
978 3001 1141 3053 publicis
1165 3001 1372 3040 exhilarare
1398 3002 1607 3054 populum,
1637 3010 1680 3040 ut
1699 3000 1856 3052 respiret

50 3064 351 3114 aliquantulum,
382 3061 595 3112 &majores
625 3060 764 3100 deinde
791 3063 889 3102 vires
917 3060 1064 3101 adferat
1092 3061 1139 3101 ad
1176 3061 1326 3100 labores
1344 3090 1356 3110 ,
1388 3062 1524 3112 quibus
1559 3062 1724 3101 animum
1746 3061 1853 3099 suum

51 3122 273 3175 impendat:
302 3122 425 3163 nonfi
446 3120 556 3161 tristis
574 3119 710 3170 fuerit,
739 3120 776 3161 δι
802 3121 1100 3162 melancholicus
1136 3120 1314 3161 adversus
1344 3120 1559 3174 Principem
1591 3120 1627 3160 &
1657 3118 1854 3174 Magistra.-

890 3181 925 3222 L
942 3185 954 3222 l
974 3182 1012 3221 ll
1044 3194 1065 3221 2
1773 3190 1854 3220 tum

162 3266 179 3307 ζ
182 3264 219 3303 a)
245 3263 339 3299 Satis
354 3275 493 3299 onerum
506 3259 737 3313 Principibus,
753 3259 849 3307 stitis
860 3263 972 3298 etiam
982 3263 1156 3313 potentia.
1184 3263 1270 3298 Tac.
1287 3260 1349 3298 lib.
1366 3273 1397 3307 3.
1415 3260 1543 3297 Annal.
1598 3261 1670 3309 (b)
1698 3267 1793 3297 Inter
1800 3274 1857 3297 ne-

49 3313 158 3366 gotia
175 3315 289 3363 magis
307 3313 397 3351 ludis
419 3312 466 3364 est
487 3314 674 3351 utendum:
693 3327 778 3351 nam
800 3315 860 3367 qui
884 3311 1055 3351 laboribus
1082 3324 1278 3355 exercetur,
1305 3316 1336 3351 is
1360 3312 1539 3350 alternam
1563 3315 1715 3366 requiem
1733 3312 1859 3364 defide-

58 3374 134 3404 rat.
158 3364 264 3403 Arist.
285 3365 346 3402 lib.
373 3368 430 3407 18.
448 3365 556 3404 Polit.
574 3380 650 3417 cap.
671 3380 703 3415 3.
757 3368 814 3412 (c)
840 3368 882 3404 L.
900 3381 961 3408 21·
981 3378 1023 3404 tt.
1043 3380 1076 3413 5.
1098 3380 1132 3416 p.
1153 3377 1188 3405 2.
