2132 3730
466 145 1466 204 SY-MBOLAPOLI‘TJCA.
1849 170 1874 215 5

61 238 160 289 sunt.
218 242 314 283 Illud
330 241 444 280 ctiam
463 239 637 281 monstro
657 239 777 280 fimile
798 240 942 281 censeri
960 240 1109 293 potest,
1129 241 1221 281 dum
1243 242 1436 285 interdum
1463 241 1615 282 Natura
1633 244 1790 284 eximias
1814 247 1878 286 ali„

61 317 156 356 quas
173 304 336 343 virtutes
353 302 686 342 cumenormibus
715 298 818 340 vitiis
839 302 877 341 in
907 302 1069 349 homine
1099 300 1241 342 eodem
1270 303 1432 355 perinde
1457 301 1510 343 sle
1530 302 1670 353 sociat,
1703 316 1747 344 ac
1766 308 1879 346 ramis

61 364 214 405 duobus
233 362 342 402 inseri
365 361 486 401 solent
509 360 649 401 diverfi
667 361 825 409 surculi,
850 363 916 413 qui
945 362 995 403 de
1016 360 1153 402 eadem
1182 362 1364 403 viventes
1389 362 1504 415 stirpe
1539 363 1710 404 diversos
1742 364 1878 418 plane,

60 423 138 465 imo
156 423 391 471 contrarios,
419 433 567 461 amaros
586 423 764 461 nimirum
783 420 821 460 ὃς
844 423 976 462 dulces
1004 419 1212 474 proferunt
1236 421 1397 463 fructus.
1459 423 1500 463 In
1528 423 1730 465 Alcibiade
1754 425 1794 465 id
1822 427 1879 465 vi-

59 483 151 523 dere
170 483 295 531 licuit,
321 482 372 522 de
395 493 475 534 quo
503 481 643 522 merito
663 481 924 531 dubitaveris,
949 482 1114 536 magisne
1132 483 1256 530 vitiis,
1275 495 1322 523 an
1345 481 1552 524 virtutibus
1579 484 1696 525 fuerit
1711 486 1878 539 insigni&

55 542 107 583 Et
139 543 222 583 haec
240 541 397 588 quidem
420 551 564 581 naturae
590 541 676 582 sunt
711 553 854 593 opera,
892 543 1109 595 priusquam
1137 541 1213 582 sese
1235 543 1313 594 ipsa
1345 541 1452 584 noss‘e
1483 547 1665 596 caeperit3
1694 545 1877 587 sed-ratio

53 601 188 655 postea
213 600 448 644 &industria
473 613 518 642 ea
538 601 767 651 emendant,
791 601 1016 654 expoliunt,
1047 601 1266 654 perficiunt.

229 661 264 714 §.
296 661 482 714 Denique
504 674 593 702 cum
612 662 856 714 propositum
880 662 973 702 mihi
990 662 1057 710 fit,
1086 674 1157 714 per
1180 660 1311 702 isthaec
1345 658 1532 712 Symbola
1560 661 1581 701 ὲ
1610 664 1808 704 'cunabulis
1826 662 1873 704 ad

54 721 244 762 tumulum
268 723 387 774 usque
407 721 513 762 reste
540 722 710 762 formare
736 722 979 774 Principem,
1011 734 1141 774 operae
1165 723 1333 775 pretium
1371 724 1463 771 erit,
1496 721 1708 764 doctrinam
1738 723 1777 763 &
1801 722 1877 774 sty-

48 778 134 822 ‘lum
150 781 198 821 ad
216 781 377 836 singulas
401 782 516 834 ipsius
539 792 671 822 aetates
697 781 1015 832 accommodare,
1043 780 1373 834 quemadmodum
1404 783 1521 823 etiam
1546 782 1653 822 Plato
1673 783 1712 823 δε
1735 783 1876 823 Aristo·

52 842 148 881 teles
177 839 319 882 fecere.
380 840 580 882 Nuncilla
599 841 810 884 summatim
835 853 1002 891 moneo,
1025 853 1181 883 curetur
1210 843 1419 895 imprimis,
1442 851 1486 882 ut
1521 840 1786 894 frequentiore
1811 855 1875 883 exae

53 903 280 942 ercitatione
300 903 506 956 agilitatem
526 904 692 954 aliquam
718 901 964 943 brachiorum
984 902 1023 942 δε
1041 904 1219 943 tibiarum
1239 902 1308 943 sibi
1328 909 1542 955 comparet.
1602 902 1726 956 Quod
1747 901 1775 942 si
1798 902 1875 943 for·

49 969 91 1001 te
112 962 284 1002 membra
308 963 360 1002 ob
384 962 681 1003 teneritudinem
708 962 1024 1013 intorqueamus,
1071 962 1282 1004 artificiosis
1300 962 1526 1015 quibusdam
1554 962 1810 1003 instrumentis
1837 965 1877 1004 in

50 1020 198 1061 testum
220 1033 408 1074 poterunt
425 1024 579 1076 porrigi.
618 1021 689 1079 (a)
707 1021 787 1062 Res
810 1021 965 1074 aspectu
987 1023 1210 1072 horribiles,
1242 1035 1327 1075 quae
1349 1025 1430 1064 vim
1458 1023 1755 1076 imaginatricem
1782 1033 1876 1075 que0

50 1091 115 1120 ant
142 1080 365 1131 offendere,
389 1096 439 1123 ne
461 1085 495 1123 ei
514 1091 782 1135 proponantur
798 1092 888 1121 ante
911 1083 1071 1131 oculos;
1100 1094 1205 1124 neve
1226 1083 1394 1123 sinantur
1425 1082 1592 1134 obliquis
1615 1085 1735 1123 oculis
1762 1083 1877 1123 transa

51 1142 201 1181 versum
235 1142 376 1194 aliquid
404 1144 593 1183 contueri.
655 1142 720 1183 Ad
746 1143 1029 1184 inclementiam
1053 1144 1149 1184 aeris
1177 1144 1418 1197 pedetentim
1449 1142 1631 1187 assuefiat.
1691 1142 1783 1183 Nec
1808 1143 1874 1183 dea

48 1201 121 1242 fint
143 1202 289 1242 moduli
307 1202 607 1254 symphoniaci,
640 1203 688 1242 ad
714 1203 963 1244 excitandum
997 1204 1157 1244 subinde
1183 1205 1365 1257 spiritum.
1432 1202 1737 1243 Lusitatiunculae
1759 1204 1875 1256 ipsrus

49 1260 121 1301 fint
151 1263 233 1302 libri
258 1261 295 1302 δε
320 1274 441 1312 arma,
470 1272 513 1302 ut
536 1263 582 1303 iis
610 1262 745 1303 sensim
777 1263 949 1314 capiatur
974 1266 1144 1312 animus;
1176 1263 1360 1316 quicquid
1388 1265 1492 1304 enim
1521 1272 1673 1304 novum
1706 1265 1875 1304 occurrit

47 1323 200 1373 pueris,
225 1323 304 1362 hoc
320 1322 572 1373 admirantur,
607 1321 646 1361 (ὃς
670 1321 815 1363 firmius
840 1323 1049 1375 phantaiiae
1070 1325 1310 1377 imprimunto

475 1493 1283 1565 SYMBOLUM
1363 1492 1441 1570 ΙΙ.

45 1620 353 1764 COloribus
382 1627 421 1669 &
449 1629 632 1681 penicillo
659 1639 718 1670 ars
743 1627 836 1671 scite
862 1631 993 1671 omnia
1023 1626 1218 1683 exprimit.
1277 1626 1336 1668 Ea
1365 1627 1416 1667 de
1441 1628 1550 1668 causa
1572 1625 1600 1669 st
1630 1638 1687 1668 ars
1710 1625 1874 1680 piffitoria,

193 1700 327 1730 natura
343 1701 424 1729 non
448 1688 524 1736 est,
552 1689 601 1727 ad
628 1700 714 1728 eam
741 1700 849 1728 certe
869 1700 947 1728 tarn
969 1701 1098 1740 prope
1125 1686 1294 1735 accedit,
1333 1687 1435 1725 utin
1468 1688 1540 1727 iuis
1558 1688 1656 1739 saepe
1689 1688 1875 1740 operibus

195 1749 300 1790 fallat
330 1750 489 1794 oculos,
512 1755 630 1798 atque
653 1745 754 1786 adeo
779 1757 915 1787 manus
937 1747 1025 1798 ipsae
1039 1749 1078 1787 in
1091 1746 1278 1798 judicium
1299 1745 1527 1785 adhibendae
1548 1744 1634 1790 sint.
1694 1747 1875 1788 Animam

43 1805 275 1861 corporibus
304 1807 488 1857 impertiri
512 1816 593 1843 non
610 1803 762 1854 potest,
789 1814 828 1843 at
846 1805 1110 1854 venustatem,
1133 1815 1264 1843 motus
1284 1813 1402 1855 atque
1422 1803 1584 1844 affectus
1603 1805 1720 1856 ipsius
1739 1808 1875 1846 animae

41 1879 122 1911 non
143 1867 230 1908 raro
253 1865 388 1905 iisdem
406 1863 550 1903 tribuit„
609 1859 778 1903 Tametsi
806 1863 904 1903 vero
929 1874 1096 1916 corpora
1115 1863 1192 1915 ipsa
1218 1864 1386 1903 materiae
1406 1861 1565 1903 defectu
1581 1863 1697 1916 plene
1722 1865 1875 1919 effinge-

42 1941 85 1970 re
108 1934 295 1979 nequeat,
313 1922 459 1963 artifice
489 1930 619 1962 tamen
651 1923 833 1974 penicillo
860 1924 913 1962 ita
953 1922 1118 1964 venuste
1143 1935 1189 1963 ea
1208 1923 1375 1963 delineat
1408 1924 1446 1963 in
1469 1921 1624 1973 tabula,
1660 1932 1704 1964 ut
1735 1935 1873 1978 praeter

38 1987 158 2042 ipsam
177 1988 297 2026 vitam
322 1995 403 2024 non
423 1980 494 2032 fit,
511 1981 618 2035 quod
644 1983 764 2034 porro
787 1981 994 2024 desideres.
1056 1983 1338 2032 AEmularetur‚
1369 1982 1515 2033 credo,
1546 1986 1616 2024 arti
1647 1983 1821 2033 Natura,
1844 1985 1875 2026 ss

41 2058 122 2101 quo
151 2046 273 2088 modo
306 2045 346 2085 id
375 2042 513 2096 poss‘et.
574 2040 696 2082 Nunc
722 2053 821 2083 vero
855 2042 955 2084 adeo
980 2043 1146 2097 benigna
1176 2054 1220 2084 ea
1248 2042 1323 2092 est,
1356 2054 1400 2084 ut
1426 2045 1515 2083 artis
1542 2045 1657 2084 etiarn
1690 2042 1810 2098 opera
1835 2047 1874 2086 in

39 2108 169 2153 multis
189 2108 244 2147 uti
269 2104 536 2146 consueverit:
566 2112 808 2160 quhaecunque
825 2105 929 2145 enim
948 2104 1061 2156 hujus
1084 2103 1278 2145 beneficio
1301 2105 1338 2145 ἃ
1366 2102 1546 2144 industria
1576 2102 1732 2157 possunt
1756 2105 1874 2158 perfi-

38 2169 99 2218 ci,
116 2169 160 2208 iis
185 2166 406 2219 supremam
425 2175 580 2218 manum
614 2161 766 2203 Natura
789 2164 867 2216 ipsa
899 2174 979 2205 non
1007 2166 1186 2218 imponit.
1248 2164 1310 2205 Sic
1338 2165 1537 2205 hominem
1567 2166 1667 2205 nasci
1693 2165 1873 2206 videmus

41 2230 167 2270 omnis
185 2228 346 2267 omnino
367 2225 560 2266 idiomatis
586 2223 622 2264 δι
641 2225 874 2276 cognitionis
898 2237 1122 2278 expertem,
1142 2236 1185 2265 ut
1206 2224 1245 2265 in
1267 2225 1434 2276 ejusdem
1459 2225 1588 2266 animo
1614 2224 1778 2274 deinde,
1805 2237 1871 2265 ve-

38 2290 97 2330 lut
119 2289 158 2328 in
181 2286 263 2327 rasa
287 2285 451 2339 quadam
470 2285 621 2334 tabula,
645 2283 833 2324 institutio
861 2298 906 2324 ac
927 2284 1103 2326 doctrina
1134 2287 1368 2339 optimarum
1403 2286 1540 2325 artium
1572 2285 1610 2326 &
1631 2286 1872 2327 scientiarum

41 2349 223 2401 depingat
247 2349 453 2400 imagines,
482 2346 521 2386 ὅ(
553 2357 704 2385 morum
736 2344 972 2386 documenta
1004 2346 1182 2387 inscribat
1215 2345 1422 2394 educati03
1451 2354 1532 2385 non
1561 2346 1704 2398 absque
1737 2346 1871 2399 insigni

40 2408 216 2450 humanae
247 2408 437 2448 societatis
468 2406 755 2446 emolumentoz
796 2407 849 2446 ita
876 2409 977 2446 enirn
1014 2406 1078 2457 fit,
1116 2416 1158 2447 ut
1193 2406 1285 2447 dum
1308 2408 1402 2447 alter
1424 2406 1578 2446 alterius
1612 2416 1701 2460 eget
1723 2419 1866 2459 opera,

39 2477 180 2510 mutuo
203 2470 343 2508 amoris
365 2468 402 2508 δε
426 2465 662 2521 gratitudinis
683 2477 789 2506 nexu
819 2468 937 2518 magis
968 2467 1137 2506 invicem
1159 2468 1342 2507 mortales
1368 2468 1613 2519 copulentur.
1678 2465 1749 2521 (h)
1782 2467 1867 2507 Omd

41 2527 142 2570 nibus
168 2528 317 2569 Natura
323 2524 556 2580 fundamenta
571 2520 663 2583 dedit
673 2521 851 2578 semenque
868 2528 1061 2573 virtutum
1079 2536 1189 2566 omnes
1203 2525 1256 2566 ad
1275 2523 1341 2578 ista
1363 2529 1474 2566 onmia
1494 2529 1571 2565 nati
1583 2524 1719 2576 finum,
1738 2528 1866 2566 camir»

40 2592 175 2629 ritatur
190 2586 338 2643 acceffizr,
364 2593 444 2629 tunc
460 2589 518 2628 illa
541 2586 644 2626 animi
657 2584 744 2626 bona
767 2586 864 2625 velut
876 2582 990 2638 sopita
1012 2584 1220 2629 excitantur:
1282 2585 1360 2625 Sed
1377 2584 1500 2624 statim
1522 2582 1543 2623 ὲ
1572 2588 1713 2624 teneris
1741 2586 1781 2626 id
1802 2585 1867 2626 fiat

44 2657 225 2700 oportet,
254 2647 346 2688 dum
365 2649 511 2688 animus
531 2646 578 2686 ad
598 2657 753 2685 omnem
773 2640 1049 2686 formationem
1071 2647 1190 2699 magis
1205 2645 1372 2685 idoneus
1390 2644 1465 2693 est,
1498 2653 1616 2696 atque
1641 2645 1687 2684 ad
1706 2645 1865 2698 discipli-

43 2719 112 2749 nas
131 2706 335 2761 capiendas
354 2709 408 2748 ita
423 2707 566 2755 facilis,
588 2716 630 2746 ur
647 2707 765 2759 magis
784 2704 1063 2747 reminiscendo
1083 2706 1131 2745 ad
1153 2718 1217 2745 eas
1236 2707 1411 2746 recolere
1429 2705 1630 2754 videatur,
1646 2705 1761 2757 quarn
1789 2709 1863 2758 pri-

42 2768 150 2810 mum
185 2767 402 2819 addiscere3
435 2780 514 2819 quo
548 2774 771 2818 argumento
809 2768 943 2807 animae
988 2767 1314 2806 immortalitatem
1344 2763 1497 2806 divinus
1524 2764 1633 2822 Plato
1662 2765 1863 2806 astruebat.

44 2824 111 2885 (c)
141 2827 264 2882 Quod
289 2827 318 2867 fi
344 2838 390 2867 ea
406 2837 495 2867 cura
524 2828 561 2865 in
591 2835 700 2867 aetate
722 2828 844 2879 prima
866 2828 1101 2881 negligatur,
1126 2825 1287 2866 affectus
1306 2822 1439 2867 sensim
1464 2827 1566 2865 vires
1586 2824 1799 2875 summunt,
1825 2826 1863 2866 &

44 2889 310 2929 inclinationes
329 2887 409 2926 suas
433 2897 571 2939 pravas
589 2882 686 2927 adeo
714 2885 873 2927 firmiter
890 2889 1115 2940 imprimunt
1133 2887 1349 2935 voluntati,
1375 2887 1537 2926 utnulla
1555 2884 1642 2938 post
1665 2886 1864 2926 edu-catice·

44 2959 95 2990 ne
119 2948 273 2989 valeant
291 2948 437 3000 corrigi.
502 2945 600 2986 Ursa
617 2958 710 2987 mox
740 2946 787 2986 ab
815 2947 897 2999 ipso
923 2956 1036 3000 partu
1057 2946 1265 2987 informem
1292 2946 1448 2995 foetum,
1473 2945 1565 2985 dum
1588 2947 1714 2986 mollis
1737 2947 1862 2985 adhuc

43 3007 127 3063 est,
148 3006 502 3049 circumlambendo
521 3004 693 3059 perficit,
718 3006 757 3047 δε
782 3008 923 3061 effingit
944 3008 1140 3057 membra‚
1179 3019 1335 3048 omnem
1363 3006 1450 3047 alias
1476 3005 1672 3058 perditura
1702 3015 1862 3104 operans}

923 3067 956 3108 B
1847 3078 1860 3106 1

140 3150 199 3195 (a)
226 3154 390 3187 Caeterum
410 3162 453 3185 ne
459 3157 601 3239 profiter
630 3148 856 3186 teneritatem
878 3146 1108 3186 membrorum
1124 3157 1372 3201 torqueantur,
1387 3148 1557 3184 Nationes
1582 3144 1743 3182 nonmaffa
1766 3141 1861 3182 arti-⁶

36 3199 164 3292 {dags
188 3199 428 3255 irstrumentis
455 3211 516 3239 ute
537 3210 660 3243 antur.
687 3200 836 3240 Aristot„
870 3213 908 3248 7„
930 3200 1040 3240 Polit.
1071 3213 1128 3249 17.
1180 3202 1241 3249 (b)
1269 3202 1403 3239 Seneca
1427 3198 1532 3250 Epist.
1564 3211 1620 3236 ιοΒ
1670 3198 1728 3247 (c)
1754 3198 1858 3236 Plato

75 3265 95 3290 e
150 3266 186 3294 n.
