2132 3730
247 187 303 218 20
623 171 1035 234 „DJDACJ
1087 171 1627 214 SAAVEDRAE.

252 230 1797 247 ffl———ss—-ffl-——s-—Q

249 261 389 299 chartae
406 252 694 310 superimposita
715 253 852 293 duetus
870 255 955 293 illos
974 253 1256 305 charaeterum,
1277 254 1381 307 quasl
1399 256 1522 295 sulcos
1547 247 1753 307 quosdam,
1784 268 1899 296 manu
1925 257 2053 308 sequa-

250 329 312 359 tur
336 318 375 358 &
393 319 564 363 calam03
593 313 787 366 praecipue
807 314 902 354 verb
920 315 958 353 in
974 315 1017 353 iis
1040 316 1155 354 literis
1175 315 1375 368 pingendis
1412 314 1489 354 sese
1525 325 1724 365 exerceat,
1747 314 1770 356 ὲ
1796 317 1933 368 quibus
1975 316 2055 357 for-

245 388 398 420 mantur
420 379 595 427 reliquam
617 375 668 413 ita
689 373 778 423 fiet,
800 383 842 413 ut
863 374 953 414 dum
976 375 1123 414 laminae
1140 374 1342 417 artificium
1363 375 1430 415 suo
1445 374 1577 414 tribuit
1591 375 1768 428 ingenio,
1792 388 1835 417 ac
1851 375 2053 427 industriae,

248 439 431 490 paulatim
453 434 647 475 laboribus
672 435 742 474 illis
765 436 881 487 magis
908 436 1064 486 incipiat
1089 434 1195 473 affici.
1216 480 1219 481 ⁷

425 495 460 546 ᾗ,
483 492 575 534 Nec
594 488 718 534 minus
746 493 948 534 necessaria
968 493 1132 547 Principi
1148 496 1358 546 linguarum
1380 496 1536 548 peritia:
1556 507 1646 536 nam
1669 496 1878 548 interprete
1906 495 2053 547 semper

247 557 305 597 uti
324 556 445 605 velle,
465 564 630 594 autnon
660 552 729 595 nisi
750 555 788 594 in
806 556 915 595 aliam
939 556 1105 608 linguam
1133 556 1308 594 translata
1334 556 1483 608 legere,
1507 566 1567 595 res
1599 552 1654 596 est
1682 554 1903 608 deceptioni
1929 557 2053 596 obno-

247 618 332 664 xia,
357 624 423 654 aut
450 613 556 655 certe
582 617 621 654 in
656 613 799 664 caussa,
828 614 935 667 quod
964 615 1013 655 de
1043 615 1081 655 vi
1106 615 1168 655 sua
1195 614 1234 655 &
1262 614 1411 667 energia
1436 616 1599 656 multum
1625 615 1811 667 deperdat
1829 618 1989 656 veritas:
2011 624 2055 654 ut

247 675 377 717 sileam
395 684 475 715 non
492 673 600 727 posse
617 684 698 714 non
726 674 801 715 effe
818 674 1072 727 peracerbum
1096 674 1271 723 subdito,
1290 670 1318 715 si
1335 673 1381 714 ab
1400 688 1451 715 eo
1472 677 1629 728 intelligi
1644 684 1834 727 nequeat,
1855 675 1876 715 a
1899 689 1977 728 quo
1997 687 2056 714 re-

248 736 321 775 bus
343 734 414 774 suis
431 734 574 775 affliffis
591 736 790 784 solatium,
820 736 997 775 levamen
1030 735 1203 784 miseriis,
1228 733 1417 786 obsequiis
1441 739 1790 776 remunerationem
1814 736 1960 787 sperare
1990 734 2056 775 de-

248 795 328 835 bet.
387 795 525 835 Movit
550 806 595 834 ea
615 807 674 834 res
695 794 903 846 Josephum
930 791 1003 851 (a)
1027 796 1278 835 patriarcham
1293 825 1305 843 ‚
1331 803 1375 833 ut
1392 795 1481 835 cum
1498 792 1674 848 AEgypto
1691 795 1970 848 praeficeretur,
1992 807 2056 834 an-

248 864 289 895 te
312 857 439 896 onmia
457 857 500 894 iis
529 856 662 907 linguis
690 854 925 894 addiscendis
940 885 952 904 ,
977 865 1136 906 quarum
1153 855 1260 895 isthic
1277 856 1353 895 loci
1370 855 1524 906 vigebat
1541 857 1646 905 usus,
1674 856 1713 896 &
1734 867 1826 907 quas
1847 856 1925 907 ipse
1949 857 2054 908 igno-

248 915 376 963 rabat,
401 925 557 966 operam
577 914 831 966 impenderet.
896 913 1026 967 Quam
1052 916 1130 955 hoc
1157 917 1323 956 nomine·
1345 911 1648 967 Augustiffimum
1671 916 1948 967 Imperatorem
1975 916 2055 954 Ro-

248 985 402 1015 manum
422 973 704 1015 Ferdinandum
724 973 786 1013 III.
811 983 938 1014 amant
964 985 1099 1014 omnes
1118 975 1154 1014 δε
1186 973 1413 1027 suspiciunt,
1439 972 1547 1026 quod
1571 974 1780 1027 linguarum
1808 985 1885 1016 tam
1919 984 2055 1027 gnarus

248 1035 315 1082 sit,
331 1045 373 1073 ut
393 1036 532 1086 cuique
555 1035 737 1086 propri0,
767 1032 805 1072 &
829 1036 964 1073 nativo
986 1034 1053 1074 suo
1072 1035 1257 1075 idiomate
1282 1034 1457 1086 responsa
1486 1034 1575 1073 dare
1592 1037 1758 1075 noverit.
1818 1035 1967 1074 Verum
1986 1047 2056 1074 no—

249 1096 330 1133 titia
365 1095 425 1133 illa
449 1107 528 1134 non
553 1091 617 1133 via
638 1102 921 1144 praeceptorum
945 1096 1201 1146 comparanda
1228 1093 1283 1134 est
1311 1094 1496 1146 principi,
1523 1106 1611 1134 nam
1637 1095 1699 1134 illa
1719 1096 1943 1134 memoriam
1964 1106 2057 1133 con·

248 1150 438 1201 fundunt;
460 1154 523 1194 sed
540 1152 739 1193 asciscendi
760 1154 797 1192 in
819 1152 899 1204 ejus
919 1153 1098 1193 familiam
1117 1154 1313 1194 illustrium
1329 1155 1501 1194 virorum
1526 1153 1592 1193 filii
1619 1153 1667 1193 ab
1690 1157 1830 1194 exteris
1860 1154 1975 1194 exciti
1991 1166 2057 1193 na·

251 1215 442 1263 tionibus,
467 1215 604 1265 quibus
624 1225 712 1252 cum
731 1212 962 1253 familiariter
980 1212 1267 1263 conversando,
1289 1213 1429 1266 absque
1445 1224 1584 1265 magno
1604 1211 1760 1263 labore,
1785 1214 1822 1253 &
1836 1214 1939 1265 quasi
1954 1208 2057 1253 aliud

249 1285 383 1326 agens,
399 1285 612 1327 paucorum
628 1273 815 1314 mensium
833 1271 954 1326 spatio
971 1283 1118 1316 tantum
1133 1274 1334 1327 proficiet,
1351 1284 1394 1314 ut
1411 1275 1545 1328 linguis
1554 1271 1785 1327 singulorum
1803 1275 1910 1326 loqui
1926 1269 2056 1313 affuel*-

248 1343 324 1375 cat.

426 1389 547 1434 Porro
572 1403 614 1432 ut
633 1388 890 1446 Geographiae
906 1389 944 1433 &
961 1390 1270 1447 Cosmographiae
1296 1386 1412 1453 (sine
1434 1394 1573 1446 quibus
1591 1404 1695 1434 coeca
1722 1388 1777 1434 est
1802 1393 2054 1445 quodammo-

249 1451 302 1494 do
327 1454 478 1493 scientia
513 1454 705 1507 politica)
730 1455 835 1493 usum
865 1465 1023 1506 quoque
1056 1454 1220 1506 aliquem
1245 1457 1437 1506 acquirat,
1466 1464 1594 1505 operae
1620 1454 1786 1505 pretium
1814 1455 1905 1502 erit,
1927 1452 2058 1492 vestiri

250 1516 378 1567 palatii
397 1515 596 1554 conclavia
616 1513 800 1565 ejusmodi
819 1514 943 1552 aulaeis
963 1514 1000 1553 &
1025 1513 1319 1566 peristromatis,
1344 1528 1429 1567 quae
1446 1513 1610 1553 tectorio
1636 1525 1757 1566 opere
1786 1513 1978 1553 elaborata
1994 1523 2058 1565 ge-

250 1576 416 1615 neralem
447 1574 636 1625 quandam
661 1575 763 1614 orbis
787 1572 1104 1623 delineationem,
1126 1574 1203 1614 hoc
1227 1574 1301 1623 est,
1320 1584 1483 1626 quatuor
1502 1573 1635 1613 mundi
1651 1584 1800 1625 partes,
1824 1573 1862 1613 &
1879 1574 2058 1625 potiores

249 1632 489 1688 provincias,
518 1632 593 1672 una
618 1645 705 1673 cum
736 1633 1009 1672 celebrioribus
1027 1634 1176 1683 fluviis,
1196 1636 1418 1684 montibus,
1443 1634 1601 1673 urbibus
1621 1635 1773 1684 aliisque
1792 1633 2057 1685 insignioribus

250 1695 345 1733 locis
367 1691 571 1744 specstanda
595 1693 815 1730 exhibeant.
878 1692 961 1730 Pari
980 1692 1140 1732 artificio
1161 1693 1264 1733 lacus
1286 1694 1400 1733 etiam
1420 1692 1566 1743 disponi
1591 1703 1797 1744 poterunt;
1823 1702 1866 1732 ut
1896 1692 1925 1733 sl
1952 1689 2058 1733 forte

248 1753 425 1793 navicula
446 1752 624 1791 oberrare
645 1750 850 1803 placuerit,
866 1749 904 1789 in
927 1751 971 1790 iis
997 1750 1160 1790 velutin
1184 1751 1321 1790 chartis
1350 1752 1573 1802 quibusdam
1587 1754 1771 1800 nauticis,
1795 1754 1906 1792 maris
1939 1752 2058 1791 totius

249 1813 381 1859 situm,
399 1821 558 1862 portus,
575 1812 708 1849 insulas
730 1810 865 1848 videre
887 1810 926 1848 se
947 1810 1148 1850 existimet.
1209 1810 1252 1849 In
1279 1811 1402 1861 globis
1426 1810 1462 1849 δε
1483 1810 1635 1861 sphaeris
1658 1812 1934 1851 mathematicis
1967 1823 2060 1850 con-

249 1873 457 1922 templetur
469 1870 652 1908 ambitum
666 1869 860 1919 utriusque
884 1864 1155 1919 hemisphaerii,
1178 1878 1307 1907 motus
1328 1869 1434 1916 coeli,
1454 1869 1642 1907 accessum
1660 1870 1932 1922 discessumque
1959 1870 2058 1918 solis,

249 1930 520 1971 viciffitudines
538 1928 684 1968 dierum
703 1941 746 1967 ac
766 1925 961 1974 nostium3
983 1928 1147 1966 suaviter
1165 1936 1318 1977 tamen,
1336 1927 1374 1967 &
1395 1926 1443 1966 ad
1462 1926 1623 1967 modum
1646 1928 1937 1970 narratiunculae
1963 1929 2059 1968 dun-

250 2000 377 2039 taxat,
403 2000 468 2028 aut
490 1989 754 2036 recreationis,
772 1987 896 2026 subtili
914 1985 1163 2027 ratiocinandi
1191 1998 1331 2036 genere
1357 1986 1725 2027 Mathematicorum
1749 1990 1886 2028 scholis
1906 1989 2055 2028 relieto.
2106 1992 2109 1993 ’

249 2050 285 2092 Ε
298 2050 540 2103 geometricis
565 2049 649 2088 satis
671 2046 788 2087 fuerit
807 2043 1014 2095 assecutus,
1031 2047 1057 2086 fi
1076 2049 1253 2086 locorum
1269 2049 1466 2086 intervalla
1483 2078 1494 2095 ,
1530 2046 1768 2097 altitudines,
1801 2048 1839 2088 &
1857 2046 2060 2100 profundi-

251 2121 348 2152 tates
371 2107 625 2151 instrumentis
647 2107 771 2147 metiri
797 2107 965 2146 noverit.
1025 2105 1157 2146 Discat
1181 2109 1298 2156 item,
1336 2105 1539 2158 quomodo
1565 2107 1651 2146 loca
1679 2107 1828 2148 munire
1852 2117 2059 2160 oporteat,

251 2171 429 2222 adeoque
449 2170 562 2208 animi
587 2168 695 2207 causa
717 2179 766 2206 ex
799 2165 946 2218 argilla,
967 2166 1089 2206 aliave
1113 2166 1219 2206 simili
1242 2168 1400 2208 materia
1426 2164 1618 2207 construat
1636 2169 1943 2219 propugnacula,
1969 2180 2060 2207 cum

250 2230 323 2272 suis
340 2230 440 2272 foliis
456 2237 534 2268 tam
555 2226 817 2275 interioribus,
841 2237 953 2277 quam
977 2226 1252 2276 exterioribus,
1274 2239 1363 2267 cum
1384 2227 1602 2281 aggeribuS,
1620 2228 1751 2276 vallis,
1769 2228 1978 2275 semiluniS,
1997 2228 2060 2266 ali-

251 2292 358 2342 isque
371 2289 419 2329 ad
435 2301 479 2328 ea
487 2286 664 2327 struenda
677 2285 969 2333 neceffariis3iic
987 2285 1203 2325 constructa
1220 2287 1588 2325 deindemachinulis
1607 2281 1752 2325 bellicis
1769 2296 1969 2340 oppugnet
1982 2299 2058 2326 rur.

250 2351 310 2392 sus
327 2350 365 2390 &
383 2350 564 2399 impetat:
583 2356 626 2386 ut
654 2346 751 2386 vero
780 2344 857 2384 1⁴stae
875 2347 1203 2385 munimentorum
1226 2343 1354 2397 figurae
1384 2345 1422 2385 &
1449 2344 1711 2397 dispositiones
1739 2345 1883 2385 firmius
1921 2346 1958 2384 in
1981 2357 2060 2385 me-

252 2411 375 2451 moria
391 2407 613 2460 infigantur,
636 2406 773 2446 similes
796 2406 939 2456 aliquas
959 2407 996 2444 in
1015 2404 1136 2444 hortis
1158 2404 1183 2445 e
1202 2414 1331 2455 myrto
1359 2406 1494 2445 aliisve
1514 2404 1639 2445 herbis
1667 2404 1871 2446 artificiose
1905 2404 2063 2458 disposi«

253 2472 301 2511 tis
325 2468 519 2510 efformari
530 2466 695 2518 juverit,
714 2474 832 2517 prout
850 2465 888 2505 in
909 2463 1153 2505 Emblemate
1170 2465 1344 2518 praesenti
1365 2466 1456 2505 licet
1486 2473 1652 2505 cernere.

428 2547 507 2588 Sed
521 2558 597 2588 nec
616 2544 708 2587 illud
722 2547 896 2599 ignorare
912 2546 1025 2586 decet
1040 2546 1256 2599 Principem
1270 2577 1282 2596 ,
1303 2544 1506 2598 quomodo
1531 2545 1653 2586 omnis
1668 2546 1834 2598 generis,
1855 2555 1932 2586 tam
1955 2547 2061 2598 equi-

253 2618 332 2659 tes,
347 2607 462 2662 quam
488 2607 639 2661 pedites
656 2606 677 2646 ὲ
691 2604 847 2647 metallo
862 2605 985 2656 fusos,
1007 2606 1029 2646 e
1050 2609 1188 2659 quibus
1219 2608 1430 2646 exercitum
1453 2617 1522 2658 per
1536 2606 1725 2658 legiones,
1749 2606 1931 2646 cohortes
1945 2636 1957 2655 ,
1972 2619 2060 2646 cen-

252 2672 388 2718 turias,
403 2669 690 2717 vexillationes‚
717 2677 858 2707 turmas
874 2667 1045 2716 ordinet,
1072 2667 1119 2706 ad
1136 2667 1389 2708 imitationem
1409 2667 1502 2706 aciei
1523 2668 1561 2706 in
1588 2664 1716 2706 tabula
1738 2667 1861 2717 aliqua
1881 2667 1944 2706 vel
1959 2666 2059 2705 libro

252 2730 451 2784 polemico
468 2726 676 2780 descriptae.
739 2726 809 2781 (b)
840 2727 965 2782 Itaque
987 2726 1057 2768 ludi
1075 2739 1196 2779 magna
1214 2739 1256 2767 ex
1269 2734 1379 2780 parte
1402 2728 1604 2767 imitationes
1622 2722 1680 2780 ‘ff
1712 2725 1833 2765 debent
1853 2738 1974 2771 ‚earnm
2005 2739 2061 2765 re-

251 2803 356 2839 rum,
383 2801 459 2842 quea
473 2785 564 2840 sterio
585 2785 704 2841 postea
717 2784 801 2838 stmt
830 2786 995 2828 obezmdae.
1055 2789 1185 2840 Atque
1217 2800 1262 2827 ea
1287 2788 1434 2826 ratione
1455 2786 1613 2836 sensim,
1635 2786 1673 2825 δε
1699 2787 1838 2837 absque
1859 2783 2030 2825 molestia
2045 2817 2059 2836 ‚

254 2850 397 2889 artibus
418 2851 461 2888 iis
483 2848 577 2887 affici
596 2849 776 2900 incipiet,
796 2848 834 2888 δε
856 2847 1105 2900 posteaquam
1120 2849 1242 2899 aliqua
1260 2849 1379 2889 menti
1402 2848 1469 2887 lux
1499 2848 1637 2886 oborta
1657 2844 1791 2892 fuerit,
1819 2846 1929 2884 citius
1954 2843 2061 2885 dein-

253 2909 304 2949 de
318 2908 467 2948 easdem
489 2910 614 2960 capiet
634 2907 911 2948 consuetudine
927 2921 1015 2948 cum
1034 2909 1124 2948 viris
1143 2907 1321 2957 eruditis,
1345 2909 1410 2959 qui
1432 2905 1572 2947 caussas
1592 2907 1817 2959 singularum
1837 2905 1875 2945 &
1895 2904 2058 2946 effeetus

254 2978 475 3022 exponent,
505 2967 571 3022 (c)
601 2976 715 3020 atque
729 2969 772 3007 iis
789 2966 994 3021 praesertim
1009 2998 1020 3019 ,
1048 2969 1113 3020 qui
1134 2969 1173 3007 in
1190 2968 1304 3008 rebus
1330 2977 1407 3009 tam
1435 2967 1564 3022 pacis,
1597 2966 1709 3019 quam
1735 2965 1825 3005 belli
1849 2965 1953 3007 haud
1977 2976 2056 3005 me-

1976 3025 2059 3066 dio-

359 3196 418 3239 (a)
440 3192 615 3245 Linguam
627 3205 734 3244 quam
754 3207 821 3229 non
843 3202 1011 3233 noverat,
1025 3191 1185 3229 audivit.
1209 3194 1295 3231 Psal.
1316 3199 1373 3236 36.
1393 3199 1428 3231 6.
1482 3194 1543 3241 (b)
1562 3191 1669 3228 Arist.
1685 3192 1763 3229 Pol.
1782 3201 1817 3237 7.
1838 3203 1869 3228 c.
1890 3204 1948 3240 17.
1999 3195 2057 3240 (c)

255 3242 412 3282 Audiens
417 3243 578 3297 fizpiens,
587 3243 783 3298 sapientior
799 3247 890 3284 erit:
911 3244 956 3289 (ἐν
976 3245 1188 3299 intelligens,
1203 3244 1446 3298 gubernacula
1455 3242 1641 3298 poffi'debit.
1668 3246 1778 3283 Prov.
1802 3255 1831 3282 1.
1854 3256 1887 3296 ς,
