2132 3730
253 232 347 280 152*
676 213 1024 256 DIDACI
1084 213 1617 257 SAAVEDRAE

247 313 305 342 rat
331 305 543 356 indignum,
574 309 637 337 aut
658 297 860 337 conservat
877 295 1083 349 justitiam,
1112 306 1177 337 aut
1193 299 1287 338 vitia
1303 295 1510 338 detestatur
1528 306 1547 354 3
1578 307 1781 351 tantopere
1797 299 1979 351 expedit,
2016 311 2061 342 ut

249 364 394 414 absque
411 361 480 401 isto
498 357 735 398 subditorum
750 366 858 396 metu
874 356 939 396 diu
953 357 1193 408 semetipfiim
1227 359 1323 398 tueri
1347 366 1515 409 nequeat
1536 371 1545 397 ε
1577 369 1712 398 omnes
1735 362 1838 400 enim
1861 369 1994 400 natura
2017 360 2061 400 Ii-

248 423 432 462 bertatem
456 425 671 469 appetunt,
701 416 738 456 δι
755 429 842 469 pars
859 417 1023 457 hominis
1045 415 1204 456 inferior
1226 418 1383 458 rationis
1415 415 1603 457 detrectat
1629 417 1831 470 imperium
1848 449 1860 467 ‚
1890 431 1965 460 nec
1997 421 2063 459 ali-

248 490 306 521 tcr
325 479 435 532 quam
458 487 564 517 metu
578 476 616 516 se
640 476 725 516 sinit
740 478 889 529 corrigi.
948 476 1084 517 Debet
1102 478 1232 528 itaque
1252 477 1433 529 Princeps
1448 478 1501 517 ita
1514 477 1700 518 edomare
1718 478 1910 528 subditos,
1925 480 1981 518 uti
1993 478 2062 518 do-

246 543 339 581 mari
359 538 454 578 solet
469 537 595 589 pullus
623 535 820 590 equinus(
827 536 946 589 figura
969 537 1161 590 praesentis
1178 535 1428 577 Emblematis
1445 534 1468 593 )
1500 539 1562 576 cui
1580 549 1714 577 manus
1732 538 1981 590 eadem,=quae
1989 551 2062 590 po-

247 602 409 652 pismate
439 609 528 637 eum
544 594 738 636 demulcet
755 626 768 646 ,
798 597 836 636 δε
851 596 962 647 jubas
986 596 1125 649 peffit,
1155 598 1261 649 virga
1275 598 1392 637 etiam
1411 597 1619 637 minitatur.
1678 596 1721 637 In
1739 599 2060 638 arcatabernacu-

244 661 269 698 li
301 655 417 711 Virga
437 656 547 698 simu-1
565 656 602 697 &
621 655 768 697 Manna
782 655 1065 696 affervabantur
1085 686 1099 706 ,
1129 656 1176 696 ad
1191 655 1476 709 significandum
1494 658 1635 709 opinor
1649 685 1663 704 ,
1691 657 1731 696 in
1750 656 1925 709 Principe
1952 658 2060 697 seve·

244 719 394 758 ritatem
421 717 457 757 &
472 717 747 770 benignitatem
761 717 867 770 iungi
889 716 1045 757 debere.
1106 716 1253 756 Solatio
1271 726 1377 757 erant
1397 715 1544 758 Davidi
1562 718 1669 769 virga
1691 718 1833 768 pariter
1848 716 1887 756 δι
1899 717 2061 758 bacu1us

243 777 323 818 Dei
344 791 353 817 :
383 777 413 817 fi
438 779 539 819 enim
561 778 623 816 illa
640 776 836 829 infligebat
850 777 1013 817 verbera
1031 806 1044 826 ,
1074 776 1138 817 hic
1160 776 1327 817 eundem
1342 773 1414 830 (a)
1444 776 1685 823 sustentabat.
1744 775 1847 816 Cum
1873 775 1986 817 Deus
2020 779 2062 818 in

244 848 380 878 monte
399 836 501 877 Sinai
524 838 674 889 populo
687 836 891 878 israelitico
910 837 1036 889 legem
1075 836 1269 890 Decalogi
1290 836 1401 876 daret
1415 865 1428 885 ‚
1470 835 1684 890 fulguribus
1716 835 1765 876 de
1783 837 1882 876 coelo
1902 836 1940 877 &
1962 838 2063 877 toni·

244 899 336 938 truis
352 899 456 938 ilium
475 896 672 936 territabat
684 925 698 944 ,
727 895 765 936 δι
779 895 923 936 musica
931 896 1093 937 fimulac
1103 898 1300 937 harmonia
1311 893 1451 935 coelesti
1469 894 1538 951 (b)
1547 896 1774 937 deliniebat.
1834 895 2060 948 Utrumque

244 969 346 1009 opus
368 956 423 997 est
441 987 454 1005 ,
485 965 529 995 ut
543 955 678 1009 subditi
695 956 734 995 in
758 955 866 995 cultu
881 955 919 996 &
938 968 1070 997 amore
1094 956 1314 997 constantes
1332 954 1545 1008 persistant.
1605 956 1650 996 in
1675 955 1715 996 id
1736 967 1829 1009 ergo
1860 957 2059 997 incumbat

240 1017 425 1069 Princeps
443 1045 457 1064 ,
484 1024 529 1055 ut
550 1016 665 1055 amari
685 1015 723 1055 fia
740 1014 856 1056 faciat
876 1018 1042 1068 pariter,
1064 1016 1258 1057 &timeriz
1272 1026 1402 1065 curet,
1432 1025 1476 1055 ut
1494 1014 1533 1055 se
1543 1024 1677 1056 ament
1698 1024 1879 1067 tanquam
1891 1016 2060 1057 subdito-

241 1089 325 1117 rum
343 1075 685 1123 conservatorum;
709 1085 754 1115 ut
775 1085 949 1116 metuant
965 1085 1146 1128 tanquam
1169 1078 1333 1117 animam
1357 1075 1474 1128 legis,
1503 1073 1526 1114 ὲ
1551 1086 1627 1127 qua
1645 1075 1742 1115 {alus
1764 1076 1937 1115 omniurn
1955 1076 1994 1116 &
2009 1074 2060 1115 sa-

240 1138 298 1177 lus
325 1137 498 1176 omnium
514 1134 553 1175 ὅτ
576 1133 743 1175 fortunae
754 1135 996 1188 dependent:
1027 1146 1070 1176 ut
1088 1137 1124 1176 se
1140 1147 1272 1176 ament
1285 1167 1296 1185 ‚
1313 1145 1476 1188 propter
1495 1165 1508 1184 ‚
1537 1136 1718 1187 proemia3
1747 1143 1791 1174 ut
1811 1134 1850 1174 se
1868 1145 2058 1185 metuant,

239 1206 402 1249 propter
419 1207 549 1249 poenas
567 1208 577 1234 x
608 1205 651 1234 ut
659 1195 698 1236 se
711 1206 859 1245 ament,
873 1197 960 1247 quia
976 1195 1214 1235 aduiationes
1227 1197 1267 1235 in
1281 1207 1410 1235 aurem
1425 1207 1508 1235 non
1526 1197 1611 1236 vult
1631 1194 1855 1244 admittere,
1867 1205 1912 1234 ut
1927 1195 1964 1234 se
1977 1207 2060 1235 me·
2124 1230 2126 1233 ,

239 1265 370 1303 tuam,
383 1257 558 1308 quianon
567 1256 706 1295 tolerat
715 1256 906 1296 licentiam
918 1257 1147 1295 nimiamzut
1162 1256 1201 1295 fe
1221 1265 1349 1296 ament
1362 1285 1375 1305 ,
1405 1256 1458 1295 ob
1481 1256 1585 1295 suam
1611 1256 1890 1307 benignitatem
1911 1267 1924 1302 ς
1953 1264 1997 1294 ut
2017 1255 2059 1295 se

240 1325 414 1357 metuant
427 1324 588 1367 propter
613 1314 901 1355 minoritatem:
928 1325 973 1355 ut
988 1315 1025 1355 se
1041 1325 1190 1364 ament,
1219 1317 1308 1367 quia
1321 1327 1458 1367 pacem
1480 1324 1720 1367 promovet3
1750 1323 1794 1353 ut
1807 1313 1847 1353 se
1863 1323 2059 1363 metuant,

240 1377 330 1428 quia
351 1375 398 1414 ad
423 1376 566 1415 bellum
584 1384 737 1426 paratus
759 1373 827 1420 est.
885 1374 942 1414 Ea
958 1377 1106 1414 ratione
1120 1405 1132 1424 ,
1162 1384 1206 1414 ut
1221 1375 1314 1414 boni
1333 1374 1550 1426 Principem
1572 1373 1738 1413 amando
1753 1373 1934 1423 habeant,
1948 1373 2060 1425 quod

239 1445 416 1476 metuant
433 1436 473 1474 in
492 1435 581 1481 ill0;
619 1434 787 1486 improbi
804 1444 902 1474 vero
925 1433 1092 1474 eundern
1115 1433 1329 1474 metuendo
1349 1462 1363 1481 ‚
1393 1434 1561 1474 habeant
1584 1434 1623 1473 in
1640 1444 1690 1473 eo
1710 1463 1724 1482 ,
1756 1432 1863 1484 quod
1882 1432 2058 1487 diligant.

238 1494 376 1535 Timor
425 1493 494 1534 iste
539 1503 618 1533 tam
672 1492 900 1534 necessarius
944 1493 1000 1533 est
1051 1493 1099 1532 ad
1145 1495 1284 1545 sceptri
1327 1493 1662 1534 conservationem
1679 1522 1694 1542 ‚
1738 1503 1784 1532 ac
1836 1494 1978 1532 noxius
2015 1492 2056 1532 ἀ

239 1552 475 1608 periculofiis
495 1555 527 1592 is
551 1583 564 1603 ,
595 1555 660 1605 qui
689 1552 918 1606 esuperbia‚
949 1552 1145 1604 injustitia,
1175 1552 1213 1592 &
1233 1553 1435 1603 tyrannide
1461 1545 1646 1604 Principis
1659 1551 1850 1599 nascitur,
1875 1552 1966 1603 quia
1987 1550 2052 1590 ad-

240 1615 347 1654 ducit
363 1615 401 1653 in
420 1612 488 1666 (c)
504 1612 823 1664 desperationem.
884 1612 997 1652 Unus
1019 1612 1066 1651 ad
1080 1612 1295 1652 libertatem
1316 1612 1474 1664 aspirat,
1494 1614 1607 1652 etiam
1621 1616 1712 1651 cum
1725 1610 1912 1663 Principis
1935 1613 2058 1661 ruina,

240 1673 509 1725 confringente
535 1670 630 1711 Deo
648 1671 722 1725 (d)
751 1673 895 1722 virgam
916 1683 1050 1710 eorum
1067 1701 1080 1720 ,
1109 1672 1177 1722 qui
1193 1673 1304 1711 nimis
1321 1672 1451 1723 aspere
1467 1671 1737 1712 dominantur:
1771 1672 1865 1711 alter
1878 1681 1977 1711 vero
1997 1683 2059 1711 ca·

236 1743 333 1774 vere
348 1731 474 1772 studet
487 1729 785 1785 indignationem
808 1730 999 1782 ejusdem,
1030 1730 1067 1770 &
1087 1742 1261 1783 poenam,
1280 1732 1418 1771 rationi
1433 1731 1470 1771 se
1495 1730 1795 1781 conformando.
1856 1730 1913 1771 Ita
1929 1732 2057 1783 loqui·

242 1803 304 1834 tur
320 1793 410 1832 Rex
433 1790 654 1842 Alphonsus
671 1789 830 1843 Sapiens
846 1800 862 1842 3
894 1789 961 1845 (e)
980 1790 1115 1843 Otrost
1131 1791 1159 1830 lo
1173 1789 1276 1830 dehen
1299 1798 1406 1831 tamor
1422 1804 1506 1831 como
1521 1787 1669 1842 Vastzllos
1684 1787 1754 1843 dfit
1767 1789 1877 1832 Senior
1890 1822 1903 1840 ‚
1933 1793 2055 1831 avien-

241 1854 281 1894 do
294 1851 396 1893 miedo
414 1850 454 1891 de
459 1848 575 1901 jazer
595 1850 648 1889 tal
657 1863 761 1902 yerro
773 1882 784 1898 ‚
814 1864 880 1904 que
900 1864 992 1902 ayant
1007 1853 1031 1890 ἁ
1044 1849 1171 1901 perder
1182 1846 1226 1900 stc
1240 1863 1337 1890 amor
1351 1881 1364 1900 ‚
1381 1864 1399 1890 e
1412 1863 1494 1891 caer
1517 1864 1558 1891 en
1581 1859 1676 1902 pena
1696 1882 1708 1900 ‚
1738 1863 1803 1904 que
1835 1864 1872 1891 es
1912 1863 2057 1891 manera

241 1913 282 1954 de
289 1909 348 1963 fhr
366 1909 557 1950 vidumbre.
613 1909 803 1948 Praeterea
823 1908 939 1961 neccffi’
967 1907 1042 1962 qst‘,
1073 1915 1114 1947 ut
1132 1921 1206 1946 eum
1225 1916 1391 1962 tanquam
1404 1906 1507 1959 ftrvi
1523 1909 1709 1949 Dominum
1734 1941 1746 1959 ,
1777 1917 1994 1959 vereantur,
2011 1912 2058 1951 ti·

240 1979 420 2024 rnemthue
451 1969 515 2009 tali
531 1966 570 2019 se
585 1967 700 2008 delfau
714 1965 943 2021 obstringere,
974 1966 1013 2007 oh
1039 1964 1131 2021 quod
1153 1966 1299 2020 ejusdem
1323 1979 1437 2006 amore
1457 1965 1613 2007 excidant
1629 1997 1642 2016 ,
1672 1965 1798 2018 &³stst
1819 1977 1935 2020 poenae
1958 1968 1986 2021 ζ
1998 1970 2060 2022 qui

231 2030 422 2085 fi’rvitutis
439 2027 553 2068 modus
566 2025 650 2082 est)
679 2026 827 2067 reddant
843 2027 1007 2068 obnoxios.
1066 2024 1202 2066 Timor
1221 2024 1289 2065 iste
1315 2026 1455 2066 eodem
1474 2036 1587 2078 partu
1601 2037 1691 2066 cum
1708 2036 1841 2066 amore
1863 2027 2028 2068 nascitur
2042 2042 2057 2069 :

243 2102 372 2142 neque
387 2090 489 2129 enim
511 2099 618 2127 amor
635 2085 709 2126 effe
730 2086 859 2139 potest
875 2087 1020 2137 absque
1035 2095 1141 2125 metu
1160 2085 1348 2138 perdendi
1367 2098 1447 2125 rem
1461 2096 1623 2124 amatam
1635 2114 1648 2133 ,
1669 2093 1836 2126 attentus
1851 2087 2002 2139 semper
2012 2096 2058 2126 ut

243 2153 283 2192 in
302 2152 339 2190 in
355 2149 434 2200 ejus
448 2148 565 2202 gratia
576 2146 615 2186 se
632 2146 847 2186 conservet.
925 2146 1028 2198 Quia
1042 2154 1171 2184 tamen
1190 2156 1270 2183 non
1296 2156 1405 2196 aeque
1422 2142 1477 2184 est
1504 2145 1541 2184 in
1565 2142 1695 2196 potest
1714 2144 1898 2196 Principis
1916 2175 1929 2194 ‚
1959 2155 2003 2185 ut
2017 2159 2056 2185 a·

242 2220 369 2252 metur
386 2221 430 2248 ac
455 2217 498 2247 ut
514 2215 708 2247 metuatur
725 2238 735 2255 ‚
765 2207 856 2246 ideo
881 2207 1015 2245 melius
1044 2203 1100 2243 est
1126 2204 1365 2244 securitatem
1390 2204 1495 2244 suam
1522 2204 1560 2244 in
1590 2205 1673 2245 hoc
1702 2206 1841 2244 timore
1865 2204 2057 2256 fundare,

245 2270 362 2324 quam
378 2270 415 2309 in
439 2268 520 2308 solo
538 2277 669 2306 amore
684 2297 696 2315 ‚
728 2267 792 2319 qui
813 2275 953 2318 utpote
969 2264 1178 2305 voluntatis
1202 2266 1333 2315 proles
1353 2263 1571 2304 inconstans
1597 2262 1651 2302 est
1669 2263 1708 2303 &
1725 2265 1853 2304 varius
1879 2294 1893 2314 ,
1922 2277 2053 2317 neque

243 2333 331 2372 ullae
346 2327 565 2369 blandiendi
584 2335 682 2366 artes
703 2325 875 2366 sufficere
896 2324 1051 2379 possunt
1060 2324 1108 2364 ad
1124 2322 1288 2364 effeetus
1304 2322 1769 2364 omnium-conciliandos.
1827 2323 1937 2364 Illum
1948 2324 2054 2366 Prin-

246 2393 374 2443 cipem
402 2399 582 2441 magnum
611 2398 685 2440 ego
707 2386 1023 2426 Gubernatorem
1053 2382 1348 2425 existimaverim
1377 2395 1492 2435 quein
1519 2385 1655 2424 vivum
1675 2383 1870 2423 timuerint
1892 2384 2055 2434 subditi,

246 2450 458 2491 amaverint
475 2456 691 2496 mortuum,
711 2445 914 2498 quomodo
941 2445 1086 2486 factum
1108 2445 1207 2497 Regi
1226 2442 1470 2485 Ferdinando
1491 2443 1696 2484 Catholico
1712 2456 1725 2480 .·
1753 2454 1842 2483 nam
1863 2442 2056 2487 fiamatus

246 2523 328 2552 non
348 2508 486 2557 fuerit,
515 2507 671 2547 sufficiet
694 2504 864 2547 aestimari
879 2507 999 2555 illum,
1030 2517 1074 2545 ac
1086 2505 1219 2545 metui.

246 2678 305 2726 (a)
320 2677 432 2727 Virga
451 2682 518 2709 tua
531 2700 541 2714 ‚
557 2670 752 2716 &baculus
763 2684 863 2714 tuus,
876 2671 949 2726 ipslz
962 2685 1017 2709 me
1028 2667 1303 2717 confilataffint.
1318 2670 1406 2707 Psal.
1422 2682 1482 2707 22.
1502 2684 1540 2719 4.
1567 2670 1632 2718 (b)
1657 2674 1703 2706 ft
1719 2679 1790 2706 ecce
1804 2678 1975 2722 coeperunt
1990 2683 2053 2707 au-

245 2729 324 2766 dire
337 2729 517 2766 tonitrua,
533 2740 576 2763 ac
596 2727 728 2764 micare
740 2724 918 2779 fulgura,
943 2723 989 2768 ό·
1001 2722 1105 2761 nubes
1126 2721 1331 2773 denstffimas
1345 2723 1475 2775 operire
1490 2730 1640 2759 montem
1659 2736 1672 2758 .·
1694 2721 1900 2781 clangorque
1913 2718 2057 2759 buccinae

248 2780 489 2818 vehementius
494 2777 740 2831 pe7strepebat.
790 2779 905 2815 Exod.
930 2783 986 2816 16.
1016 2789 1074 2822 19.
1126 2777 1183 2822 (c)
1199 2781 1258 2812 Ita
1272 2789 1377 2828 agere
1391 2777 1430 2813 in
1434 2773 1602 2823 stchjec'lis
1625 2801 1633 2815 ,
1658 2784 1700 2810 ut
1717 2787 1834 2826 magn
1855 2784 2055 2811 vereantur

239 2831 496 2883 fiveritatem‚
521 2830 630 2883 qudm
643 2842 685 2868 ut
691 2831 946 2879 sivitlemejus
961 2827 1185 2881 detestentur.
1212 2828 1360 2865 Colum.
1414 2829 1475 2876 (d)
1503 2828 1682 2865 contrivit
1699 2827 1868 2864 Dominus
1890 2822 2054 2864 baculum

248 2886 449 2937 impiorum,
463 2897 613 2936 vtrgam
624 2883 882 2924 dominantium
895 2881 1074 2922 cadentem
1081 2879 1217 2936 populos
1230 2880 1486 2936 indignatione.
1515 2881 1576 2919 Isa.
1596 2893 1634 2930 4.
1653 2892 1687 2928 5.
1704 2881 1740 2919 ὅ(
1761 2883 1795 2923 6.
1846 2880 1906 2927 (e)
1931 2879 1972 2916 L.
1994 2891 2051 2925 15.

249 2948 296 2976 tt·
312 2949 368 2985 13.
390 2949 425 2987 p.
439 2948 476 2973 2.

1829 3179 2055 3251 SYM-
2119 3240 2122 3243 ,
