2132 3730
278 221 359 269 ³64
708 202 1055 248 DJDACI
1109 202 1666 259 SAAVEDRAE.·

260 288 468 353 proculcatio
488 326 499 343 ‚
529 291 579 337 &³
595 290 765 330 Dominus
778 314 809 335 ,-
820 285 872 330 599
901 282 1069 336 Carmfhx
1088 286 1107 323 ?
1136 297 1192 324 nec
1211 283 1277 339 ista
1293 287 1495 333 (intervallis
1521 284 1632 326 divia
1647 316 1658 333 ,
1676 282 1741 336 sed
1766 286 1857 325 horae
1875 292 2069 325 momentum

269 355 408 411 interest
432 386 443 404 ,
474 356 564 392 inter
581 345 697 399 filliam
713 344 887 389 &aliena
899 358 1022 397 genua.
1082 342 1203 395 Quod
1229 343 1394 395 denique
1424 342 1445 382 a
1471 345 1673 383 voluntate
1692 346 1812 384 aliena
1834 343 2072 396 dependeat:

271 417 301 458 si
323 418 421 456 enim
439 408 598 450 obedire
622 403 840 446 detrectent
856 405 1018 452 subditi,
1048 403 1218 442 manebit
1238 405 1315 443 aliis
1327 403 1462 443 similis.
1526 402 1621 457 Quo
1646 404 1825 456 Princeps
1848 403 1967 455 major
1988 403 2073 443 fue-

269 478 318 517 rit
335 504 347 523 ,
378 475 453 512 hoc
467 468 585 521 magis
603 466 702 506 hanc
717 463 941 505 modestiam
962 464 1104 503 habere
1129 461 1246 502 debet
1263 463 1301 502 in
1322 464 1449 514 pretio
1473 492 1486 512 ,
1517 475 1630 514 quam
1662 475 1735 503 nec
1756 463 1835 516 ipse
1855 463 1966 504 Deus
1995 461 2024 515 ζ
2023 459 2071 517 a)
2112 496 2122 503 .

270 536 500 587 aspernatur.
587 523 805 575 Modestia,
827 537 912 576 quae
930 521 1172 574 Majestatem
1198 521 1338 562 abdere
1357 524 1453 562 intra
1468 522 1507 562 se
1528 522 1566 562 &
1585 524 1779 563 occultare
1800 524 1930 564 nititur
1951 552 1964 571 ,
1993 533 2074 563 ma-

263 595 324 646 jus
340 592 390 630 illi
416 589 580 641 pretium
600 584 705 625 addit
727 597 771 625 ac
796 585 1085 624 venerationem
1108 613 1119 631 ‚
1150 593 1230 621 non
1252 581 1358 621 secus
1376 592 1492 633 atque
1528 594 1620 622 auro
1648 583 1798 635 elegans
1819 582 1857 623 &
1872 577 2074 621 artificiosa

265 653 457 692 coelatura.
519 646 611 687 Nec
633 647 752 685 ullum
773 643 973 684 artificium
985 644 1022 682 in
1044 641 1201 682 Tiberio
1220 642 1336 693 magis
1354 642 1553 688 callidum,
1583 640 1698 693 quam
1717 640 1934 681 modestum
1951 642 1986 680 se
2007 652 2074 693 ge-

266 722 369 759 rere,
398 719 442 749 ut
465 708 583 760 pluris
607 704 863 748 aestimaretur.
924 702 999 756 (b)
1022 702 1159 743 Acerba
1172 702 1337 752 increpuit
1349 712 1416 750 eos,
1433 703 1493 755 qui
1509 700 1649 742 divinas
1665 698 1752 752 filas
1771 703 2023 752 occupationes,
2041 701 2072 739 i-

255 767 419 825 pficmque
444 768 627 810 Dominum
646 764 820 805 (latet-ant.
881 761 1064 814 Ingressus
1092 763 1129 801 in
1143 761 1274 812 judicii
1297 757 1440 809 locum,
1464 773 1544 800 non
1563 761 1692 801 sedem
1715 759 1883 801 Praefidis
1907 771 2076 811 occupa·

266 832 332 870 bat
353 860 364 878 ,
396 829 459 868 sed
474 828 582 879 juxta
603 824 669 879 (c)
690 823 851 879 afficiebat
868 823 904 861 in
925 835 1029 862 corma
1058 820 1261 862 Dibmmlis.
1353 818 1434 872 Qui
1466 819 1512 858 ad
1528 821 1744 872 supremum
1774 821 1874 860 inter
1896 819 2075 860 homines

265 889 424 943 gradum
445 886 604 927 eve&us
623 883 689 932 est,
699 896 778 922 non
797 884 902 921 aliter
913 894 956 921 ac
973 881 1213 921 demittendo
1231 879 1306 919 sese
1325 879 1373 918 ad
1389 880 1521 918 altiora
1541 881 1706 930 provehi
1722 880 1879 932 poterit.
1923 877 2070 918 Condi-

265 950 368 990 scant
377 945 611 988 Modestiam
620 942 724 983 istam
735 943 928 993 principes
938 953 1072 980 omnes
1087 939 1108 979 a
1118 938 1548 984 FerdinandoiSecundo
1558 938 1803 991 Imperatore,
1812 938 2078 992 gloriofiffimae

265 1010 481 1056 memoriae,
513 1015 590 1045 tam
611 1003 790 1043 omnibus
811 1000 981 1040 familiari
1000 1031 1012 1050 ‚
1043 1011 1085 1039 ut
1100 999 1203 1051 prius
1222 1000 1335 1038 amari
1360 999 1506 1050 semper
1527 998 1563 1038 se
1580 998 1723 1039 faceret
1740 1029 1752 1047 ‚
1783 999 1897 1050 quam
1917 1000 1991 1038 coli
2007 1006 2075 1036 aut

265 1070 461 1111 honorari.
523 1064 565 1105 In
585 1064 649 1103 illo
667 1062 881 1115 benignitas
904 1060 942 1100 δι
969 1059 1154 1100 modestia
1177 1059 1420 1098 incurrebant
1440 1060 1477 1097 in
1512 1060 1646 1097 oculos
1664 1088 1676 1107 ,
1707 1057 1885 1109 Majestas
1908 1070 1987 1097 non
2006 1056 2077 1098 nist

265 1126 519 1167 consideranti
537 1124 707 1176 patebat.
770 1120 870 1160 Non
888 1129 968 1159 erat
986 1117 1191 1171 Imperialis
1208 1120 1330 1170 aquila
1348 1147 1360 1166 ‚
1395 1130 1479 1169 quae
1512 1118 1653 1170 duplici
1673 1119 1810 1158 severo
1836 1116 1983 1164 rostro,
2011 1114 2076 1154 ad-

266 1188 375 1228 uncis
394 1185 603 1239 unguibus,
633 1184 670 1222 in
699 1193 855 1221 omnem
876 1190 1025 1232 partem
1049 1179 1312 1225 minitaretur‚·
1343 1177 1406 1217 sed
1434 1177 1630 1217 Pelicanus
1659 1179 1797 1218 amoris
1825 1178 1962 1229 plenus
1983 1206 1994 1223 ,
2014 1175 2078 1214 sua

265 1249 414 1299 semper
446 1245 600 1286 fodiens
627 1242 769 1282 viscera
791 1271 803 1289 ,
834 1249 878 1279 ut
904 1251 950 1279 ea
972 1239 1162 1291 praeberet
1190 1237 1396 1286 omnibuS,
1428 1246 1608 1288 tanquam
1636 1239 1800 1290 propriis
1824 1236 1922 1280 filiis.
1983 1233 2076 1274 Nec

265 1304 401 1361 magna¹
423 1306 474 1345 illi
491 1301 580 1344 cura
607 1312 672 1342 aut
694 1302 894 1341 molimine
917 1311 1017 1351 opus
1033 1307 1113 1338 erat
1133 1327 1145 1347 ,
1176 1307 1218 1336 ut
1235 1300 1272 1336 in
1288 1299 1359 1336 hac
1374 1295 1477 1337 tanta
1494 1295 1556 1336 sua
1572 1297 1821 1348 amplitudine
1845 1296 1922 1335 sese
1939 1293 2076 1334 demit-

264 1377 365 1407 teret
385 1395 398 1414 ,
430 1365 468 1404 &
495 1375 626 1415 parem
642 1363 719 1401 aliis
735 1360 892 1400 faceret.
954 1357 1054 1398 Non
1074 1358 1268 1397 Dominus
1292 1365 1395 1405 erat,
1424 1356 1488 1395 sed
1513 1356 1656 1395 Mundi
1674 1366 1804 1409 pater:
1834 1355 1870 1394 δι
1888 1353 1978 1394 licet
1991 1353 2079 1393 alias

265 1423 464 1468 Modestia
478 1424 593 1463 nimia
609 1429 878 1472 contemptum
894 1430 1029 1469 parere
1044 1417 1161 1457 soleat
1182 1446 1193 1463 ‚
1225 1418 1302 1455 imo
1322 1415 1360 1454 &
1378 1417 1522 1455 ruinam
1540 1417 1780 1468 Principum3
1810 1416 1847 1454 in
1864 1416 1928 1453 illo
1948 1424 2078 1454 tamen

265 1486 450 1537 majorem
474 1484 765 1523 venerationem
788 1478 1016 1518 conciliabat
1033 1477 1186 1529 potius,
1218 1475 1254 1514 δι
1277 1474 1470 1515 Nationes
1486 1486 1620 1514 omnes
1651 1475 1699 1514 ad
1714 1474 1940 1525 obsequium
1959 1473 1995 1512 &
2012 1473 2077 1512 de·

264 1545 480 1587 sensionem
499 1540 596 1582 illius
619 1538 891 1591 obstringebar.
989 1535 1046 1575 Ea
1062 1538 1120 1575 vis
1137 1536 1175 1575 &
1193 1546 1294 1574 verae
1323 1546 1366 1573 ac
1383 1535 1535 1574 smeerae
1552 1535 1754 1586 probitatis
1781 1563 1794 1583 ‚
1825 1532 1863 1573 &
1886 1534 2079 1585 magnani-

263 1607 318 1646 mi
336 1603 505 1657 pe&oris
521 1632 535 1650 ,
564 1599 671 1651 quod
687 1600 735 1637 de
752 1597 873 1648 seipso
891 1596 1101 1646 triumphat
1120 1623 1133 1644 ‚
1164 1594 1202 1633 &
1221 1593 1428 1634 Fortunam
1452 1605 1608 1634 omnem
1636 1593 1732 1635 insta
1754 1593 1791 1633 se
1821 1592 1941 1637 ducit.
2009 1594 2081 1632 At-

266 1676 341 1716 que
358 1664 468 1713 hujus
493 1659 738 1700 humanitatis
762 1655 799 1695 &
822 1653 1017 1694 modestiae
1040 1654 1113 1693 suae
1135 1654 1265 1692 vivam
1294 1654 1446 1705 reliquit
1474 1654 1637 1706 effigiem
1664 1653 1824 1702 Filium,
1856 1651 2090 1704 praesentem·

265 1725 562 1775 Imperatorem,
586 1719 651 1769 qui
681 1715 761 1769 ipse
784 1715 898 1754 etiam
920 1713 1054 1753 iisdem
1077 1711 1278 1753 instruetus
1304 1712 1510 1752 virtutibus
1524 1742 1537 1761 ,
1568 1711 1606 1752 &
1625 1716 1835 1753 amicorum
1856 1713 1892 1752 &
1913 1711 2082 1752 hostium

265 1784 335 1825 sibi
359 1781 530 1822 devincit
553 1779 711 1818 animos.
789 1773 910 1814 Nulla
936 1775 1056 1813 virtus
1082 1770 1200 1827 magis
1220 1772 1435 1825 Principem
1456 1771 1570 1811 decet
1586 1802 1598 1821 ‚
1635 1785 1680 1812 ac
1696 1771 1919 1819 Modestia3
1946 1783 2083 1811 omnes

265 1846 368 1884 enim
386 1841 608 1881 viderentur
627 1838 667 1878 in
703 1833 769 1876 illo
798 1833 914 1874 fatuae
941 1864 951 1881 ‚
981 1833 1051 1873 nisi
1085 1834 1169 1873 haec
1191 1833 1341 1872 vultum
1363 1832 1401 1873 δι
1423 1830 1594 1872 actiones
1611 1834 1757 1874 illarum
1780 1841 2037 1885 componeret
2064 1862 2078 1881 ‚

267 1915 349 1945 non
372 1895 632 1954 permittendo
649 1926 662 1944 ‚
691 1904 735 1934 ut
757 1904 864 1932 extra
880 1893 917 1932 se
937 1893 1087 1932 abeant.

446 1958 483 2010 ς,
512 1957 556 1996 ln
575 1956 681 1996 omni
700 1954 979 2006 gubernatione
997 1951 1195 2003 diligenter
1213 1949 1428 1989 cavendum
1446 1950 1492 1989 ab
1511 1951 1711 1989 extremis:
1741 1962 1870 2001 neque
1892 1952 1993 1990 enim
2011 1952 2080 1990 mi-

268 2021 341 2063 niis
377 2016 588 2072 periculosa
614 2013 668 2055 est
698 2012 858 2052 remissio
880 2013 1014 2059 nimia,
1047 2023 1089 2050 ac
1114 2010 1256 2049 summa
1286 2011 1461 2062 gravitas.
1526 2008 1834 2049 Communitates
1861 2009 2080 2050 monasticae

268 2082 370 2123 ferre
387 2085 571 2132 poterunt
589 2084 805 2115 extremum
833 2071 1064 2110 obedientiae
1084 2072 1248 2121 rigorem
1263 2096 1274 2115 ,
1304 2081 1383 2107 non
1400 2070 1469 2108 ilke
1493 2070 1712 2119 populares.
1774 2068 1922 2108 Paucos
1949 2069 2083 2110 admo-

273 2142 365 2182 dum
386 2139 564 2178 severitas
585 2137 645 2174 illa
667 2133 778 2173 nimis
808 2140 984 2170 accurata
1012 2129 1226 2170 continebit
1253 2130 1291 2167 in
1317 2127 1456 2167 officio.
1519 2126 1652 2166 Civilis
1683 2126 1844 2168 felicitas
1866 2129 1907 2168 in
1937 2130 2083 2169 virtute

270 2200 396 2255 posita
421 2196 499 2243 est,
528 2207 613 2248 quae
629 2195 667 2234 in
697 2190 829 2232 medio
852 2188 1040 2238 consistit,
1068 2191 1124 2229 uti
1151 2188 1190 2228 &
1213 2188 1336 2227 civilis
1355 2188 1456 2236 vita,
1487 2185 1525 2225 &
1541 2187 1767 2239 gubernatio
1785 2187 1960 2228 Statuum
1992 2201 2083 2230 cum

271 2262 348 2301 tale
372 2269 506 2298 natura
537 2255 603 2296 sua
631 2253 677 2294 fit
712 2252 940 2304 imperium,
970 2259 1013 2289 ut
1040 2248 1189 2290 auferre
1220 2246 1314 2288 illud
1345 2247 1455 2299 poffit
1481 2246 1669 2298 Populus,
1699 2247 1845 2300 absque
1871 2259 1942 2296 eo,
1972 2247 2082 2299 quod

272 2331 338 2361 aut
362 2319 516 2359 licentia
541 2316 656 2355 nimia
686 2312 762 2352 sese
789 2310 952 2363 perdat,
981 2319 1046 2350 aut
1074 2309 1126 2350 ob
1147 2309 1306 2348 nimium
1332 2309 1499 2360 rigorem
1523 2305 1731 2346 obstinatus
1749 2306 1826 2348 fiat.
1887 2304 1963 2361 (d)
1994 2308 2082 2349 Non

270 2376 466 2430 enimstilum
493 2374 726 2428 Respublica,
753 2384 832 2426 quae
847 2369 1054 2423 oprimastt,
1084 2367 1287 2422 corfideram‘
1304 2365 1399 2407 debet
1411 2397 1423 2416 ‚
1443 2363 1509 2416 fid
1543 2368 1644 2407 etiam
1673 2379 1751 2420 quae
1776 2365 1931 2420 corstitui
1948 2368 2050 2422 pfft
2062 2398 2077 2418 ‚

260 2438 442 2495 praterea
455 2450 534 2493 quae
538 2432 682 2487 facilior
694 2464 706 2483 ,
743 2430 795 2476 ἐξ)
812 2431 940 2471 culmis
961 2429 1164 2470 civitatibus
1182 2429 1380 2469 communior
1396 2426 1579 2467 habeatur.
1637 2426 1743 2480 Quin
1769 2426 1807 2467 ὅτ.
1832 2426 1944 2467 Deus
1958 2428 2078 2467 imbe.

273 2500 417 2542 cillitati
438 2499 613 2538 humanae
636 2494 711 2534 sese
731 2489 1013 2531 accommodat.

427 2558 463 2610 §.
495 2557 602 2598 Idem
616 2552 786 2594 medium
806 2552 904 2590 inter
927 2550 1023 2603 ipsas
1038 2558 1197 2601 quoque
1214 2554 1341 2600 partes
1364 2547 1537 2598 corporis
1554 2546 1667 2599 Reip.
1686 2543 1919 2594 tenendum,
1950 2543 2079 2585 dando

273 2631 450 2672 operam,
481 2626 524 2658 ut
554 2617 651 2656 inter
677 2611 920 2653 conditiones
944 2612 1087 2650 civium
1102 2607 1204 2648 haud
1222 2618 1400 2659 magnum
1422 2606 1618 2647 discrimen
1632 2605 1699 2646 fit:
1727 2606 1958 2656 inaequalitas
1979 2607 2083 2645 enim

273 2681 311 2721 δι
334 2677 597 2731 exsuperantia
624 2674 866 2715 fortunarum
891 2683 935 2710 ac
963 2668 1216 2717 Nobilitatis,
1244 2667 1273 2707 si
1292 2665 1440 2718 grandis
1470 2666 1586 2707 fuerit
1602 2697 1615 2715 ,
1646 2668 1682 2706 in
1701 2667 1778 2706 aliis
1800 2665 2012 2716 superbiam
2030 2666 2085 2717 gi-

273 2743 374 2793 gnit,
403 2740 442 2778 in
477 2739 556 2777 aliis
584 2734 792 2781 invidiam,
824 2744 873 2772 ex
893 2732 952 2771 his
984 2729 1080 2770 vero
1113 2728 1319 2768 simultates
1350 2727 1544 2776 oriuntur,
1576 2726 1613 2767 &
1637 2726 1707 2780 (e)
1736 2724 1961 2774 seditiones,
1992 2724 2083 2764 curn

276 2800 440 2839 amicitia
455 2797 493 2837 &
509 2794 718 2836 concordia
736 2793 835 2846 aegre
866 2791 1053 2831 coalescat
1075 2791 1174 2829 inter
1195 2799 1284 2835 eos,
1315 2788 1380 2837 qui
1405 2789 1515 2826 nimis
1547 2786 1698 2840 disparis
1731 2783 1961 2825 conditionis
1984 2783 2081 2832 sunt,

276 2859 315 2900 &
336 2856 465 2901 status,
523 2853 605 2910 (s)
638 2853 730 2909 Jam
748 2857 834 2895 enim
848 2853 918 2892 haec
937 2847 1127 2902 cmfitetudo
1144 2851 1180 2889 in
1192 2845 1394 2887 civitatibus
1408 2847 1560 2887 invaluit
1573 2879 1585 2896 ‚
1613 2855 1653 2887 ut
1675 2847 1819 2886 homines
1852 2842 2084 2895 aequalitatem

275 2918 348 2960 odio
366 2916 534 2964 habeant,
564 2914 615 2959 &³
639 2917 758 2956 malint
772 2922 837 2955 aut
857 2920 920 2954 aut
940 2912 1075 2963 iiiioerio
1081 2909 1192 2961 potiri
1198 2938 1211 2957 ,
1239 2913 1302 2946 aut
1305 2906 1342 2960 fi
1363 2907 1447 2947 vicii
1464 2903 1620 2957 fuerim,
1646 2902 1773 2959 litbff’.
1831 2901 2000 2955 Quidam
2032 2901 2085 2941 al-

1975 2971 2085 3002 tioris

383 3087 441 3133 (a)
467 3080 638 3135 alodestiae
659 3080 766 3128 fama
783 3109 792 3123 ‚
818 3095 886 3135 qua
909 3094 1015 3134 neque
1029 3078 1177 3127 fiammis
1191 3077 1395 3116 mortalium
1414 3073 1612 3130 spernenda
1631 3072 1679 3126 2st
1696 3100 1705 3115 ‚
1730 3071 1776 3116 ά*
1792 3072 1819 3109 d
1839 3073 1920 3109 Diis
1940 3070 2081 3123 astimaf-

281 3149 356 3177 tur.
383 3140 470 3176 Tac.
488 3136 513 3173 l.
541 3149 597 3182 ¹5·
623 3136 751 3171 Annal.
808 3138 868 3182 (b)
897 3132 1064 3171 Tac.l.2.
1082 3131 1213 3170 Annal.
1266 3131 1322 3177 (c)
1352 3131 1449 3166 idem
1475 3131 1498 3166 l.
1520 3142 1550 3166 1.
1574 3127 1704 3164 Annal.
1732 3126 1792 3173 (d)
1810 3124 1914 3162 Arist.
1930 3124 2079 3173 l.4.1>01.

284 3204 315 3228 c.
337 3203 367 3227 1.
423 3193 481 3238 (e)
507 3185 676 3225 Praeterea
691 3185 879 3232 fiditiones
898 3199 964 3223 non
991 3184 1087 3223 mode}
1109 3192 1250 3237 propter
1260 3178 1497 3234 fortunarum
1513 3208 1521 3222 ‚
1543 3177 1611 3226 sid
1624 3180 1737 3215 etiam
1752 3187 1894 3230 propter
1915 3174 2081 3214 honorum

287 3241 524 3295 equalitatem
546 3238 712 3292 existam.
766 3238 985 3282 Aristot.l,2.
1005 3251 1037 3279 c,
1051 3249 1081 3283 5.
1135 3233 1188 3283 (f)
1219 3237 1319 3272 Idem
1339 3235 1364 3272 l.
1376 3249 1412 3283 4.
1435 3233 1515 3272 1³01.
1533 3244 1564 3276 c,
1592 3243 1648 3269 ιι.
