2132 3730
491 236 1480 284 SYMBOLAPOLITICA.
1829 255 1890 298 97

89 336 238 380 gantur,
290 322 487 364 Praesentia
508 322 725 373 Principum
740 321 918 361 foecunda
936 321 991 361 est
1007 351 1021 371 ,
1051 323 1147 362 ficut
1173 322 1210 361 &
1233 322 1343 363 Solis.
1415 323 1600 363 Praesente
1618 324 1696 364 hoc
1724 323 1888 374 florent,

91 387 244 426 absente
254 386 490 423 marcelcunt
505 382 543 422 &
559 383 781 422 exarescunt
796 383 935 422 omnia.
996 381 1075 430 Ei,
1105 383 1170 433 qui
1189 380 1255 420 sub
1277 383 1413 422 arbore
1440 382 1634 433 consistit,
1682 383 1828 424 fructus
1851 386 1892 427 in

90 456 223 485 manus
239 442 432 482 decidunt.
481 441 596 482 'Hinc
611 440 666 481 est
683 471 696 491 ,
727 441 833 493 quod
857 444 957 482 bene
979 443 1088 482 multi
1105 440 1153 480 ad
1172 442 1272 479 aulas
1289 442 1451 493 aspirent
1466 473 1477 490 ,
1508 443 1546 482 &
1565 444 1732 484 absentia
1765 444 1889 485 detre-

91 504 196 544 <stent
214 513 389 551 munera,
406 503 473 542 ubi
486 510 615 542 tamen
637 503 703 541 vel
724 501 889 542 maxime
906 502 1086 553 Princeps
1111 499 1295 540 Ministris
1313 501 1383 540 suis
1401 503 1558 554 indiget,
1619 504 1782 546 Occurri
1800 506 1891 544 huic

90 565 190 604 malo
219 561 347 613 potest
368 590 381 611 ,
411 561 440 601 fi
471 563 626 602 illicium
642 563 889 614 proemiorum
913 562 1132 615 projiciatur
1149 562 1298 613 longius
1312 590 1324 609 ‚
1356 570 1399 599 ut
1414 563 1590 601 nimirum
1611 565 1663 603 ibi
1679 564 1893 616 dispensen-

90 632 151 661 tur
168 651 182 669 ‚
212 622 279 660 ubi
298 619 514 673 processere
534 623 668 662 merita
692 652 704 672 ,
734 634 814 662 non
831 623 896 662 ubi
914 630 1097 674 petuntur
1115 621 1272 672 proemia
1289 649 1301 669 ,
1333 621 1478 671 absque
1497 632 1567 669 eo,
1589 623 1695 672 quod
1708 635 1771 663 aut
1786 626 1891 664 libel-

87 681 133 720 lis
158 680 410 733 supplicibu3‚
440 691 505 720 aut
525 683 816 733 importunitate
838 682 1042 735 praesentiae
1059 692 1157 731 opus
1175 680 1232 723 fit.
1292 677 1565 720 Theodoricus
1586 681 1657 734 (a)
1681 683 1893 724 ltaliaeRex

89 738 262 780 absentes
282 740 471 780 solabatur
491 771 503 790 ,
534 741 700 781 dicendo
724 742 760 781 se
780 754 830 781 ex
849 740 931 781 aula
950 739 1013 779 sua
1040 751 1175 778 eorum
1209 741 1347 778 intueri
1372 741 1554 790 obsequia
1571 769 1583 788 ‚
1614 741 1651 780 δε
1684 742 1895 784 discernere

87 801 222 839 merita
245 813 258 847 ς
290 800 328 840 &
353 800 493 840 Plinius
523 801 575 840 de
602 800 765 852 Trajano
785 801 989 841 testabatur
1008 813 1017 837 ε
1045 795 1273 852 (b)facilius
1296 795 1354 851 effi
1376 830 1388 849 ,
1418 808 1458 839 ut
1472 799 1573 839 oculis
1589 801 1663 854 ejus
1692 802 1813 842 vultus
1833 804 1896 844 ab·

77 856 188 910 sentis
207 890 219 908 ,
249 862 352 914 qudm
365 862 473 900 animo
493 861 666 910 charitas,
689 873 764 912 qua
786 865 824 901 in
841 863 945 900 illum
962 858 1127 898 ferretur
1148 889 1160 907 ,
1188 857 1368 898 excideret.

203 918 239 970 §.
269 918 397 959 lsthoc
416 930 545 960 tamen
565 921 762 960 confilium
775 951 788 969 ,
817 930 861 959 ut
881 920 1021 960 scilicet
1037 917 1204 958 Ministri
1224 918 1397 958 absentes
1422 917 1614 959 interdum
1644 920 1693 960 ad
1714 919 1815 960 aulas
1836 933 1896 961 ac-

90 978 230 1019 cedant
248 1009 261 1028 ,
290 981 329 1019 in
347 979 531 1019 effeffitum
551 980 691 1020 deduci
721 980 771 1020 fic
788 981 932 1032 poterit
947 1009 960 1029 ,
989 991 1069 1018 non
1089 979 1300 1018 miffionem
1323 979 1370 1019 ab
1392 979 1524 1018 officiis
1559 978 1767 1032 flagitando
1791 1011 1802 1029 ,
1831 981 1899 1020 sed

88 1040 133 1078 iis
151 1040 308 1079 retentis
324 1069 336 1088 ,
367 1039 597 1080 adducendo
615 1041 736 1080 varias
754 1041 942 1088 rationes,
974 1039 1112 1091 quibus
1130 1038 1352 1078 facultatem
1370 1039 1579 1090 impetrent
1598 1040 1644 1078 ad
1664 1050 1816 1092 tempus
1835 1043 1901 1081 ali-

0 1100 2 1153 l
89 1099 197 1149 quod
220 1098 385 1151 Principi
402 1100 469 1138 suo
485 1112 615 1140 coram
637 1100 673 1139 se
691 1098 853 1140 sistendi.
915 1099 971 1138 lbi
999 1100 1100 1138 enim
1123 1110 1255 1137 curare
1283 1108 1468 1150 poterunt
1487 1100 1620 1138 melius
1644 1129 1657 1149 ‚
1687 1100 1793 1151 quod
1818 1103 1901 1153 spe-

0 1155 2 1165 *
89 1168 174 1198 rant
197 1170 210 1205 ;
241 1158 442 1199 retinendo
461 1161 640 1212 tantisper
657 1190 672 1210 ‚
703 1159 810 1211 quod
827 1159 1007 1211 Princeps
1031 1159 1071 1198 in
1087 1159 1201 1198 alium
1224 1157 1404 1198 conferre
1424 1158 1546 1210 posfit.
1611 1159 1732 1198 Multi
1751 1170 1814 1199 aut
1832 1162 1900 1201 suo

89 1216 189 1257 male
204 1220 377 1259 contenti
391 1219 518 1258 officio
530 1250 542 1267 ‚
572 1229 638 1259 aut
653 1219 805 1271 majoris
821 1219 976 1269 alicujus
997 1217 1201 1258 ambitiose
1217 1217 1369 1270 cupidi,
1399 1218 1466 1257 illo
1482 1217 1518 1256 se
1535 1217 1760 1259 abdicarunt
1771 1249 1783 1268 ,
1802 1233 1900 1271 quos

88 1276 181 1317 fafti
202 1279 380 1328 poenituit
400 1275 557 1329 postea,
587 1291 676 1319 cum
696 1279 781 1330 spes
797 1279 879 1318 suas
901 1278 1207 1331 &cogitationes
1228 1277 1408 1318 viderent
1431 1277 1568 1318 cadere
1591 1279 1734 1319 irritas:
1761 1279 1903 1320 Princi-

87 1349 158 1389 pes
176 1337 277 1376 enim
299 1336 391 1376 illud
411 1349 484 1387 pro
500 1347 730 1389 contemptu
748 1338 893 1377 habent
911 1367 924 1385 ‚
956 1337 994 1377 ὅτ.
1009 1338 1113 1389 quafi
1136 1339 1362 1378 violentiam
1390 1340 1703 1389 interpretantur,
1763 1338 1901 1380 Nemo

89 1397 289 1448 quisquam
307 1395 377 1434 fibi
394 1405 458 1434 aut
477 1398 630 1449 inigenii
650 1398 704 1436 sui
722 1398 867 1436 viribus
892 1406 1040 1437 tantum
1056 1397 1222 1446 tribuat,
1253 1407 1295 1436 ut
1312 1397 1501 1438 existimet
1521 1427 1533 1446 ,
1563 1397 1780 1449 Principem
1824 1400 1903 1440 fine

88 1455 170 1507 ipso
189 1456 324 1495 vivere
344 1467 425 1495 non
442 1455 575 1508 poffe:
605 1469 801 1508 nunquam
823 1458 924 1496 enim
947 1456 1194 1496 instrumenta
1215 1455 1349 1498 desunt
1365 1469 1437 1508 pro
1461 1457 1653 1508 obsequiis
1672 1458 1905 1511 Principum,

89 1515 129 1555 &
152 1516 266 1567 spreti
296 1515 412 1555 semel
433 1514 532 1567 saepe
554 1518 669 1556 etiam
688 1516 955 1556 Ministrorum
976 1518 1262 1569 praecipuorum
1289 1516 1461 1556 oblivisci
1479 1518 1615 1560 solent.
1675 1519 1807 1570 Atque
1822 1520 1905 1560 haec

89 1577 219 1615 omnia
240 1576 282 1615 iis
299 1575 418 1615 solum
439 1575 527 1614 dico
547 1606 560 1625 ,
590 1578 657 1628 qui
679 1578 834 1629 publica
851 1577 1024 1617 ambiunt
1045 1588 1234 1623 munera;
1263 1588 1345 1616 non
1373 1578 1416 1616 iis
1439 1607 1452 1627 ,
1483 1578 1548 1628 qui
1581 1579 1734 1630 cognita
1758 1582 1904 1620 vanita-

89 1643 131 1673 te
149 1665 161 1683 ,
191 1634 239 1674 ad
269 1637 388 1675 vitam
405 1635 604 1675 solitariam
628 1637 666 1676 &
693 1638 883 1688 privatam
907 1636 1109 1688 adspirant.
1171 1635 1264 1675 Hoc
1285 1645 1415 1676 tamen
1436 1638 1480 1675 iis
1498 1636 1818 1679 considerandum
1846 1652 1904 1679 re-

89 1695 224 1746 linquo
249 1723 261 1742 ‚
290 1706 448 1746 magnos
467 1697 614 1735 animos
631 1695 652 1735 a
675 1695 830 1735 Natura
857 1695 906 1734 ad
923 1694 1191 1746 imperandum
1217 1693 1366 1744 fac‘tos,
1398 1707 1477 1735 non
1498 1695 1647 1746 semper
1674 1698 1712 1736 in
1737 1698 1906 1739 solitudi-

90 1765 141 1793 ne
166 1753 203 1792 &
230 1753 370 1792 secessu
390 1766 473 1793 eam
493 1756 661 1804 reperire
682 1755 852 1805 quietem
868 1783 881 1803 ,
913 1764 1027 1804 quam
1047 1753 1116 1792 fibi
1141 1754 1423 1805 pollicebantur
1438 1784 1450 1802 ,
1495 1753 1533 1793 &
1558 1753 1760 1807 postquam
1778 1758 1827 1798 eo
1847 1771 1907 1798 us-

92 1825 170 1863 que
185 1811 395 1865 proceffiffe
411 1813 448 1852 se
469 1813 604 1854 vident
621 1843 634 1864 ‚
663 1822 707 1853 ut
733 1823 882 1854 mutare
902 1813 1063 1865 amplius
1080 1825 1161 1853 non
1185 1814 1299 1858 liceat
1314 1842 1328 1863 ,
1353 1815 1516 1862 vivunt,
1536 1816 1829 1870 moriunturque
1850 1819 1906 1860 in.

89 1872 235 1913 felices.

245 1929 281 1983 §.
312 1931 356 1970 In
371 1930 512 1971 Gratiis
528 1930 565 1968 δε
589 1929 759 1970 Proemiis
786 1929 983 1982 captandis
1001 1930 1208 1981 plurimum
1230 1929 1426 1970 Modestia
1449 1926 1579 1981 po'test
1596 1960 1608 1979 ,
1639 1932 1677 1972 δε
1700 1934 1905 1978 Prudentia

91 2006 181 2033 cum
197 1991 358 2044 quadam
377 1989 606 2028 dexteritate
622 2019 634 2037 ‚
664 1999 707 2029 ut
728 1989 767 2028 id
783 1988 864 2029 fieri
893 1991 1024 2041 potius
1045 1988 1222 2028 videatur
1247 1990 1295 2029 ad
1310 1990 1518 2042 praestanda
1535 1992 1692 2036 meliora
1708 1996 1901 2047 obsequia,

91 2051 208 2105 quarn
230 2050 277 2089 ad
295 2048 598 2090 exhauriendam
618 2049 801 2101 Principis
827 2050 1117 2094 liberalitatem3
1151 2049 1242 2088 illud
1263 2051 1409 2102 quippe
1439 2051 1605 2090 eundem
1635 2057 1752 2106 magis
1775 2057 1902 2097 adhuc

91 2114 264 2164 obligat,
293 2111 392 2148 utin
411 2108 502 2148 Deo
525 2108 659 2148 videre
682 2108 779 2157 fuit,
819 2109 974 2161 quando
1009 2108 1193 2148 Salomon
1214 2109 1265 2149 nil
1288 2110 1334 2148 ab
1359 2122 1408 2148 eo
1433 2110 1593 2161 petebat
1617 2114 1718 2152 aliud
1736 2145 1748 2162 ,
1788 2116 1903 2167 quam

91 2184 162 2212 cor
185 2171 311 2210 docile
335 2183 344 2208 ε
375 2180 503 2221 neque
518 2170 620 2208 enirn
644 2169 721 2208 hoc
736 2168 856 2209 solum
878 2170 1030 2221 largitus
1054 2167 1108 2207 est
1125 2199 1136 2217 ‚
1167 2169 1230 2208 sed
1254 2169 1405 2208 divitias
1441 2169 1508 2223 (c)
1527 2172 1639 2211 etiam
1669 2173 1705 2212 δε
1729 2177 1902 2226 gloriam.

92 2230 156 2273 Ad
172 2233 254 2270 haec
276 2230 359 2282 peti
379 2240 459 2268 non
481 2228 626 2268 debent
640 2258 653 2277 ,
685 2229 790 2281 quasi
804 2241 853 2268 ex
872 2228 1037 2280 justitia:
1063 2240 1151 2268 nam
1173 2228 1308 2268 Virtus
1338 2229 1406 2269 fibi
1429 2230 1505 2281 ipsa
1534 2232 1831 2281 pulcherrimum
1863 2238 1902 2276 &

94 2291 356 2344 amplissimum
381 2290 581 2341 proemium
597 2286 652 2328 est
672 2300 685 2336 ς
716 2288 754 2329 &
781 2290 955 2340 quamvis
979 2288 1118 2328 merito
1137 2290 1187 2328 illi
1212 2288 1406 2329 deferatur
1427 2289 1590 2340 aliquid,
1622 2292 1697 2331 hoc
1715 2304 1841 2334 tamen
1853 2309 1901 2337 ex

93 2352 210 2404 gratia
232 2350 415 2401 Principis
447 2347 665 2400 dependet,
692 2350 916 2400 maluntque
953 2361 1116 2398 omnes,
1146 2348 1215 2389 fibi
1240 2359 1443 2401 acceptum
1475 2348 1607 2390 referri
1628 2354 1759 2403 potius
1786 2368 1901 2405 quam

95 2409 200 2462 quafi
215 2421 264 2449 ex
279 2411 419 2449 merito
446 2408 553 2452 effer.
611 2407 729 2449 Unde
744 2409 865 2462 porro
885 2409 949 2459 fit,
979 2418 1024 2448 ut
1045 2409 1238 2461 Principes
1262 2411 1524 2462 promptiores
1533 2408 1616 2450 fere
1635 2412 1706 2452 fint
1720 2443 1731 2462 ‚
1768 2416 1815 2454 ad
1835 2418 1904 2456 lar„

95 2470 145 2524 ge
167 2469 421 2509 &liberaliter
445 2469 721 2509 remuneranda
738 2470 920 2521 obsequia
933 2470 1097 2522 exigua3
1129 2469 1271 2521 majora
1295 2469 1392 2511 vero
1412 2472 1561 2522 parcius
1574 2501 1586 2520 ‚
1617 2474 1705 2523 quia
1721 2474 1806 2525 plus
1822 2488 1904 2529 gra-

96 2529 268 2571 titudinis
288 2529 334 2568 ab
359 2527 427 2569 illis
448 2529 518 2568 fibi
532 2530 767 2580 policentur‚
798 2530 911 2582 quam
932 2529 1019 2569 istis.
1096 2529 1229 2584 Quare
1253 2532 1319 2583 qui
1351 2532 1488 2570 multas
1517 2532 1651 2582 gratias
1679 2531 1699 2571 a
1728 2533 1903 2588 Principe

96 2589 249 2631 abstulit
266 2618 281 2638 ,
309 2589 471 2641 majores
491 2588 613 2629 indies
633 2590 780 2642 sperare
806 2591 978 2642 poterit:
1008 2601 1096 2630 nam
1116 2592 1264 2644 largitas
1288 2591 1403 2632 semel
1430 2591 1599 2630 exhibita
1635 2591 1682 2631 ad
1722 2595 1904 2637 ulteriora

95 2658 292 2705 provocat
324 2649 544 2697 beneficia3
573 2659 824 2703 praeterquam
855 2649 963 2703 qubd
991 2652 1148 2690 mavelit
1173 2651 1354 2703 Princeps
1385 2652 1498 2689 alium
1525 2651 1728 2703 agnoscere
1753 2653 1906 2696 debito-

96 2723 204 2759 rem,
235 2707 350 2760 quam
370 2710 446 2749 sese
473 2711 588 2750 talem
619 2708 754 2751 fateri:
786 2712 865 2751 hoc
897 2711 999 2750 enim
1023 2710 1092 2762 ipfi
1116 2711 1239 2750 minus
1261 2710 1520 2752 honorificum
1547 2709 1615 2754 est.
1675 2712 1904 2756 Ludovicus

94 2770 163 2813 XI.
183 2768 318 2810 Galliae
342 2768 430 2809 Rex
450 2768 580 2809 dixisse
595 2768 715 2810 fertur
734 2800 748 2820 ,
778 2772 897 2825 magis
926 2770 964 2810 se
986 2781 1073 2824 erga
1089 2782 1177 2810 eum
1205 2771 1322 2819 affici,
1354 2772 1417 2823 qui
1439 2782 1510 2823 pro
1542 2770 1732 2824 obsequiis
1756 2777 1903 2828 exiguis

96 2843 234 2884 magna
250 2827 453 2881 accepisset
484 2828 672 2869 beneficia
688 2860 702 2880 ,
731 2830 843 2883 quarn
861 2842 950 2883 erga
969 2831 1115 2882 aliquos
1145 2832 1238 2870 alios
1253 2860 1266 2879 ,
1298 2832 1363 2883 qui
1400 2844 1488 2871 cum
1512 2830 1626 2884 longe
1651 2833 1792 2886 majora
1808 2849 1904 2888 prae·

97 2889 270 2933 stitiffent
290 2920 303 2939 ,
332 2901 536 2941 perparum
553 2898 679 2929 tamen
705 2892 1019 2932 remunerationis
1046 2889 1201 2932 fuissent
1222 2890 1429 2931 consecuti.
1488 2890 1758 2934 Theodoricus
1776 2895 1904 2948 Impe-

99 2961 224 3000 rator,
253 2961 304 2990 ex
329 2950 537 2989 ambitione
562 2951 650 2989 oriri
666 2950 787 3002 ajebat
804 2981 816 3000 ‚
847 2950 954 3003 qubd
973 2952 1100 3004 gratiae
1122 2952 1260 2990 alicubi
1286 2952 1472 2993 exhibitae
1505 2964 1600 2991 mox
1620 2956 1902 3005 germinarent,

102 3012 245 3063 absque
270 3021 344 3060 eo,
375 3008 480 3061 qubd
498 3008 712 3050 conferenti
735 3020 907 3052 crearent
924 3010 1275 3058 fastidium3immo
1293 3023 1382 3051 eum
1405 3024 1669 3064 provocarent
1686 3014 1733 3053 ad
1759 3015 1901 3065 majora

1037 3070 1069 3111 B
1084 3071 1110 3110 b
1867 3074 1903 3114 ei

21 3123 23 3140 l
102 3132 1900 3145 ψᾞ--ω--ῂ-

22 3143 23 3150 1

197 3154 260 3198 (a)
285 3148 432 3188 Abunde
449 3150 659 3203 cognoſsetur
680 3176 689 3190 ,
715 3152 867 3203 quisquis
877 3153 992 3203 fama
1011 3151 1094 3204 teste
1108 3151 1282 3189 laudatur
1298 3163 1310 3185 .·
1329 3162 1534 3205 quapropter
1552 3151 1734 3203 longsffimi’
1744 3150 1905 3203 constitu-

104 3210 163 3237 tus
178 3205 305 3239 mentis
326 3202 440 3258 nostrae
470 3202 576 3241 oculos
596 3201 740 3249 strenus
753 3202 905 3256 inspexit
921 3231 929 3246 ,
955 3204 1000 3248 ὀ·
1018 3205 1119 3243 vidit
1136 3206 1313 3242 meritum.
1357 3204 1487 3242 Caffid.
1512 3204 1573 3241 lib.
1596 3209 1629 3240 6.
1667 3216 1697 3239 c.
1726 3218 1787 3241 22.
1841 3208 1904 3254 (b)

104 3252 197 3291 Plin.
227 3254 265 3292 in
284 3257 368 3294 Pan.
423 3258 481 3304 (c)
507 3254 575 3293 Sed
593 3255 638 3299 cb*
656 3253 720 3291 haec
737 3282 760 3314 ,1
775 3268 844 3307 quae
871 3270 937 3293 non
950 3257 1128 3310 pastulasti
1147 3285 1155 3298 ‚
1181 3256 1262 3294 dedi
1284 3256 1353 3295 tibi
1371 3285 1380 3299 ,
1411 3257 1565 3295 divitias
1585 3254 1719 3301 sc'ilicet
1741 3283 1750 3297 ‚
1775 3255 1905 3314 &gla-

104 3306 202 3342 νίκων
226 3332 235 3347 ,
261 3317 303 3342 ut
317 3321 411 3344 nemo
419 3307 543 3357 fuerit
554 3307 686 3359 fimilis
701 3317 758 3345 tus
785 3309 824 3345 in
837 3307 983 3361 Regibus
996 3312 1128 3347 cusnslis
1145 3312 1239 3347 retr&
1253 3308 1381 3348 diebus.
1410 3313 1532 3358 3.Reg.
1556 3321 1613 3357 13.
1640 3323 1672 3357 3.
