2132 3730
495 312 1464 357 SYMBOLAPOLJTICA.
1806 318 1894 360 407

109 371 1378 388 *ae———mm

94 389 132 429 &
149 391 293 443 absque
309 396 415 435 omni
429 395 677 438 sollicitudine
704 397 778 439 effe
798 410 877 438 non
901 399 1041 448 debet,
1070 409 1112 439 ut
1145 400 1314 451 pericula
1349 407 1586 440 contemnat.
1647 391 1889 434 Consulenda

94 452 287 500 celeritas,
316 454 380 493 sed
408 466 494 495 cum
516 457 739 508 prudentia,
769 458 898 499 habita
930 460 1078 499 ratione
1104 461 1314 511 temporis,
1341 461 1418 498 loci
1443 457 1482 498 &
1513 454 1738 497 occasionis.
1797 450 1893 490 Uta-

92 516 152 548 tut
174 510 353 564 Princeps
371 512 539 555 victeriis
559 527 648 558 cum
665 514 951 568 moderatione,
981 531 1061 559 non
1083 526 1170 559 cum
1189 518 1390 567 tyrannide
1411 526 1570 557 cruenta
1592 515 1632 554 δε
1659 513 1836 560 barbara,
1854 510 1893 549 δι

91 570 276 635 ponendo
292 572 358 613 sibi
380 573 526 627 semper
549 585 637 617 ante
655 578 791 618 oculos
814 578 1012 620 confilium
1027 577 1263 619 Theudorici
1290 576 1616 630 Ostrogothorum
1628 574 1765 626 Regis,
1784 568 1893 622 quod

89 635 201 681 xuper
233 630 446 673 Germanice
467 634 635 675 victoriis
656 636 704 676 ad
728 637 900 678 socerum
926 638 1034 678 suum
1065 637 1312 678 clodoveum
1343 636 1486 689 scripsit
1524 637 1562 675 in
1596 634 1699 673 hunc
1725 629 1892 672 sensum:

91 685 164 743 (a)
194 689 238 730 In
251 691 547 747 qjusnzodt’cafibm
562 708 626 736 non
645 695 789 745 audiat,
820 699 882 751 qui
895 696 1052 746 majorem
1081 696 1183 736 habet
1200 698 1464 748 experientiam:
1496 693 1560 733 Illa
1581 692 1664 732 bella
1692 688 1891 742 beuofelici·

90 754 209 801 terque
221 750 301 791 mibi
328 752 491 803 evandre,
521 768 599 808 qua:
616 769 688 795 cum
704 758 809 796 animi
830 755 987 810 modestia
1007 753 1151 808 confici:
1168 752 1260 807 sape
1281 758 1367 796 enim
1391 756 1507 796 vietor
1530 751 1671 799 evadit,
1701 754 1760 805 qui
1790 749 1895 789 mode-

90 810 223 848 rffl‘lfflle
247 812 303 850 {sti
329 814 428 852 novit
436 844 448 862 ‚
479 813 529 858 &³
549 815 629 865 plus
655 815 703 855 illi
729 815 918 856 blanditiur
944 815 1124 866 Fortuna,
1154 817 1215 870 qui
1241 817 1352 855 mitius
1362 811 1527 866 stiperlaia
1535 808 1603 863 sest?
1623 808 1736 864 ffrt.
1797 807 1892 848 Hoc

90 876 165 906 tam
186 868 364 919 prudenti
384 873 544 913 consilio
575 874 728 915 minime
750 875 828 916 hoc
843 885 1021 927 tempore
1041 875 1096 915 uli
1117 875 1204 914 sunt
1234 871 1389 923 Franci,
1421 875 1511 926 quin
1530 872 1649 912 immo
1674 870 1824 923 gravius
1836 868 1893 918 ju·

87 937 177 977 gum
203 927 426 971 Germaniae.
447 931 681 984 imposuere,
711 933 826 988 quam
855 946 1024 986 unquam
1059 933 1256 982 sustinuit,
1287 933 1392 975 unde
1414 944 1528 985 quarn
1556 931 1754 970 celerrime
1777 929 1896 978 impe-

87 987 185 1026 rium
216 989 256 1027 in
280 991 424 1031 ruinam
454 994 698 1044 impulerunt.
756 993 845 1034 Plus
874 996 913 1034 in
932 994 1123 1035 Marcello
1152 995 1295 1046 placuit
1318 991 1505 1034 modestia
1535 991 1573 1030 δε
1601 991 1742 1042 pietas,
1775 999 1892 1039 quan-

89 1044 140 1083 do
164 1047 216 1085 ob
252 1050 382 1090 eversa
407 1051 671 1104 elegantiffima
696 1052 963 1104 Syracusarum
992 1056 1031 1095 in
1056 1053 1181 1094 Sicilia
1204 1052 1361 1093 aedificia
1379 1053 1533 1105 plorare
1564 1050 1663 1090 visus
1691 1045 1894 1098 est‚quam

91 1107 210 1145 virtus
239 1106 277 1147 ἅτ.
303 1111 440 1161 gloria,
471 1111 523 1150 ob
552 1112 707 1153 easdem
738 1116 849 1154 armis
864 1122 1128 1168 expugnatas,
1157 1113 1244 1154 clim
1284 1113 1522 1164 triumphans
1560 1121 1646 1149 eam
1676 1108 1811 1146 urbem
1840 1106 1895 1145 in-

87 1164 320 1216 grederetur.
382 1168 548 1210 Gravius
577 1170 794 1214 fortissimus
809 1176 872 1214 ille
888 1173 1020 1214 Heros
1034 1172 1386 1214 Tilliusmultorum
1408 1171 1527 1211 corda
1544 1169 1723 1209 sauciavit
1743 1166 1891 1214 lachry-

88 1228 159 1290 mis
177 1226 268 1275 illis,
300 1240 392 1280 quas
410 1230 449 1270 in
466 1228 790 1285 Magdeburgenfi
808 1233 984 1287 profudit
1008 1234 1182 1274 excidio:
1211 1231 1327 1284 quam
1357 1233 1466 1271 armis
1488 1229 1575 1283 ipsis
1601 1228 1637 1268 δι
1666 1226 1782 1266 ferro.
1844 1222 1897 1263 Et

86 1285 175 1323 hcet
194 1285 309 1338 Josue
334 1290 524 1329 exercitus
550 1290 603 1330 sui
628 1291 791 1332 ducibus
829 1294 1083 1347 praeceperit,
1108 1303 1152 1333 ut
1172 1293 1342 1344 quinque
1362 1291 1515 1343 Regum
1540 1291 1578 1328 in
1598 1298 1724 1340 pugna
1742 1284 1896 1323 Gabao-

86 1344 201 1384 nitica
216 1356 415 1398 captorum
444 1350 616 1390 cervices
635 1350 801 1403 pedibus
830 1353 906 1407 (b)
934 1354 1228 1400 conculcarent;
1257 1351 1298 1391 id
1314 1360 1443 1391 tamen
1476 1361 1556 1390 non
1572 1359 1621 1387 ex
1644 1345 1817 1397 superbia
1839 1342 1894 1382 fa-

85 1400 188 1442 uum
206 1414 270 1443 aut
287 1407 387 1445 inani
403 1409 542 1459 gloria,
572 1409 636 1447 sed
661 1418 705 1448 ut
720 1412 869 1449 animos
897 1412 1081 1451 militibus
1115 1411 1184 1450 suis
1217 1410 1405 1460 adderet,
1433 1417 1658 1459 metumque
1687 1404 1897 1450 adimeret,
1964 1399 1967 1410 ’

85 1473 200 1514 quem
217 1461 266 1503 de
285 1463 336 1503 de
350 1463 578 1517 Gigantibus
611 1466 836 1508 Chananaeis
863 1467 951 1523 (c)
980 1478 1256 1521 conceperant.

235 1520 375 1561 Victos
399 1524 610 1564 clementer
632 1525 800 1575 habere,
833 1528 1048 1566 eorundem
1064 1529 1261 1579 privilegia
1282 1527 1321 1567 &
1334 1525 1594 1566 Nobilitatern
1613 1519 1891 1568 conservando,

84 1580 123 1620 &
148 1579 286 1620 tributa
305 1580 509 1632 leniendo,
538 1583 597 1624 bis
613 1583 774 1625 eosdem
802 1583 858 1625 est
885 1587 1075 1634 vincere,·
1107 1597 1181 1625 una
1213 1587 1302 1625 vice
1323 1587 1434 1625 armis
1457 1584 1656 1630 nimirum,
1687 1582 1802 1619 altera
1829 1580 1896 1618 be-

83 1641 264 1691 nignitate
279 1671 292 1690 ,
323 1640 361 1681 &
385 1651 558 1684 catenam
574 1644 725 1684 interim
744 1643 921 1686 fabricari
953 1658 1027 1698 pro
1047 1643 1286 1686 Nationibus
1300 1645 1380 1685 aliis
1401 1640 1636 1697 superandis.
1695 1637 1787 1679 Nec
1801 1650 1895 1691 pau-

84 1700 208 1742 ciores
222 1702 485 1754 generositati,
516 1715 632 1756 quam
651 1704 797 1746 viribus
817 1705 893 1745 sese
915 1702 1134 1747 submisere.

270 1841 293 1855 -
324 1846 342 1855 -
377 1842 391 1854 ·
435 1811 528 1878 (d)
565 1813 826 1885 Expugnat
850 1814 1063 1884 nostram
1084 1815 1332 1871 clementia
1349 1826 1570 1885 gentem,

256 1882 415 1936 Mars
428 1888 639 1955 gravior
648 1885 751 1955 sub
765 1897 881 1956 pace
897 1887 1028 1944 latet.

81 2003 155 2047 His
171 2005 312 2046 artibus
327 2005 495 2047 Romani
515 2009 632 2049 toties
648 1992 751 2049 orbis
769 2009 846 2049 sese
868 2009 1064 2051 Dominos·
1081 2000 1270 2052 erfect'}re‚
1299 2000 1338 2041 &
1369 2002 1397 2041 ss
1421 2010 1550 2040 earum
1568 2000 1774 2051 aliquando
1794 2000 1890 2040 Obii-

80 2065 109 2104 ti
138 2065 246 2111 sunt,
278 2065 457 2104 victorias
488 2067 575 2108 sane
598 2068 842 2122 perdifficiles
859 2071 1089 2103 habuerunt.
1152 2062 1349 2103 Adversus
1371 2060 1562 2100 victorem
1587 2069 1789 2100 cruentum
1814 2060 1893 2113 ipsa

79 2124 119 2168 se
135 2133 253 2166 armat
274 2124 501 2178 desperatio.
545 2138 549 2143 ·

252 2223 323 2291 (e)
356 2225 469 2277 Una
482 2219 617 2289 salus
640 2219 814 2280 vitiis,
846 2220 1038 2274 nullam
1051 2217 1242 2290 sperare
1266 2217 1494 2288 fhlmem.

75 2336 108 2378 F
109 2333 201 2377 uere
218 2336 414 2387 nonnulli,
441 2337 508 2389 qui
533 2337 650 2388 impie
666 2337 808 2390 magis,
838 2333 952 2387 quam
978 2334 1189 2389 prudenter
1205 2345 1280 2388 pro
1296 2331 1430 2386 majori
1447 2332 1647 2373 securitate
1670 2331 1884 2375 Nationem

9 2427 12 2432 .
76 2396 254 2438 hostilem
274 2399 426 2448 penitus
448 2394 727 2448 exstirpandam
748 2396 948 2441 dicerent;
976 2396 1033 2435 uti
1056 2394 1234 2437 fecerunt
1260 2394 1448 2443 Romani,
1478 2392 1769 2446 Carthaginem,
1798 2392 1885 2434 Nu-

81 2456 262 2498 mantiam
295 2455 334 2496 &
357 2455 587 2496 Corinthum
617 2462 860 2504 evertentes,
889 2464 956 2494 aut
977 2455 1218 2509 cogendam,
1247 2463 1291 2493 ut
1312 2455 1388 2494 alio
1409 2455 1696 2505 commigraret.
1750 2452 1886 2493 Confi·

11 2507 12 2511 ¹
80 2517 172 2556 lium
190 2515 439 2557 inhumanum
453 2514 605 2567 prorsus
622 2525 667 2554 ac
682 2514 900 2560 barbarum.
958 2513 1034 2556 Alii
1052 2513 1349 2567 extinguendam
1380 2512 1455 2553 effe
1486 2512 1764 2561 Nobilitatem,
1793 2525 1883 2564 pro-

81 2575 296 2628 pugnacula
329 2573 531 2628 erigenda,
559 2585 662 2616 arma
696 2573 904 2627 eripienda.
989 2571 1140 2614 Verum
1167 2572 1356 2624 Tyrannis
1384 2571 1449 2612 ista
1477 2571 1579 2624 apud
1598 2570 1791 2611 Nationes
1812 2572 1884 2611 ser-

79 2636 197 2682 viles,
224 2646 304 2675 non
325 2633 428 2687 apud
453 2645 539 2684 eae,
569 2634 706 2685 quibus
730 2632 882 2674 indoles
907 2631 963 2674 est
977 2632 1219 2687 generosior,
1244 2633 1375 2673 locum
1403 2632 1545 2671 habere
1560 2633 1715 2682 poterit.
1776 2630 1882 2670 Coa-

79 2695 136 2736 sul
156 2693 284 2743 Cato,
311 2692 388 2734 uta
411 2692 638 2746 quibusdam
659 2692 850 2747 Hispaniae
872 2694 1027 2746 populis
1052 2692 1100 2732 ad
1126 2692 1289 2733 fluvium
1306 2691 1458 2731 Iberum
1490 2689 1583 2730 ess'et
1609 2691 1751 2738 tutior,
1781 2702 1884 2730 arma

79 2753 214 2794 iisdem
239 2751 403 2801 sustulit,
431 2753 497 2794 sed
519 2764 614 2794 mox
634 2763 681 2792 ea
706 2753 902 2794 restituere
933 2754 1127 2805 oportuit:
1155 2760 1358 2803 tantopere
1389 2753 1489 2790 enim
1523 2762 1567 2789 ea
1600 2761 1641 2788 re
1669 2749 1884 2802 exasperati

82 2810 218 2863 fuere,
247 2822 291 2853 ut
313 2813 455 2853 mutuis
475 2812 551 2853 sese
582 2813 804 2854 vulneribus
845 2811 1095 2856 conficerent.
1155 2809 1340 2852 Infamem
1367 2807 1511 2850 duxere
1544 2810 1684 2858 vitam,
1714 2822 1797 2860 quae
1827 2811 1883 2850 in-

10 2901 11 2906 =
82 2872 296 2914 strumentis
312 2881 480 2923 careret,
507 2871 557 2912 ad
584 2870 871 2914 defendendum
894 2873 1084 2913 honorem
1108 2871 1146 2912 δι
1160 2873 1317 2925 gloriam
1340 2871 1543 2922 parandam
1563 2867 1790 2913 necessariis.

183 3042 200 3082 ζ
202 3039 240 3084 a)
267 3036 417 3078 Caffiad.
495 3038 558 3083 (b)
583 3042 655 3083 Ite,
680 3036 856 3091 &ponite
868 3037 971 3092 pedes
982 3036 1086 3093 stcper
1098 3036 1185 3075 colla
1199 3042 1328 3090 Regum
1343 3033 1494 3087 istorum.
1522 3035 1589 3085 Jos.
1611 3045 1665 3070 10„
1685 3046 1743 3081 24.
1821 3034 1880 3081 (c)

86 3090 203 3128 Nolite
219 3092 362 3130 timere.
387 3103 447 3127 nec
487 3091 649 3131 aveatis,
672 3089 938 3143 confortamini,
965 3089 1011 3134 ό·
1039 3090 1140 3142 estote
1155 3088 1302 3139 robusti:
1316 3088 1368 3138 fic
1386 3086 1608 3137 enim-faciet
1631 3090 1725 3123 Deus
1745 3086 1881 3122 caulis

16 3145 17 3148 ’
86 3140 235 3183 hostibus
254 3141 396 3197 vestris,
422 3156 445 3179 a
471 3139 609 3188 veofitm
629 3155 708 3196 quos
725 3142 918 3184 dimicatis.
946 3143 1015 3194 10ss
1036 3156 1092 3181 10.
1108 3154 1171 3191 25.
1197 3142 1324 3180 Claud.
1377 3141 1438 3190 (d)
1466 3139 1595 3190 Virgil.

872 3340 1079 3382 Kkkkk
1107 3354 1133 3382 2
1678 3337 1879 3402 SYM,
