2132 3730
438 213 1411 278 SYMBQLAPOLJTJCA.
1777 236 1830 276 39

35 282 547 296 ..-....-.-—-—--—
1064 282 1704 297 ——-—-—...-..

31 309 100 347 tio.
160 303 268 346 Nihil
279 312 387 352 aeque
397 303 653 353 perniciosum
671 302 908 355 Principibus
925 334 937 354 ,
965 305 1057 344 nihil
1074 304 1190 355 magis
1204 304 1377 345 remedio
1393 304 1549 358 indiget.
1611 305 1758 356 Neque
1769 308 1831 346 hic

28 368 109 406 ullo
126 361 245 405 modo
263 360 562 402 diffimulandum
579 392 591 411 ,
621 361 685 401 sed
701 363 917 413 puniendus
934 376 1013 403 non
1032 364 1062 403 is
1078 362 1199 402 solnm
1214 392 1226 411 ‚
1258 365 1323 414 qui
1355 365 1478 416 culpae
1499 366 1584 417 plus
1604 365 1743 414 habet,
1769 366 1834 405 sed

30 426 68 466 &
88 425 151 477 qui
170 422 415 462 innocentior
438 421 561 461 videri
587 420 725 473 potest.
798 422 866 463 Ille
886 454 898 472 ,
929 426 1018 475 quia
1043 420 1207 462 caussam
1233 421 1366 470 dedit3
1395 424 1459 464 hic
1483 424 1579 465 vero
1595 455 1607 473 ‚
1641 426 1729 477 quia
1752 438 1834 465 non

29 485 129 525 cessit
139 481 294 534 jurisuo
311 510 323 530 ,
355 481 393 521 δι
410 481 654 521 occasionem
675 483 729 521 rei
754 482 856 523 bene
885 482 1060 537 gerendae
1077 481 1174 522 elabi
1193 480 1317 533 paffus
1339 481 1406 522 est.
1469 484 1548 537 Qui
1565 486 1692 538 rigor,
1723 485 1751 524 fi
1769 487 1831 525 cui

28 544 203 585 videatur
222 541 361 581 nimius
383 571 396 590 ,
427 542 590 580 utilitate
609 541 703 581 boni
718 542 862 593 publici
877 573 889 592 ‚
921 544 958 582 ὅτ,
973 543 1141 593 exempli
1161 539 1275 581 facile
1302 542 1471 582 excusari
1487 546 1643 595 poterit.
1713 543 1834 584 Nulla

28 613 162 653 magna
181 601 364 641 resolutio
395 601 541 652 absque
564 601 688 652 aliqua
708 604 967 652 permixtione
989 601 1143 652 injuriae.
1205 600 1313 641 Prius
1331 600 1380 640 ad
1402 603 1628 654 obsequium
1649 604 1834 657 Principis

26 665 161 703 oculos
184 659 382 701 reflattere
400 660 518 700 debet
535 660 708 701 subditus
730 691 742 709 ,
772 661 887 714 quam
910 661 956 700 ad
973 659 1293 701 existimationem
1318 663 1545 713 propriam,
1577 662 1709 713 postea
1734 664 1835 704 satis-

26 722 233 763 faCtionem
256 719 425 772 postulet
449 732 522 772 pro
546 732 706 772 accepta
731 721 862 773 injuria
880 751 891 769 ,
933 721 970 760 δι
995 720 1223 771 obsequium
1256 729 1371 771 putet
1404 720 1571 773 Principi
1601 723 1834 774 praestitum,

26 782 133 834 quod
150 783 248 820 illam
275 779 454 831 tantisper
469 777 652 820 tolerarit.
713 780 867 832 Insignis
885 781 997 819 animi
1022 778 1215 820 fortitudo
1231 778 1340 819 estin
1361 781 1425 819 tali
1448 780 1535 820 casu
1556 783 1766 832 patientem
1779 785 1834 823 es-

24 843 62 882 se
84 856 93 882 :
125 841 243 881 debet
259 842 362 880 enim
378 840 584 892 generosus
617 841 762 880 animus
790 841 907 891 Regis
933 839 1160 891 obsequium
1183 841 1256 880 suis
1286 838 1480 879 anteferre
1504 841 1733 891 passionibus
1752 872 1764 889 ,
1796 843 1834 882 &

25 901 102 956 (a)
124 903 279 954 privata
293 898 369 940 odia
374 898 521 950 publicis
537 898 746 940 utilitatibus
759 901 944 939 remittere.
1004 898 1191 939 Aristides
1213 897 1541 940 &Themistocles
1565 902 1715 952 capitali
1742 900 1835 940 diffi-

25 962 168 1001 debant
188 961 281 1000 odio
304 991 314 1008 ‚
347 960 433 999 cum
451 970 579 1000 tamen
603 959 719 998 ambo
743 960 984 998 mitterentur
1007 958 1082 998 una
1100 960 1243 1011 legati,
1275 958 1314 998 δε
1338 960 1442 999 urbis
1464 970 1614 1012 portam
1633 960 1836 1012 attigissent

25 1020 155 1062 dixiffe
180 1020 303 1060 fertur
320 1018 525 1059 Aristides:
552 1020 622 1059 Vas
649 1017 874 1073 Zhemzstocles
890 1049 901 1067 ,
932 1015 1096 1071 tantisper
1111 1020 1164 1058 hic
1172 1016 1372 1070 st’ponmnus
1384 1021 1558 1070 privatas
1572 1019 1706 1073 lustras
1718 1021 1836 1074 stmul-

23 1089 115 1122 tates
135 1111 148 1130 ,
178 1082 359 1132 ‘repetituri
386 1093 445 1118 eas
461 1076 579 1131 pastea
607 1077 665 1118 ubi
696 1078 814 1135 egreffi
840 1080 964 1117 iterum
980 1076 1159 1130 fherinms
1178 1080 1198 1117 ‚9
1261 1075 1350 1133 (h)
1381 1078 1488 1118 Idem
1513 1078 1606 1119 fecit
1637 1079 1833 1119 Henricus

25 1140 252 1180 Gusmanius
269 1140 364 1179 Dux
396 1138 597 1178 Affidoniae
614 1167 627 1187 ‚
656 1139 720 1189 qui
752 1137 819 1177 etsi
842 1138 929 1177 alias
953 1137 1151 1177 Roderico
1182 1137 1324 1176 Pontio
1354 1136 1608 1178 Marchioniae
1634 1139 1831 1178 Gaditano

24 1213 73 1240 ex
89 1201 246 1252 privatis
271 1198 586 1238 contentionibus
613 1196 814 1237 consensus
835 1196 928 1237 esset
944 1228 955 1246 ,
987 1199 1080 1237 boni
1099 1208 1227 1237 tamen
1250 1197 1395 1249 publici
1412 1210 1542 1237 amore
1558 1199 1683 1238 eidem
1705 1201 1834 1250 opitu—

24 1263 142 1299 latum
163 1260 235 1299 ivit
254 1289 265 1306 ,
296 1269 384 1297 cum
395 1258 565 1296 Alhamae
584 1255 605 1295 a
622 1256 771 1296 Mauris
796 1257 998 1297 obsidione
1018 1266 1268 1309 premeretur.
1332 1256 1408 1296 Sed
1425 1259 1512 1309 quia
1527 1258 1629 1297 haud
1653 1261 1770 1310 paulo
1780 1258 1833 1298 fa-

23 1321 129 1359 cilius
149 1317 214 1366 est,
230 1329 275 1358 ea
284 1326 516 1369 praevertere
528 1315 790 1365 incommoda,
813 1315 928 1368 quam
956 1319 1146 1370 corrigere
1163 1315 1309 1368 postea,
1329 1317 1546 1357 cavendum
1577 1320 1648 1357 erit
1666 1319 1808 1370 Prinipi
1823 1349 1836 1368 ‚

21 1391 71 1420 ne
86 1378 184 1418 duos
199 1379 279 1430 pari
295 1376 525 1416 authoritate
544 1375 671 1416 eidem
685 1377 833 1416 muneri
850 1375 1050 1417 Ministros
1063 1376 1257 1428 praeliciat,
1276 1388 1364 1415 nam
1387 1376 1458 1429 (c)
1488 1377 1635 1417 arduam
1650 1378 1758 1418 eodem
1778 1379 1837 1418 loci

14 1440 203 1494 potentiam
220 1437 273 1483 &⁹
291 1435 496 1477 concordiam
519 1432 589 1489 effe.
664 1434 842 1476 Tiberius
874 1436 982 1487 sane,
1008 1436 1097 1477 clun
1119 1439 1233 1475 alium
1257 1435 1442 1476 destinare
1461 1435 1621 1476 deberet
1646 1439 1683 1478 in
1705 1438 1833 1478 Asiam

23 1499 175 1551 aequalis
196 1510 285 1538 cum
307 1498 372 1536 illo
395 1496 585 1548 dignitatis
604 1527 615 1545 ‚
646 1496 713 1547 qui
741 1505 825 1536 tum
847 1499 1088 1548 provinciam
1112 1498 1211 1537 illam
1235 1495 1516 1536 administrabat
1533 1527 1547 1546 ,
1576 1497 1834 1550 periculosum

23 1559 63 1600 id
88 1558 173 1599 fore
187 1569 301 1598 ratus.
362 1555 425 1596 M.
443 1557 602 1596 Alerum
619 1554 761 1608 delegit&
771 1560 954 1608 praetoriis
966 1589 980 1608 ‚
1010 1571 1052 1599 ne
1073 1554 1235 1609 consiliari
1250 1556 1416 1597 obtinente
1429 1556 1551 1608 Astam
1562 1589 1575 1607 ,
1605 1558 1770 1599 aenmlatio
1782 1559 1835 1597 in-

22 1626 78 1658 ter
92 1627 203 1670 pares
221 1648 236 1668 ,
263 1617 315 1663 &⁹
330 1629 377 1663 ex.
391 1630 426 1658 eo
439 1616 704 1670 impedimentum
725 1618 891 1658 oriretur.

510 1789 549 1853 S
583 1788 1160 1855 YMBOLUM
1212 1791 1288 1854 X.

123 1920 222 1963 Alco
247 1916 271 1957 ὲ
289 1918 450 1957 vinculis
469 1914 618 1955 emissus
639 1944 653 1964 ,
682 1917 790 1956 nolas
811 1916 833 1955 a
858 1916 1023 1967 pedibus
1049 1916 1232 1968 appensas
1252 1915 1376 1956 rostro
1411 1915 1616 1959 dissolvere
1635 1930 1796 1962 conatur
1821 1951 1835 1973 ,

21 1918 121 2058 F
151 1981 295 2032 quippe
313 1977 475 2017 libertati
494 1975 566 2014 suae
587 1975 721 2014 noxias
742 1989 755 2024 ς
780 1974 964 2026 siquidem
986 1977 1144 2016 tinnitus
1162 1978 1224 2016 ille
1244 1977 1281 2016 δε
1308 1978 1465 2030 clangor
1483 1980 1595 2018 vocis
1614 1979 1725 2020 instar
1750 1980 1833 2031 est,

145 2052 229 2092 quae
245 2038 310 2077 vel
326 2036 509 2077 leViffimO
526 2035 689 2073 excitata
704 2044 815 2074 motu
834 2034 1075 2076 Venatorem
1106 2038 1282 2088 protinus
1301 2036 1469 2076 advocat
1487 2067 1500 2086 ,
1527 2048 1643 2091 atque
1666 2039 1766 2080 adeo
1792 2042 1832 2082 in
1852 2036 1856 2039 ’

23 2099 146 2141 caussa
170 2098 242 2147 est,
268 2106 311 2136 ut
328 2096 437 2137 miser
457 2094 667 2134 retrahatur
686 2095 725 2135 in
741 2095 895 2135 vlncula
911 2126 924 2143 ‚
948 2096 1095 2136 tametsi
1113 2099 1152 2136 in
1169 2096 1410 2150 penitissimas
1432 2097 1507 2136 sese
1529 2098 1656 2148 sylvas
1673 2100 1833 2141 abdide-

23 2163 84 2200 rit.
146 2159 239 2199 Heu
256 2159 264 2196 !
296 2169 409 2209 quarn
425 2156 553 2195 multis
577 2153 679 2193 malo
698 2153 772 2195 fuit
791 2184 804 2204 ‚
833 2156 1019 2195 virtutum
1035 2157 1072 2196 &
1095 2169 1223 2197 rerum
1244 2168 1332 2196 cum
1348 2156 1462 2196 laude
1477 2157 1666 2210 gestarum
1685 2162 1829 2201 rumor!

26 2231 139 2272 quam
158 2220 300 2259 multos
313 2217 413 2257 fama
432 2218 470 2255 in
486 2214 666 2254 invidiam
688 2214 846 2254 adduxit
866 2247 879 2263 ‚
911 2215 948 2255 δε
963 2216 1188 2256 duriffimam
1209 2218 1348 2256 iterum
1382 2216 1522 2256 servire
1552 2217 1646 2258 fecit
1672 2219 1834 2259 servitu·

24 2289 102 2320 tem
118 2280 126 2318 !
168 2277 246 2333 (d)
278 2278 355 2318 Nec
378 2279 487 2316 mium
494 2274 679 2327 periculum
697 2288 739 2314 ex
758 2286 883 2327 magna
911 2274 972 2315 seu
997 2273 1211 2327 bonafama
1230 2308 1241 2324 ,
1271 2289 1374 2329 quam
1394 2289 1435 2314 ex
1455 2276 1556 2316 inula.
1613 2278 1830 2330 Nunquam

24 2338 220 2379 Miltiades
235 2339 354 2378 vitam
371 2335 504 2376 infelix
524 2333 693 2374 amififfet
711 2336 749 2375 in
774 2346 927 2376 carcere
947 2367 958 2383 ,
987 2337 1013 2376 si
1034 2335 1145 2375 fortis
1165 2338 1261 2376 illius
1280 2337 1426 2375 animus
1448 2337 1486 2375 in
1503 2339 1670 2378 tenebris
1696 2339 1832 2378 delitu-

26 2397 109 2438 isset
121 2399 334 2450 incognitus
360 2427 372 2446 ,
404 2406 468 2435 aut
488 2395 512 2434 si
530 2394 674 2445 spiritus
691 2394 776 2434 suos
795 2396 947 2435 altiores
965 2395 1189 2436 moderatus
1206 2396 1376 2435 sufficere
1404 2395 1471 2435 sibi
1488 2396 1651 2448 putasset
1668 2399 1829 2440 aliorum

27 2457 316 2498 Atheniensium
340 2458 483 2496 civium
504 2466 650 2505 aequare
672 2454 880 2495 fortunam.
929 2455 1065 2496 Crevit
1087 2455 1336 2496 vi&oriarum
1352 2456 1523 2506 plausus,
1549 2470 1716 2510 cumque
1731 2460 1830 2498 invi-

28 2518 99 2557 diae
125 2518 227 2557 oculi
244 2526 321 2574 tam
337 2515 576 2568 splendentes
590 2513 701 2554 famae
730 2515 857 2556 radios
872 2513 973 2555 ferre
991 2516 1093 2556 haud
1109 2515 1281 2568 possent,
1313 2514 1334 2554 a
1355 2516 1570 2567 Republica
1590 2518 1651 2558 illa
1663 2520 1701 2558 in
1721 2519 1832 2570 suspi-

28 2579 182 2617 cionem
210 2578 340 2616 vocari
354 2577 470 2628 coepit
487 2605 498 2624 ‚
530 2574 636 2625 quod
657 2574 942 2616 aestimationem
958 2575 995 2615 &
1012 2578 1170 2630 gratiam
1192 2576 1329 2615 mereri
1351 2575 1548 2615 debuerat.
1629 2577 1756 2617 Veriti
1773 2582 1829 2618 ni-

27 2639 164 2677 mirum
184 2636 267 2676 sunt
282 2667 294 2685 ‚
323 2648 373 2675 ne
392 2637 463 2675 suis
478 2634 633 2675 tandem
653 2636 868 2675 cervicibus
885 2636 1018 2689 jugum
1040 2647 1270 2690 cogerentur
1291 2634 1492 2674 admittere
1505 2665 1517 2684 ,
1548 2636 1655 2688 quod
1674 2639 1736 2677 ille
1756 2638 1828 2678 ho·

26 2695 144 2737 stibus
173 2697 424 2748 imponebat;
455 2696 619 2747 plusque
635 2693 806 2736 futurum
826 2695 1066 2737 &incertum
1085 2696 1315 2736 infidelitatis
1342 2695 1555 2745 periculum
1572 2695 1828 2738 formidarunt

27 2757 50 2797 a
74 2756 253 2796 Miltiade
267 2786 279 2804 ,
311 2754 424 2807 quam
439 2755 599 2807 praesens
614 2755 704 2795 illud
725 2756 893 2810 &longe
908 2758 1061 2809 gravius
1074 2787 1087 2805 ,
1104 2755 1211 2808 quod
1238 2754 1461 2794 imminebat
1477 2756 1523 2794 ab
1538 2756 1603 2805 iis,
1633 2759 1697 2809 qui
1718 2770 1829 2810 aper-

26 2827 67 2857 te
82 2817 120 2857 &
140 2818 264 2869 palam
281 2816 445 2854 civitatis
469 2817 615 2855 ruinam
633 2828 676 2855 ac
693 2813 903 2868 perniciem
925 2817 1191 2856 moliebantur.
1249 2814 1421 2867 Suspicio
1443 2816 1633 2856 rationem
1647 2820 1685 2857 in
1708 2819 1831 2858 consi-

28 2878 120 2918 lium
140 2889 219 2916 non
236 2876 392 2915 abhibet
406 2905 418 2923 ,
447 2886 522 2914 nec
541 2874 625 2914 finit
646 2874 856 2916 istiusmodi
875 2887 1000 2916 metus
1019 2889 1078 2916 res
1096 2876 1167 2916 suis
1187 2874 1403 2927 ponderare
1420 2877 1625 2916 momentis
1649 2907 1661 2926 ,
1698 2889 1763 2917 aut
1791 2878 1828 2917 ie

29 2935 50 2976 a
70 2936 300 2990 gratitudine
318 2935 447 2975 debita
471 2935 621 2986 corrigi.
679 2935 820 2977 Maluit
839 2936 1070 2988 Respublica
1087 2938 1148 2976 illa
1164 2937 1274 2975 unius
1297 2935 1416 2982 civis,
1446 2937 1536 2975 licet
1561 2936 1656 2977 dese
1677 2937 1826 2989 optime

29 2999 150 3037 meriti
171 3024 184 3043 ‚
215 3007 385 3036 carceres
412 2994 448 3034 δε
465 2993 676 3043 infamiam,
707 2995 821 3047 quam
838 2998 931 3037 alios
950 3008 1084 3037 ornnes
1109 2997 1147 3036 in
1167 2996 1358 3035 continuis
1387 2994 1659 3047 suspicionibus
1693 2998 1828 3036 vivere

28 3054 96 3108 (e)
123 3056 434 3110 Carthaginenses
454 3053 652 3107 Sapphoni
669 3053 860 3109 Hispaniae
876 3056 1238 3156 :administrationem
1256 3056 1505 3108 abrogarunt,
1536 3056 1662 3108 specie
1673 3054 1830 3154 quigem

951 3129 975 3157 2
1779 3127 1829 3155 ci-

132 3216 187 3259 (a)
203 3215 307 3252 Tacit
324 3214 393 3267 lib.
409 3228 441 3252 1.
458 3198 1092 3268 Annmffi—sp-li-b.
1112 3228 1172 3262 25.
1184 3198 1830 3266 capum.

26 3265 88 3308 (d)
114 3265 218 3326 Tacit
238 3266 360 3305 invita
374 3266 498 3318 Agric.
515 3270 574 3317 (e)
592 3267 682 3305 Mar.
705 3266 901 3318 hist-'Hisp.
913 3268 938 3306 1.
959 3282 994 3307 2.
1007 3281 1038 3306 c.
1063 3281 1091 3308 1.
1205 3269 1208 3272 ⁴
