2132 3730
6 2086 11 2281 ε

7 2286 12 2470 ⁵

495 278 1468 345 sYMBoLAPotzTrcA.
1794 293 1877 338 401

74 378 134 408 am
158 366 321 408 stabilire
342 365 538 406 fortunam
563 366 745 419 satagunt.
807 365 983 418 Agnovit
1005 364 1103 406 istud
1133 365 1293 405 Carolus
1314 365 1368 406 V.
1391 365 1626 418 Imperator,
1656 365 1811 417 quando
1840 375 1883 405 ut

69 426 187 467 Italiae
211 427 381 478 quietem
412 424 647 474 restitueret,
677 436 741 464 eas
769 426 921 476 penitus
949 425 1152 473 exstinxit,
1182 427 1424 477 mutavitque
1452 424 1617 466 formam
1644 425 1885 480 Reipublicae

70 484 323 536 Florentinae,
353 498 437 538 quae
458 496 522 524 eas
542 485 581 525 id
611 489 796 537 temporis
818 486 1003 533 fovebam
1033 498 1108 526 una
1146 485 1247 524 enim
1279 485 1483 525 bilancium
1512 485 1700 535 Francia),
1727 494 1791 525 aut
1810 482 1883 524 Hi-

70 546 207 599 spaniae
221 545 432 599 plusculum
456 554 614 585 onerata
634 548 739 597 pacis
769 557 930 586 examen
947 546 1163 586 inclinabat.
1221 543 1388 598 Cognita
1409 545 1479 584 hac
1500 547 1687 594 veritate,
1714 545 1882 598 pruden·

71 607 191 646 tiores
208 607 352 658 quique
371 604 567 656 Principes
592 604 631 644 δε
651 606 919 658 Respublicae‚
947 605 1140 659 Hispaniae
1150 605 1224 645 sese
1240 602 1477 645 faventiores
1495 602 1724 652 exhibuere,
1756 616 1799 644 ut
1817 605 1882 643 ali.

69 665 179 717 quod
202 666 254 706 illi
271 664 426 718 pondus
452 664 664 715 adderent,
692 665 994 718 perfectiorique
1013 664 1220 707 constituto
1237 665 1474 717 aequilibrio,
1503 663 1578 704 una
1598 675 1686 705 curn
1711 664 1881 704 Statibus

69 727 167 776 suis,
195 732 332 777 optata
350 727 481 777 quiete
503 723 742 773 fruerentur3
772 725 810 765 δε
841 725 869 765 si
897 727 981 777 quis
1008 725 1101 766 iilud
1124 724 1330 776 aliquando
1360 723 1606 773 disturbavit,
1638 723 1881 776 adjungendo

68 784 107 826 se
122 783 171 825 ad
192 783 403 826 factionem
425 787 653 826 contrariam
667 816 680 834 ,
712 786 743 825 is
760 787 933 838 ingentes
951 784 1059 825 dedit
1084 786 1214 825 turbas
1229 814 1242 832 ‚
1270 785 1310 824 &
1330 784 1473 824 Italiam
1490 785 1527 823 in
1551 785 1698 825 ruinam
1715 785 1880 835 impulit.

234 843 272 896 §.
303 844 439 885 Gloria
455 841 517 885 1115
532 858 616 897 quae
632 844 857 886 dominandi
879 846 1073 886 libidinem
1096 846 1302 885 comitatur
1320 845 1528 886 nonnullos
1549 843 1742 883 interdum
1765 844 1880 882 Italos

65 900 253 954 stimulat,
282 914 327 945 ut
346 905 472 946 secum
491 906 560 958 ipsi
580 904 743 945 statuant
761 907 896 958 melius
927 905 1036 953 fore,
1064 904 1092 946 si
1126 903 1262 945 contra
1285 912 1489 955 utramque
1519 903 1738 956 conspirent
1758 901 1883 943 Coro-

66 974 178 1012 nam,
206 963 248 1004 &
281 965 432 1006 fibimet
456 965 525 1018 ipfi
541 965 805 1014 dominentur,
838 974 904 1005 aut
928 967 968 1006 in
994 966 1250 1018 Respublicas
1266 963 1401 1015 divisi,
1432 973 1498 1004 aut
1528 974 1638 1004 certo
1662 964 1790 1014 aliquo
1821 974 1883 1002 ca-

65 1025 148 1076 pite
164 1023 379 1072 constituo3
408 1025 544 1066 verbm
570 1027 825 1078 cogitationes
853 1024 956 1074 istae,
985 1025 1180 1078 supposita
1207 1025 1322 1064 ltaliae
1346 1023 1593 1072 conditione,
1623 1036 1696 1075 pro
1720 1023 1883 1063 discursu

65 1083 151 1123 sunt
170 1086 303 1135 pocius
328 1097 443 1137 quam
467 1095 511 1125 ut
543 1086 584 1125 in
609 1084 795 1125 effectum
823 1084 964 1125 deduci
993 1095 1157 1138 queantt
1186 1097 1275 1124 nam
1299 1092 1365 1123 aut
1388 1084 1488 1135 Papa
1518 1085 1638 1124 totius
1665 1083 1780 1123 Italiae
1811 1084 1883 1121 erit

67 1141 294 1192 Dominus,
323 1155 390 1185 aut
408 1146 540 1196 aliquis
557 1147 661 1185 alius.
717 1145 757 1185 Si
783 1145 908 1198 Papa,
939 1144 1097 1185 minime
1123 1145 1258 1185 desunt
1280 1146 1472 1193 rationes,
1503 1145 1641 1194 quibus
1663 1141 1776 1183 facile
1798 1143 1884 1193 quis

64 1201 261 1253 ostendat,
289 1203 373 1245 fieri
402 1216 482 1245 non
499 1201 633 1258 posse,
659 1215 702 1245 ut
718 1204 952 1245 Monarchia
979 1204 1103 1257 aliqua
1132 1205 1329 1256 spiritualis
1353 1202 1561 1254 conjuncta
1584 1215 1673 1244 cum
1698 1203 1884 1250 saeculari,

63 1263 150 1304 satis
171 1263 210 1303 se
234 1274 385 1304 tueatur
405 1267 443 1305 in
458 1266 634 1317 potentia
659 1266 842 1316 Principis
863 1263 1018 1316 alicujus
1035 1264 1192 1306 eleffivi
1212 1262 1399 1319 (devexa
1421 1263 1627 1315 praesertim
1652 1273 1787 1311 aetate,
1808 1273 1884 1313 qua

65 1322 256 1363 ordinarie
280 1335 416 1364 omnes
433 1324 556 1364 solent
573 1323 648 1364 eise
669 1324 918 1379 Pontifices)
949 1327 1014 1376 qui
1042 1334 1150 1365 totus
1173 1324 1229 1364 est
1260 1326 1300 1364 in
1322 1323 1566 1376 procuranda
1598 1335 1696 1375 pace
1727 1321 1762 1362 δι
1784 1331 1885 1361 tran-

65 1384 250 1434 quillitate
277 1381 559 1432 Ecclesiastica,
590 1395 804 1435 occupatus
828 1386 866 1423 in
905 1386 1071 1436 negotiis
1101 1385 1353 1436 spiritualibus
1371 1413 1385 1432 ,
1415 1385 1563 1423 cinctus
1595 1383 1806 1435 nepotibus
1845 1381 1884 1420 ἅτ.

63 1441 380 1494 consanguineis,
408 1451 452 1481 ut
482 1442 572 1480 licet
594 1442 808 1480 eorundem
839 1441 1009 1481 Statibus
1043 1444 1315 1482 succeffionem
1341 1454 1589 1494 nequaquam
1621 1441 1884 1489 obtenderet,

63 1501 180 1541 valde
205 1510 333 1541 tamen
354 1512 446 1549 eos,
475 1503 579 1540 varia
593 1499 731 1540 iisdem
750 1498 868 1541 feuda
893 1499 1177 1551 distribuendo,
1208 1503 1247 1541 in
1265 1512 1394 1553 partes
1414 1499 1656 1541 distraeurus
1681 1499 1747 1540 sit:v
1774 1511 1886 1539 acce-

64 1560 122 1602 dit
137 1558 321 1614 praeterea
343 1559 433 1599 cum
459 1560 664 1612 plurimum
688 1558 776 1598 alias
795 1557 1065 1599 Christianitati
1097 1560 1317 1607 conducat,
1347 1559 1557 1600 Pontifices
1576 1571 1804 1600 communes
1828 1559 1884 1599 es-

64 1621 103 1661 se
129 1621 302 1661 omnium
328 1618 457 1659 Patres
479 1619 624 1671 absque
648 1618 797 1658 diffidiis
812 1630 902 1659 curn
924 1618 1163 1672 Principibus
1211 1621 1291 1659 aliis
1314 1650 1326 1669 ,
1352 1618 1528 1659 futurum
1554 1631 1599 1659 ea
1631 1620 1802 1664 ratione,
1838 1627 1883 1658 ut

64 1690 275 1734 perpetuas
293 1679 457 1719 habituri
482 1678 555 1719 smt
576 1678 860 1719 controversias
877 1688 922 1719 ac
943 1680 1029 1719 lites
1057 1690 1146 1719 cum
1164 1678 1312 1719 duabus
1335 1681 1408 1719 iliis
1426 1677 1592 1719 Coronis
1624 1679 1674 1720 de
1699 1679 1847 1730 juribus
1868 1708 1881 1728 ,

65 1752 153 1793 quae
173 1741 212 1781 in
230 1739 430 1781 Ducatum
452 1738 805 1786 Mediolanensem,
836 1738 970 1792 Regna
992 1741 1084 1780 item
1107 1737 1438 1791 Neapolitanum,
1469 1739 1509 1779 ἀ
1535 1738 1669 1779 Siciliae
1696 1739 1816 1778 ambae
1842 1739 1884 1778 il-

66 1803 113 1841 1ae
133 1799 202 1841 sibi
216 1799 446 1848 vendicant,
478 1811 521 1839 ac
542 1797 708 1850 proinde
727 1798 857 1839 sedem
873 1796 1137 1851 Apostolicam
1155 1801 1266 1840 armis
1289 1798 1401 1839 facile
1421 1801 1632 1852 impetent,
1661 1807 1728 1839 aut
1740 1797 1883 1850 junstae

66 1872 156 1901 cum
176 1857 294 1913 pasto
319 1861 447 1913 aliquo
467 1858 665 1900 dividendi
691 1858 826 1911 postea
843 1860 941 1900 inter
960 1859 1000 1899 se
1019 1859 1148 1899 Status
1165 1860 1249 1899 illos
1265 1861 1370 1899 bello
1394 1871 1551 1911 partos,
1581 1868 1648 1898 aut
1675 1859 1880 1910 separatae,

63 1932 142 1962 una
160 1931 230 1973 per
253 1932 383 1974 agrum
412 1918 762 1967 Mediolanensem,
793 1920 909 1959 altera
933 1931 1003 1971 per
1025 1918 1331 1972 Neapolitanum
1350 1922 1389 1960 in
1404 1919 1549 1960 Italiam
1570 1921 1760 1967 irruente,
1791 1930 1883 1960 cum

64 1982 240 2035 periculo
262 1983 398 2029 etiam,
428 1992 478 2020 ne
494 1981 672 2021 alterutra
687 1977 792 2019 forte
810 1980 1007 2019 auxiliares
1024 1978 1331 2028 Germanorum,
1360 1990 1426 2020 aut
1447 1979 1562 2032 ipsius
1586 1978 1722 2018 Turcae
1745 1980 1881 2031 copias

66 2043 107 2083 in
127 2039 329 2081 subsidium
345 2050 515 2089 evocet,
543 2051 629 2092 quae
649 2038 784 2092 postea
808 2040 846 2078 in
871 2038 978 2079 Italia
993 2038 1135 2091 pedem
1154 2038 1327 2093 figerent.

233 2099 269 2152 §.
300 2099 423 2153 Quod
443 2100 471 2140 si
493 2100 625 2152 aliquis
647 2101 766 2139 totius
783 2098 897 2139 Italiae
913 2097 1004 2140 Rex
1036 2110 1248 2148 crearetur,
1278 2097 1416 2139 eadem
1441 2106 1640 2138 manerent
1665 2099 1882 2138 incommo-

65 2159 136 2209 da,
163 2158 204 2199 ἃ
226 2160 330 2200 aliud
354 2159 481 2200 adhuc
510 2160 662 2213 gravius
693 2159 911 2198 nasceretur
927 2169 977 2198 ex
1000 2170 1072 2206 eo,
1102 2157 1210 2210 quod
1242 2158 1291 2198 ad
1315 2156 1557 2198 formandam
1581 2167 1696 2197 unam
1720 2157 1882 2197 Monar-

66 2221 193 2260 chiam
213 2251 227 2270 ,
255 2219 453 2272 Principes
482 2220 575 2259 alios
604 2219 670 2259 uni
700 2219 812 2257 alicui
836 2217 999 2258 reddere
1027 2217 1223 2268 subditos,
1253 2217 1293 2258 δε
1318 2216 1550 2258 Pontificem
1578 2215 1644 2255 suo
1678 2228 1882 2269 oporteret

66 2290 213 2320 exuere
230 2281 412 2332 imperio:
442 2291 531 2320 nam
552 2278 582 2318 si
608 2290 658 2318 eo
673 2279 713 2319 in
727 2276 825 2318 statu
839 2307 852 2328 ,
883 2278 921 2318 in
938 2289 1018 2330 quo
1042 2290 1147 2319 nunc
1170 2279 1276 2326 sunt,
1306 2289 1375 2318 eos
1389 2278 1622 2329 relinqueret
1636 2276 1823 2329 (tametsi
1840 2278 1881 2318 id

64 2337 171 2380 foret
187 2351 277 2380 cum
297 2342 422 2392 aliqua
456 2339 642 2379 clientelae
673 2339 892 2390 agnitione,
923 2348 989 2377 aut
1019 2336 1198 2391 foedere>
1228 2340 1335 2378 nullo
1358 2337 1480 2378 modo
1505 2337 1582 2377 sese
1610 2338 1707 2377 tueri
1734 2336 1881 2390 poiset,

67 2411 150 2451 quo
165 2398 285 2451 porro
298 2398 409 2440 fieret
424 2427 439 2449 ,
468 2408 512 2438 ut
528 2397 631 2438 Italia
647 2399 851 2450 imperium
865 2397 962 2437 istud
982 2398 1173 2450 spirituale
1187 2400 1346 2438 omnino
1363 2396 1544 2450 perderet
1555 2427 1568 2447 ‚
1598 2396 1705 2448 quod
1717 2409 1797 2437 non
1811 2399 1880 2439 min

8 2473 12 2512 ς
66 2470 206 2501 norem
223 2460 275 2498 iili
291 2461 389 2511 parit
411 2459 592 2511 gloriam,
622 2469 667 2496 ac
685 2457 778 2498 illud
804 2458 1051 2508 Romanum,
1080 2457 1118 2498 ἃ.
1138 2457 1263 2498 amissa
1284 2458 1346 2499 sua
1375 2458 1552 2498 libertate
1577 2458 1616 2496 iu
1642 2459 1879 2507 tyrannicam

10 2558 11 2568 ,
69 2518 262 2572 quandam
279 2518 482 2559 deveniret
499 2515 780 2558 confusionem.

248 2577 286 2631 §.
315 2578 452 2619 Minus
477 2585 605 2617 autem
639 2575 722 2617 fieri
745 2577 910 2628 poterit,
940 2584 985 2615 ut
1020 2572 1126 2616 Italia
1151 2577 1280 2627 quieta
1305 2573 1497 2628 persistat,
1527 2573 1556 2615 ss
1581 2572 1605 2614 a
1627 2573 1785 2617 diversis
1812 2589 1880 2629 gua

68 2639 254 2679 bernetur
273 2637 531 2691 Principibus:
561 2648 689 2688 neque
710 2638 811 2677 enim
830 2637 882 2676 ita
901 2636 1006 2676 omni
1022 2647 1073 2675 ex
1093 2644 1202 2688 parte
1233 2637 1331 2675 inter
1357 2646 1426 2676 eos
1454 2635 1686 2685 conveniet,
1715 2645 1761 2676 ut
1784 2648 1879 2677 cona

67 2707 130 2738 tra
148 2698 277 2739 ambas
293 2699 374 2738 illas
398 2697 575 2738 Coronas
596 2697 671 2736 sese
697 2698 851 2746 uniant,
880 2697 974 2748 quin
993 2697 1124 2748 potius
1149 2696 1257 2736 bellis
1275 2695 1417 2735 mutuis
1434 2694 1616 2735 intestinis
1632 2694 1736 2737 ultro
1750 2706 1879 2736 accer-

70 2758 150 2799 sitis
167 2757 204 2798 se
220 2757 449 2807 conficient,
478 2757 535 2796 uti
560 2754 700 2797 saeculis
721 2756 826 2797 retro
852 2757 1052 2808 praeteritis
1081 2754 1242 2802 accidit,
1272 2754 1459 2807 srquidem
1478 2755 1601 2795 Natio
1630 2755 1759 2796 Italica
1795 2766 1877 2798 tam

11 2862 14 2874 ἱ
68 2818 128 2860 est
147 2818 351 2872 generosa,
381 2827 424 2857 ut
444 2816 604 2857 modum
626 2826 759 2857 tenere
776 2815 879 2857 haud
896 2816 1005 2865 sciat,
1035 2826 1101 2856 aut
1114 2815 1301 2856 dominari
1319 2817 1405 2855 vult
1424 2812 1616 2865 absolute,
1645 2826 1711 2856 aut
1727 2828 1876 2869 parere.

223 2877 259 2930 §.
289 2874 479 2930 Equibus
499 2877 679 2917 omnibus
701 2878 844 2929 liquet,
874 2875 988 2928 quam
1015 2875 1129 2916 Italiae
1156 2874 1360 2915 neceffaria
1386 2875 1430 2916 iit
1450 2877 1625 2928 potentia
1660 2878 1784 2929 aliqua
1807 2888 1877 2929 pe-

11 2934 13 2948 ¹
69 2940 241 2992 regrina,
273 2949 358 2990 quae
372 2937 553 2990 opposita
579 2939 745 2985 exteris,
773 2949 848 2977 nec
870 2937 967 2976 inter
996 2936 1092 2976 illius
1117 2935 1313 2988 Principes
1337 2935 1527 2976 bellorum
1558 2938 1697 2976 toleret
1722 2945 1874 2987 motus,

69 3010 147 3040 nec
168 2999 278 3039 armis
293 3007 421 3038 utatur
446 2997 602 3037 alienis·
587 3027 603 3049 ,
633 3009 717 3049 quae
735 2996 842 3037 causa
867 2994 942 3044 est,
973 3007 1040 3036 cur
1063 3007 1113 3036 ex
1135 3007 1186 3035 eo
1204 3006 1404 3047 tempore,
1430 3009 1510 3048 quo
1529 2997 1567 3036 in
1592 2995 1694 3038 illam
1720 2996 1890 3050 ingress‘a-

71 3058 146 3099 fuit
163 3058 320 3099 Corona
341 3057 569 3109 Hispanica,
598 3069 695 3109 pace
711 3056 749 3096 &
770 3054 1035 3108 tranquillitate
1064 3055 1178 3096 fruita
1201 3057 1348 3107 semper
1371 3054 1499 3097 fuerit.

247 3118 281 3171 §
312 3118 447 3171 Ingens
463 3127 594 3170 itaque
620 3117 785 3166 utilitas,
816 3129 931 3168 quam
952 3115 1078 3156 secum
1112 3114 1236 3156 adfert
1264 3116 1398 3156 necess'
1403 3126 1458 3157 tas
1499 3118 1559 3156 illa
1584 3114 1630 3156 ad
1658 3111 1877 3157 alterutram

13 3162 16 3170 ¹
72 3176 270 3218 coronam
295 3178 370 3220 sese
391 3176 642 3230 adjungendi,
673 3188 833 3217 movere
848 3175 976 3230 potest
985 3175 1027 3217 N
1032 3186 1199 3216 ationem
1218 3174 1404 3225 Italicam,
1438 3186 1479 3216 ut
1500 3188 1587 3216 cum
1606 3175 1778 3228 praesenti
1796 3176 1878 3217 Sta

75 3244 120 3276 tu
137 3236 173 3276 se
188 3236 438 3288 conformet,
466 3237 594 3291 posito
614 3237 837 3289 praesertim,
868 3236 974 3288 quod
999 3235 1026 3276 si
1055 3247 1139 3288 quae
1159 3238 1197 3276 in
1218 3235 1375 3276 Ducatu
1403 3235 1705 3284 Mediolanensi,
1737 3235 1777 3276 δε
1799 3235 1879 3276 Re-

74 3307 154 3350 gno
167 3296 432 3352 Neapolitano
454 3310 498 3338 ac
514 3297 649 3339 Siciliae
666 3296 732 3338 fiat
752 3297 1000 3396 immutatio,-
1019 3295 1057 3364 id
1080 3295 1252 3345 futurum
1273 3297 1321 3338 fit
1339 3308 1427 3338 cum
1445 3298 1553 3352 gravi
1578 3298 1739 3339 aliorum
1755 3295 1880 3363 domi-

932 3369 944 3396 1
964 3368 1002 3396 11
1022 3367 1034 3396 i
1794 3368 1882 3402 moe
