2132 3730
459 204 1446 252 SYMBOL'APOLJTICA.
1822 226 1877 266 57

19 295 22 321 ³
75 301 227 342 virtutis
248 296 321 336 fuit
338 296 378 334 in
393 293 487 333 forti
507 295 573 333 illo
593 293 728 334 Heroe'
752 292 949 333 Consalvo
972 293 1022 333 de
1051 292 1234 332 Corduba
1257 296 1523 345 queremonias
1550 297 1713 335 tolerare
1736 301 1880 337 exerci-

71 370 137 400 tus
152 389 164 409 ,
194 358 232 397 &
255 354 528 395 oblocutiones
544 353 591 394 ad
613 353 732 394 Lirim
752 352 936 399 fluvium,
967 352 1079 405 quam
1098 355 1137 393 in
1161 353 1336 404 periculo
1356 364 1434 394 tam
1455 355 1625 395 evidenti
1647 356 1881 407 intrepidum

75 416 288 460 consistere.
349 414 447 467 Quis
469 415 659 454 licentiam
675 414 830 466 populi,
861 414 1154 464 libertatemque
1180 413 1389 464 reprimat?
1419 413 1567 455 Frustra
1584 416 1667 455 sunt
1685 416 1881 468 Principes

73 478 147 533 (a)
163 477 234 530 qui
241 471 405 527 praestari
415 475 573 526 potentia
588 472 731 513 credant
749 475 898 526 extingui
912 471 1002 528 poffi’
1021 475 1123 513 etiam
1135 469 1310 526 sequentis
1335 475 1407 513 aevi
1424 476 1633 525 memoriam,
1665 478 1783 528 quive
1803 478 1882 516 exi-

71 538 223 580 stimant
245 544 389 574 tantam
408 532 483 574 effe
506 534 608 573 suam
633 532 887 585 maJestatem,
916 543 959 574 ut
977 532 1147 572 actiones
1168 533 1283 572 etiam
1304 533 1420 571 malas
1448 545 1494 572 ea
1523 535 1724 577 honestare
1751 546 1881 588 queat.

17 616 19 623 ι
71 593 144 651 (b)
174 595 259 636 Non
273 602 331 646 ope
357 595 524 644 humana,
554 607 625 635 non
647 593 880 646 largitionibus
887 608 901 643 ,·
929 602 993 634 aut
1025 592 1140 633 Deam
1161 592 1404 644 placamentis,
1427 590 1600 633 Neronis
1628 595 1804 636 decedebat
1830 599 1885 637 in-

63 654 207 710 famiae,
237 651 448 709 qziiizjzfflm
466 652 651 694 incendium
665 653 872 694 crederetur.
930 652 1026 692 Illud
1051 652 1219 691 adulatio
1254 663 1395 691 cavere
1415 652 1563 703 potest,
1595 666 1645 693 ne
1671 656 1718 694 ad
1742 657 1886 697 Princi-

67 719 128 771 pis
153 726 261 755 aures
275 723 455 767 penetret
473 713 704 754 obtrectatio
718 728 730 761 ‚-
744 723 786 754 ut
806 713 903 754 verb
927 724 1044 752 nemo
1063 713 1223 752 omnino
1242 709 1307 760 fit,
1340 713 1406 763 qui
1429 712 1625 752 obtrectet
1638 743 1651 762 ,
1682 727 1879 768 nunquam

16 792 17 818 1
68 776 220 816 efficiet.
281 774 485 826 Princeps,
514 776 577 826 qui
602 786 757 814 omnem
784 773 833 813 de
859 771 1073 813 actionibus
1106 772 1178 811 suis
1209 770 1428 811 sermonem
1457 773 1661 824 prohibet,
1695 775 1885 827 suspectas

15 880 17 882 ,
69 847 133 876 eas
156 833 270 881 facit;
303 844 470 885 cumque
493 846 615 886 prona
636 835 783 886 semper
811 832 857 873 fit
880 835 918 872 in
945 832 1112 872 deterius
1139 830 1242 885 vulgi
1270 830 1480 884 persuasio,
1508 834 1634 884 palam
1667 846 1740 884 pro
1777 839 1886 876 malis

69 895 202 936 haberi
227 893 362 935 solent.
425 889 559 933 Minus
600 903 872 947 exaggerantur
904 904 967 941 ea,
999 904 1083 944 quae
1123 905 1205 933 non
1230 901 1410 931 curantur
1436 903 1687 945 magnopere.
1749 893 1886 936 Prohi-

13 970 15 974 ⁴
68 955 203 996 buerat
224 953 425 1003 Vitellius,
455 966 505 993 ne
526 955 609 1006 quis
628 954 675 994 de
694 954 807 993 rebus
824 954 922 992 male
937 965 956 991 a
973 952 1010 992 se
1029 951 1141 1005 gestis
1163 964 1234 1004 per
1254 953 1390 992 urbem
1409 953 1653 1004 loqueretur,
1684 953 1775 994 hinc
1806 954 1833 1007 ζ
1832 957 1886 1011 c)

60 1015 202 1069 plures,
220 1012 257 1065 fi
271 1013 381 1054 liceret
395 1043 408 1063 ,
438 1014 526 1054 alias
546 1016 751 1062 narraturi,
781 1015 862 1065 quia
881 1013 1094 1053 vetabantur
1107 1043 1119 1061 ,
1135 1014 1308 1053 atrociora
1321 1010 1524 1064 vulgabant.
1583 1012 1655 1053 Per
1679 1014 1812 1055 laudes
1829 1025 1888 1054 at·-

67 1087 147 1127 que
170 1073 473 1115 obtrectationes
493 1076 544 1115 ita
569 1071 840 1115 transeundum
864 1073 1047 1124 Principi,
1077 1082 1121 1112 ut
1142 1074 1212 1112 illis
1238 1085 1319 1112 non
1339 1073 1540 1121 titilletur,
1561 1085 1642 1113 non
1659 1074 1885 1115 succumbat

12 1130 13 1137 ¹
66 1135 157 1176 istis.
220 1134 259 1174 Si
282 1134 456 1174 laudibus
473 1136 663 1185 capiatur,
692 1135 813 1185 iisque
830 1146 937 1173 aures
961 1133 1048 1182 det,
1080 1145 1216 1172 omnes
1234 1133 1360 1172 eidem
1396 1132 1588 1173 adulando
1616 1136 1729 1175 animi
1766 1147 1889 1175 occu-

67 1194 185 1249 pandi
207 1194 419 1246 periculum
436 1193 590 1234 facient.
652 1193 774 1246 Quod
802 1193 830 1233 si
859 1192 1205 1233 obtrectationibus
1233 1192 1507 1243 conturbetur,
1539 1193 1691 1233 absistet
1726 1193 1746 1233 ὲ
1766 1196 1888 1235 rebus

11 1264 13 1267 ·
67 1255 193 1294 arduis
223 1253 260 1293 ὅτ.
293 1253 485 1305 gloriosis,
515 1252 553 1292 &
578 1255 617 1292 in
644 1253 894 1307 gubernando
921 1253 1050 1292 socors
1075 1252 1156 1293 fiet.
1218 1251 1302 1292 Suis
1327 1254 1488 1293 inaniter
1513 1255 1648 1293 extolli
1684 1255 1886 1305 laudibus,

62 1315 195 1368 judicii
219 1314 355 1353 lev-itas
385 1311 459 1355 est:
490 1323 719 1363 quacunque
749 1314 862 1353 etiam
884 1325 926 1353 re
965 1313 1112 1353 offendi
1138 1314 1338 1353 hominum
1374 1312 1429 1352 est
1466 1314 1734 1367 privatorum3
1763 1317 1886 1355 multa

9 1403 11 1418 2
65 1374 315 1421 dissimulare,
345 1373 586 1423 Principum3
616 1373 709 1411 nihil
733 1374 953 1425 ignoscere,
983 1382 1247 1422 tyrannorum.
1308 1372 1465 1412 Norant
1488 1374 1566 1413 hoc
1587 1374 1736 1425 optime
1757 1377 1886 1429 magni

66 1435 121 1475 illi
150 1434 402 1486 Imperatores
420 1431 690 1481 Theodosius,
705 1432 890 1473 Arcadius
910 1433 959 1475 ,ἃ
986 1432 1208 1482 Honorius,
1241 1439 1397 1484 quando
1410 1434 1565 1473 Ruffino
1585 1434 1772 1474 Praefecto
1789 1435 1888 1475 Prae·

8 1543 9 1546 Ἴ
64 1497 168 1535 torio
187 1493 326 1533 dabant
356 1494 394 1531 in
411 1491 595 1532 mandatis
612 1523 623 1541 ‚
649 1504 698 1532 ne
719 1494 855 1545 populi
881 1504 1015 1533 contra
1046 1494 1085 1533 se
1110 1493 1416 1534 obtrectationes
1451 1495 1554 1533 illico
1578 1497 1701 1545 poenis
1733 1495 1888 1550 castiga-

7 1580 9 1587 ι
65 1565 173 1602 rent,-
203 1552 280 1607 (α’)
310 1554 488 1606 quoniam,
505 1552 674 1603 ajebant,
693 1551 730 1605 fi
744 1551 783 1593 id
792 1567 835 1594 ex
859 1553 1002 1594 levitate
1009 1551 1225 1608 proccffirit,
1239 1553 1509 1595 contemnendum
1528 1553 1596 1608 est:
1615 1555 1653 1608 fi
1669 1567 1713 1595 ex
1734 1553 1888 1606 itfimia,

64 1611 272 1664 miseratione
302 1610 542 1667 dignffmmn:
561 1613 598 1666 fi
626 1613 671 1652 ab
691 1613 842 1664 injuria,
874 1612 1123 1654 remittendum.
1183 1613 1283 1654 Cum
1307 1613 1452 1653 Carolo
1475 1613 1527 1653 V.
1563 1614 1791 1667 Imperatori
1824 1616 1890 1655 ali-

68 1672 223 1725 quando
242 1671 457 1712 Barcinone
474 1673 636 1712 versanti
655 1673 843 1712 accusatio
865 1673 1047 1712 adversus
1072 1675 1304 1720 nonnullos,
1336 1675 1402 1724 qui
1421 1672 1566 1712 finistre
1596 1674 1645 1714 de
1662 1675 1742 1725 ejus
1767 1673 1890 1714 actio-

5 1749 7 1753 ’
67 1734 180 1774 nibus
198 1731 319 1772 locuti
347 1731 523 1777 fuerant,
551 1731 755 1772 offerretur
773 1732 811 1770 in
833 1732 1052 1782 script0‚ut
1068 1731 1117 1770 de
1141 1731 1327 1772 sententia
1345 1731 1506 1772 ferenda
1535 1743 1624 1772 curn
1651 1735 1717 1773 illo
1740 1734 1890 1774 delibe-

65 1802 229 1840 raretur,
257 1792 467 1843 porrigenti
483 1789 719 1844 indignatus,
751 1802 845 1830 mox
866 1791 1034 1830 chartam
1052 1792 1091 1830 in
1110 1793 1281 1831 vicinum
1304 1791 1462 1841 focum,
1486 1794 1548 1831 cui
1564 1802 1646 1832 turn
1668 1792 1774 1838 forte
1794 1793 1889 1834 asta-

65 1853 155 1901 b'at,
185 1851 340 1902 injecit,
371 1850 408 1888 δι
431 1849 592 1887 flammis
607 1848 774 1891 tradidit.
832 1849 896 1887 Ad
924 1850 1094 1888 officium
1116 1849 1300 1900 Principis
1313 1852 1890 1904 pertinet,intelligereomnia;

66 1914 171 1952 velle
187 1918 315 1950 tamen
332 1908 452 1946 verba
468 1905 536 1960 (e)
553 1906 692 1958 singula
708 1917 853 1946 vocare
875 1905 924 1945 ad
941 1918 1103 1947 examen
1116 1937 1130 1956 ,
1154 1908 1352 1961 indignum
1370 1908 1425 1949 est
1445 1912 1689 1963 magnanimo
1707 1912 1888 1965 pectore.

63 1971 110 2011 In
128 1969 344 2021 Republica
364 1967 540 2006 Romana
570 1966 644 2005 sola
668 1961 752 2021 (f)
778 1963 882 2017 fasta
897 1966 1134 2019 arguebantur
1141 1998 1153 2017 ,
1174 1967 1267 2008 dicta
1287 1966 1420 2022 inpune
1443 1978 1557 2011 erant.
1617 1970 1703 2026 (g)
1743 1974 1844 2013 Vana
1864 1985 1889 2013 a

57 2027 202 2083 scelestis
219 2058 231 2077 ,
259 2027 354 2067 dicta
373 2040 398 2066 a
415 2024 587 2079 maleficiis
610 2023 787 2079 differunt.
849 2026 1008 2078 Spmosa
1027 2029 1137 2067 nimis
1158 2039 1304 2070 corona
1324 2029 1439 2078 esset,
1462 2030 1490 2070 ss
1514 2041 1556 2070 re
1577 2042 1808 2084 quacunque
1826 2035 1888 2073 lae-

68 2091 107 2130 di
135 2091 172 2129 se
198 2087 382 2128 crederet.
443 2087 525 2127 Aut
544 2088 703 2127 omnino
730 2099 810 2127 non
826 2086 1010 2137 offendit,
1041 2098 1105 2128 aut
1125 2089 1263 2130 leviter
1285 2089 1392 2130 certe
1416 2101 1463 2130 ea
1497 2091 1651 2142 injuria,
1683 2092 1799 2144 quarn
1828 2095 1887 2143 is,

69 2160 205 2190 contra
230 2159 348 2200 quem
364 2145 445 2187 fieri
469 2156 647 2199 putatur,
681 2159 750 2200 pro
776 2147 929 2198 injuria,
961 2161 1040 2188 non
1062 2149 1243 2202 agnoscit,
1303 2149 1437 2190 Nimia
1464 2149 1520 2190 est
1556 2153 1595 2191 in
1621 2151 1799 2205 Principe
1830 2151 1887 2194 fa·

67 2211 216 2258 cilitas,
244 2208 284 2248 &
309 2210 444 2261 exigua
461 2208 515 2247 sui
535 2206 752 2256 aestimatio,
782 2207 828 2246 ad
847 2210 1006 2260 quosvis
1030 2211 1273 2250 commoveri
1295 2222 1483 2254 rumores,
1545 2210 1790 2253 Conscientia
1807 2225 1888 2254 ma-

0 2259 2 2281 ⁵
67 2271 105 2310 la
118 2269 306 2310 stimulare
324 2268 419 2307 solet
439 2269 604 2308 animum
629 2267 894 2312 adsumendas
920 2269 967 2308 de
984 2282 1033 2310 eo
1053 2282 1206 2322 poenas,
1239 2272 1304 2322 qui
1324 2270 1542 2324 obtrectat3
1573 2285 1669 2325 pura
1697 2283 1814 2325 atque
1833 2276 1890 2314 in.

71 2340 176 2383 tegra
197 2340 325 2377 menS,
345 2329 559 2368 contemnit
574 2326 649 2367 ista.
711 2328 750 2368 Si
771 2341 906 2370 verum
929 2328 983 2369 est
996 2361 1008 2378 ‚
1025 2330 1180 2382 quodin
1199 2330 1375 2383 Principe
1391 2333 1579 2384 carpitur,
1615 2333 1890 2374 emendatione

70 2391 193 2430 eluat:
220 2389 250 2429 fi
268 2387 427 2437 falsum,
455 2388 575 2440 seipso
597 2388 810 2430 evanescet.
872 2388 949 2444 (h)
970 2390 1134 2443 Namque
1142 2387 1263 2443 spreta
1291 2389 1492 2444 exolesczmt3
1513 2391 1550 2445 fi
1577 2390 1748 2445 ircffcam
1768 2396 1891 2447 agnita

71 2448 250 2489 videatur.
308 2447 428 2488 Exuri
450 2447 602 2499 jusserat
624 2448 784 2490 Senatus
807 2450 1008 2490 Romanus
1040 2451 1233 2492 Cremucii
1277 2455 1472 2502 Annales,
1502 2453 1568 2493 sed
1601 2455 1690 2505 quia
1716 2467 1785 2494 eos
1809 2454 1891 2506 ipse

72 2509 317 2556 occuluerat,
340 2509 494 2548 accensa
512 2510 629 2561 magis
657 2509 732 2560 est,
763 2510 801 2551 &
823 2512 1138 2564 vulgatalegendi
1162 2512 1370 2566 cupiditas:
1395 2513 1596 2565 quomodo
1617 2513 1656 2553 &
1678 2514 1814 2555 libellis
1832 2517 1889 2554 in-

71 2567 283 2609 famatoriis
301 2567 458 2619 VeJ'enti
477 2569 635 2617 accidit,
665 2569 728 2626 (i)
757 2571 965 2625 conquzfitis,
992 2572 1234 2627 lechtatisque,
1256 2573 1353 2613 dome
1375 2587 1448 2612 cum
1472 2573 1631 2625 paricalo
1645 2574 1891 2624 parabantur,

71 2640 147 2668 mox
162 2628 294 2667 licentia
315 2627 476 2679 habendi,
506 2629 701 2670 oblevimmn
730 2632 862 2672 attulit.
925 2631 1132 2673 Curiositas
1148 2633 1340 2685 judicibus
1376 2645 1456 2673 non
1481 2643 1611 2685 paret,
1642 2645 1716 2674 nec
1756 2647 1890 2687 poenas

71 2689 222 2730 metuit.
285 2686 405 2740 Quod
422 2699 575 2729 vetatur
589 2691 827 2742 maxime,in
851 2692 890 2731 id
915 2692 1107 2742 maxime,
1140 2695 1360 2733 connititur.
1422 2693 1689 2734 Prohibitione
1721 2694 1889 2746 augescit

71 2747 333 2798 Satyricorum
362 2747 555 2790 aestimatio
581 2761 763 2802 operum,
795 2752 832 2792 δε
864 2751 940 2806 (k)
961 2755 1096 2805 punitis
1110 2752 1251 2806 judiciis
1279 2750 1382 2806 gliscit
1422 2756 1607 2794 autoritas.
1672 2753 1734 2809 (l)
1765 2755 1892 2809 Neque

73 2807 171 2848 aliud
185 2809 317 2847 externi
347 2808 482 2860 Reges,
519 2816 581 2850 airt
599 2813 657 2862 qui
676 2811 788 2852 eadem
811 2810 943 2858 sevitia
967 2812 1018 2866 ast
1038 2810 1144 2864 fimt,
1174 2813 1238 2866 nist
1255 2812 1394 2853 dedecus
1407 2812 1476 2865 fibi
1483 2845 1496 2864 ‚
1522 2822 1628 2869 atque
1659 2817 1725 2855 illis
1749 2814 1892 2867 gloriam

63 2866 238 2920 peperere.
293 2866 414 2907 Nunc
443 2868 539 2909 ficut
563 2873 724 2921 perutile
743 2871 797 2912 est
820 2873 1010 2925 Principi,
1040 2873 1134 2913 scire
1155 2873 1247 2925 quid
1261 2875 1321 2913 alii
1346 2874 1552 2924 loquantur
1569 2873 1692 2924 male,
1720 2877 1771 2915 ita
1788 2873 1892 2915 haud

72 2939 208 2980 parum
227 2937 363 2976 nocet,
392 2926 522 2968 faciles
543 2929 865 2973 obtrectatoribus
882 2934 1054 2985 praebere
1088 2946 1218 2974 aures:
1251 2936 1338 2985 quia
1364 2946 1530 2987 namque
1557 2933 1735 2975 lubentes
1767 2934 1890 2974 crecli-³

73 2998 184 3037 mus,
213 2987 320 3040 quod
357 2988 549 3028 accusatur
583 2991 622 3030 in
650 2993 747 3040 aliis3
776 2995 952 3045 proclive
980 2993 1035 3034 est
1062 2992 1166 3044 fieri,
1196 3005 1240 3034 ut
1253 2994 1435 3048 Princeps
1464 3005 1530 3036 aut
1555 2994 1789 3048 decipiatur,
1823 3003 1889 3033 aut

85 3058 88 3059 ’
943 3053 972 3094 Ρ
1819 3054 1888 3093 ini-

599 3113 1624 3128 Ἢ
1832 3114 1834 3117 .

178 3139 236 3184 (a)
261 3139 361 3175 Idem
383 3137 446 3174 lib.
469 3152 505 3186 4.
525 3139 655 3175 Annal.
720 3141 780 3187 (b)
808 3143 907 3179 Idem
924 3142 985 3180 lib.
1012 3157 1068 3191 13.
1095 3144 1225 3180 Annal.
1289 3146 1346 3192 (c)
1372 3146 1459 3182 Tac.
1480 3145 1541 3182 lib,
1567 3158 1597 3191 3.
1620 3144 1753 3182 Histor.
1826 3142 1892 3187 (d)

74 3186 118 3224 L.
135 3188 252 3225 unica.
276 3191 321 3227 C.
348 3191 370 3226 fi
388 3190 467 3240 quis
488 3190 642 3241 imperat
662 3192 827 3230 maledix.
881 3197 939 3244 (e)
968 3197 1098 3234 Omnia
1107 3195 1214 3242 stire.
1234 3209 1302 3233 non
1327 3200 1445 3235 omnia
1471 3198 1606 3248 exequi.
1629 3196 1734 3234 Tacit
1753 3195 1792 3233 in
1814 3195 1892 3233 vita

75 3241 166 3287 Agr.
220 3241 286 3289 (f)
314 3242 411 3279 idem
430 3244 451 3280 1,
477 3256 506 3281 1.
532 3244 662 3285 Annal.
742 3247 802 3295 (g)
829 3246 925 3284 idern
943 3249 968 3286 l.
997 3263 1028 3297 3.
1049 3250 1181 3286 Annal.
1260 3252 1321 3298 (h)
1346 3249 1462 3289 Tacit.
1483 3249 1542 3286 lib.
1560 3262 1598 3296 4.
1616 3250 1750 3291 Annal·
1825 3248 1890 3295 (i)

76 3292 178 3330 Idem
194 3291 218 3328 1.
241 3305 297 3342 14.
322 3288 451 3333 Annal.
505 3297 573 3346 (k)
600 3299 700 3334 Idem
714 3297 739 3334 1.
764 3312 802 3347 4.
822 3301 950 3338 Annal.
1003 3301 1052 3350 (l)
1077 3301 1194 3339 Tacit.
1213 3307 1269 3341 16.
