2132 3730
262 251 348 295 144
673 227 1657 291 -DsnDAczsAfflAVEDRAE

249 327 394 366 lumus:
422 321 508 359 cum
528 316 607 354 fieri
628 322 820 363 nequeat,
851 321 894 352 ut
923 311 1098 351 Minister
1111 313 1158 353 ad
1173 314 1434 357 liberalitatem
1454 314 1704 365 propensior,
1733 316 1926 368 generofae
1949 305 2059 356 inen-⁴

249 384 299 423 tis
319 382 390 420 suae
408 374 558 418 consilia
574 372 714 423 exequi
734 372 867 423 polilt,
891 383 979 411 cum
1001 372 1177 423 Principe
1192 384 1310 413 avaro
1335 372 1375 413 &
1396 374 1520 415 tenaci
1532 385 1550 419 ς
1566 382 1646 413 aut
1671 373 1859 417 Minister>
1875 374 1996 418 fortis:
2018 376 2059 418 &-
2112 372 2115 376 ’

250 439 458 484 animosus,
488 444 575 472 cum
607 431 783 483 Principe
811 434 952 484 ignavo
986 432 1026 482 &v
1049 431 1196 472 timido.
1232 445 1234 451 ·
1258 435 1385 485 Agere
1405 441 1564 485 oportet
1587 431 1805 476 secundnm
1824 430 2061 476 ‘aetivitatem

249 502 406 554 sphaerae
421 493 625 544 Principis:
655 492 684 531 is
705 493 807 532 enim
831 491 907 540 est,
938 494 1000 531 cui
1020 494 1172 544 placere
1192 491 1283 534 illud
1310 493 1451 541 debet,
1481 494 1600 544 quive
1620 494 1899 544 proba1·e.›j·llud
1919 495 2058 543 habet,

250 570 314 601 aut
330 552 511 596 effectum
534 552 635 592 dare.
694 552 875 592 Peccavit
892 564 936 591 ea
958 553 996 591 in
1017 564 1058 592 re
1075 552 1267 591 Corbulo:
1296 554 1446 601 namin
1467 553 1662 603 obsequio¹
1675 552 1769 598 cum
1789 554 1888 599 ‚efflet
1909 553 2059 599 Claudii

248 616 431 668 Principis
447 611 571 665 pusilli
598 611 636 651 &
657 611 794 662 abJ'etsti
810 613 943 660 animi,
974 614 1092 657 multa
1121 611 1286 655 audebat
1308 610 1493 661 temere,
1517 613 1654 664 quibus
1679 612 1762 652 fieri
1794 623 1876 660 non
1901 623 2058 667 poterat

249 681 379 724 aliter,
411 675 503 726 quin
532 673 735 724 praegravis
761 671 951 720 illiess'et‚
982 671 1018 711 &
1044 671 1119 726 (a)
1150 669 1349 714 molestusi
1373 696 1385 714 μ
1404 671 1523 712 Zelus·
1551 671 1775 724 imprudens
1801 676 1841 714 in
1873 673 2059 719 Ministris

248 734 477 789 quibusdam
502 734 638 772 erroris
661 733 758 771 illius
786 732 893 771 causa
917 729 1008 770 effer
1031 732 1149 780 solvet,
1180 733 1218 771 in
1235 731 1426 775 aliisverb
1456 730 1598 786 (quod
1622 731 1869 783 frequentius
1882 732 2058 785 evenit)

248 809 355 837 amor
371 794 549 847 proprius
566 822 579 840 ,
609 793 755 831 vanitas
771 791 808 830 δε
833 791 1020 843 cupiditas
1036 793 1165 845 gloriae
1180 821 1192 841 ‚
1223 802 1304 843 qua
1314 790 1524 842 prudentes
1540 792 1624 831 valiis
1642 791 1767 837 videri
1791 794 1953 844 eupiunt
1971 822 1984 841 ‚
2014 792 2054 832 δε

245 854 452 910 plurimum
471 850 606 905 posse,
636 850 796 903 perinde
809 851 913 902 quasi
923 862 993 903 per
1017 853 1101 891 illos
1118 846 1315 907 solosrem
1332 848 1434 903 bene
1453 861 1559 901 gerat
1578 851 1789 906 Princeps;
1821 861 1921 898 erret
1941 851 2055 901 vero,

247 917 400 969 quoties
420 922 485 953 aut
503 913 539 951 se
576 911 677 960 solo,
708 920 774 950 aut
799 912 957 951 aliorum
975 922 1095 963 opera
1112 913 1290 952 moliatur
1310 908 1473 962 aliquid:
1503 917 1619 961 atque
1637 903 1974 964 adeo‘zelisspecie
1992 923 2058 951 oc-

247 979 374 1017 cultos
408 972 693 1027 gubernationis
723 969 898 1017 defeetus
915 973 955 1010 in
984 981 1159 1023 apertum
1188 970 1394 1023 proferunt
1412 999 1425 1018 ,
1456 969 1495 1009 &
1523 969 1708 1022 Principis
1737 971 2060 1012 existimationem
2130 1012 2132 1015 ,

245 1038 395 1078 violant
413 1062 427 1082 ,
456 1040 554 1071 artes
571 1059 584 1079 ,
615 1042 700 1082 quae
711 1032 939 1083 plerumque
961 1032 1000 1070 in
1015 1031 1129 1083 ipsius
1141 1030 1307 1074 Ministti
1321 1027 1457 1083 postea
1469 1029 1685 1079 redundant
1705 1041 1844 1083 caput,
1874 1031 2062 1082 dumgra-

243 1099 296 1138 tia
314 1093 495 1145 Principis
522 1089 679 1130 excidit.
700 1117 704 1135 2
739 1091 823 1144 Qui,
841 1091 955 1130 rebus
978 1090 1050 1131 suis
1079 1091 1298 1143 prospicere
1319 1091 1489 1138 voluerit
1511 1087 1648 1139 melius
1662 1117 1675 1138 ,
1695 1090 1743 1129 ‹&
1760 1090 1870 1131 suam-
1890 1090 2060 1135 stabilire

244 1156 454 1198 Fortunam
470 1183 482 1202 ,
511 1151 608 1191 velis
634 1152 824 1202 remisque
847 1150 967 1202 fugiat
984 1149 1249 1198 affectationes
1271 1149 1460 1201 ejusmodi
1483 1178 1496 1198 ‚
1526 1147 1691 1202 principi
1719 1149 1757 1189 &
1784 1152 1863 1190 aliis
1895 1149 2058 1190 nimium

245 1214 429 1270 quantum
447 1210 627 1257 odiosas;
657 1211 743 1262 plus
760 1210 930 1261 obsequii
945 1209 1122 1262 praestet,
1151 1209 1266 1261 quarn
1283 1209 1416 1250 verbis
1447 1208 1635 1261 significet
1649 1221 1666 1256 ,ς
1694 1219 1838 1250 naturae
1863 1209 1903 1249 δε
1926 1209 2061 1250 condi·

243 1277 341 1317 tioni
360 1272 544 1325 Principis
562 1270 637 1310 sese
664 1269 957 1319 accommodet,
986 1269 1042 1317 ad*
1050 1281 1186 1322 gyrum
1205 1270 1361 1316 rationis
1382 1268 1420 1308 δε
1444 1270 1724 1315 officium2eum
1748 1269 1974 1310 revocando
1989 1271 2059 1309 ob-

243 1337 362 1388 1equii
386 1333 512 1385 specie
527 1361 539 1380 ‚
571 1329 609 1370 &
629 1331 741 1370 animi
768 1329 1005 1377 submiffione
1021 1360 1032 1378 ‚
1063 1330 1192 1380 quieta
1219 1341 1307 1385 cum
1332 1323 1510 1369 industria
1531 1358 1544 1378 ,
1575 1326 1721 1380 absque
1741 1341 1896 1369 rumore
1915 1329 1953 1376 δε
1979 1329 2054 1382 (h)

243 1395 469 1448 arrogantia.
528 1390 655 1428 Ruina
668 1388 902 1440 fortitudinis
919 1389 956 1437 &
980 1390 1132 1435 virtutis
1154 1388 1208 1429 est
1221 1418 1233 1438 ‚
1264 1387 1292 1443 fi
1307 1386 1525 1435 constantiae
1537 1387 1608 1434 suae
1626 1389 1785 1428 nimium
1799 1398 1956 1429 tenaces
1971 1389 2058 1434 sint,
2107 1396 2109 1399 ·

244 1459 285 1498 in
307 1463 430 1505 eaque
447 1461 603 1491 omnem
620 1448 937 1498 existimationem
963 1450 1158 1488 collocent
1182 1466 1195 1496 5
1225 1449 1382 1499 proemia
1392 1448 1483 1487 item
1499 1446 1536 1487 &
1550 1446 1751 1499 dignitates
1769 1449 1812 1487 iis
1835 1450 2064 1499 praeripiunt,

244 1516 396 1558 interim
420 1513 507 1560 alii,
538 1511 602 1561 qui
618 1510 771 1562 ingenio
799 1509 836 1548 &
852 1509 1024 1550 moribus
1044 1510 1137 1547 varii
1154 1538 1167 1557 ‚
1197 1506 1356 1558 fleetere
1376 1506 1450 1547 sese
1467 1517 1610 1547 norunt
1623 1537 1637 1556 ‚
1667 1507 1705 1546 &
1722 1507 1769 1547 ad
1787 1507 1970 1558 Principis
1991 1519 2056 1546 na-

245 1586 369 1617 turam
385 1580 638 1669 compofflere.
698 1567 772 1608 His
790 1570 931 1608 artibus
950 1570 1000 1616 ait
1013 1565 1144 1608 Taffus
1162 1568 1285 1613 Poe'ta
1299 1562 1458 1608 Aletum
1471 1567 1519 1606 ad
1536 1568 1725 1609 maximos
1746 1567 1871 1622 Regni
1886 1567 2057 1608 honores

244 1632 444 1690 grassatum
459 1629 516 1670 fui
547 1639 594 1668 e:
1390 1625 1395 1628 ⁴

338 1780 341 1782 .
390 1732 467 1797 (c)
506 1726 607 1781 Ma
634 1725 902 1781 l’inalzaro
933 1728 1018 1780 di
1034 1729 1194 1800 primi
1212 1727 1361 1780 honor
1387 1726 1467 1782 del
1484 1730 1641 1799 Regno
1662 1764 1682 1787 ,
1831 1772 1834 1775 .
1904 1774 1908 1796 ¹
1941 1711 1957 1728 'f
1986 1774 1990 1777 .
2030 1774 2035 1777 ,

388 1800 568 1856 Parlar
583 1792 802 1866 facundo
820 1832 835 1851 η
870 1819 892 1854 e
917 1799 1198 1871 lusingbtero
1217 1831 1231 1852 ‚
1268 1819 1290 1850 e
1307 1797 1452 1866 scorto
1473 1833 1489 1857 ‚
1580 1850 1582 1853 .
1995 1821 1998 1826 '
2020 1832 2066 1860 w
2097 1810 2098 1815 ’

393 1869 663 1940 Pieghevoli
680 1869 877 1938 costumi
897 1907 912 1925 ‚
949 1891 970 1921 e
1000 1875 1149 1920 vario
1176 1872 1384 1936 ingegno.
1905 1887 1911 1907 ³

388 1942 457 1995 Al
456 1941 619 2009 finger
639 1950 812 2007 promo
832 1977 848 1996 ,
883 1938 971 1991 all'
993 1943 1260 2010 ingannare
1281 1950 1474 1990 accorto.

459 2031 559 2085 Hic
571 2034 751 2102 primis
769 2034 899 2099 regni
919 2033 1071 2081 titulis
1093 2067 1107 2086 ‚
1144 2030 1219 2087 ἐφ’,
1239 2031 1411 2083 bonore
1420 2023 1648 2100 fhperbit
1668 2068 1684 2088 ‚

464 2100 606 2171 Qubd
621 2101 801 2153 blando
828 2101 1014 2170 eloquio
1035 2137 1049 2156 ‚
1085 2101 1151 2155 ἐφ’
1178 2101 1345 2151 verbis
1357 2098 1627 2166 fallacibus
1648 2104 1748 2159 uti,

462 2173 713 2242 Ingenium
732 2175 935 2224 variare
955 2203 968 2223 ‚
1003 2168 1138 2222 dolos
1164 2170 1389 2223 adbibere
1409 2209 1424 2229 ‚
1453 2169 1658 2240 suosque

467 2246 549 2296 Ad
558 2248 760 2314 genium
783 2243 983 2295 alterius
999 2260 1152 2293 mores
1171 2253 1442 2310 componere
1456 2246 1599 2295 norit.

426 2367 578 2409 Verum
615 2368 655 2408 id
691 2366 774 2407 fieri
795 2379 875 2407 non
914 2366 1033 2419 debet
1057 2366 1186 2406 animo
1215 2364 1392 2415 fallendi,
1420 2367 1476 2405 uti
1509 2367 1647 2407 Aletus
1670 2363 1889 2410 factitabat3
1922 2363 1986 2403 sed
2010 2375 2062 2403 ne

250 2434 338 2487 quis
354 2429 513 2482 seipsum
540 2429 579 2468 in
598 2428 690 2467 aulis
709 2427 972 2479 imprudenter
989 2426 1146 2478 perdat,
1176 2436 1241 2465 aut
1257 2435 1300 2465 ut
1313 2426 1480 2478 Principi
1504 2429 1661 2466 meliora
1674 2423 1850 2477 praestare
1864 2424 1976 2474 poffit
1991 2425 2062 2463 ob-

254 2492 400 2544 sequia:
430 2489 513 2528 sunt
534 2489 635 2528 enim
656 2488 829 2527 nonnulli
852 2488 902 2526 ita
924 2486 1157 2538 comparati,
1186 2496 1230 2525 ut
1248 2487 1406 2525 omnino
1428 2485 1579 2527 necesse
1607 2485 1675 2535 fit,
1708 2483 1926 2524 Ministrum
1953 2493 2062 2523 natu-

253 2565 334 2594 ram
351 2551 502 2592 illorum
525 2546 704 2596 induere,
736 2547 774 2587 &
790 2546 894 2599 quasi
911 2547 1006 2586 intra
1030 2547 1197 2586 illosmet
1216 2546 1317 2598 ipsos
1345 2544 1584 2599 subingredi‚
1615 2554 1659 2584 ut
1685 2552 1872 2584 moveant
1894 2543 1992 2592 sese,
2023 2542 2061 2582 &

254 2620 366 2666 agant
380 2607 520 2661 aliquid
538 2621 549 2646 .·
579 2607 606 2661 C
607 2606 763 2662 d)17eque
772 2609 873 2648 enim
886 2608 1002 2646 alienis
1021 2606 1156 2658 coifiliis
1172 2608 1243 2658 regi
1256 2606 1292 2645 se
1310 2606 1435 2645 finunt
1449 2603 1623 2661 vequesua
1642 2604 1799 2656 expedire
1807 2611 1961 2643 norunt.
1992 2604 2063 2642 At-

255 2684 332 2726 que
356 2669 455 2710 adeo
474 2669 638 2720 Principi
655 2667 800 2708 suaderi
822 2679 902 2708 non
925 2666 1042 2705 deber
1061 2665 1121 2714 id,
1151 2665 1258 2716 quod
1276 2666 1392 2718 magis
1411 2666 1587 2719 expedit,
1606 2665 1670 2705 sed
1688 2663 1795 2716 quod
1814 2664 1961 2702 ratione
1979 2673 2061 2700 mu-

255 2734 357 2774 neris
382 2731 434 2769 sui
454 2737 606 2768 tenetur
629 2729 781 2779 exequi.
845 2727 956 2766 Vana
978 2724 1135 2765 fuerunt
1158 2725 1272 2765 fortia
1302 2726 1363 2764 illa
1391 2727 1567 2777 consilia,
1595 2725 1744 2765 tametsi
1778 2724 1945 2775 optima,
1975 2733 2060 2772 quae

258 2792 443 2832 dabantur
460 2785 642 2828 Vitellio:
670 2799 759 2828 nam
783 2800 872 2828 curn
887 2786 935 2827 ad
961 2785 1233 2838 exequendum
1255 2783 1396 2825 deesset
1412 2788 1577 2836 animus,
1606 2784 1723 2826 surdis
1751 2782 1900 2822 auribus
1921 2791 1967 2819 ea
1990 2779 2059 2834 (e)

1965 2840 2060 2880 sole-

773 2936 2055 2952 —ss—ss—*fflm

321 2999 325 3005 '
354 2995 411 3041 (a)
424 2998 490 3030 Cur
504 2991 628 3045 histem
642 2995 789 3042 conciret
806 2996 824 3031 ,Ρ
835 2990 988 3039 adverfit
1000 2993 1039 3030 in
1056 2997 1166 3044 Remp.
1186 2988 1396 3039 castam-’fin
1412 2987 1564 3042 prosper&
1581 2986 1697 3040 eglffi't
1712 3014 1720 3027 ‚
1731 2983 2058 3038 fbrmidolost'cmpa-

257 3049 291 3089 ci
304 3048 430 3086 virum
438 3044 624 3098 instgnem,
648 3045 695 3088 ἀ·
716 3048 851 3099 ignavo
873 3046 1025 3096 Principi
1041 3054 1272 3097 praegravem.
1289 3045 1371 3084 Tac,
1393 3043 1414 3078 l.
1437 3055 1492 3082 11,
1509 3041 1637 3078 Annal.
1691 3040 1751 3087 (b)
1782 3040 1835 3074 Vis
1850 3037 2058 3088 cmzstliorum

254 3113 357 3158 penes
368 3098 526 3137 Annium
546 3096 678 3145 Baffitm
700 3097 844 3149 legionis
860 3102 1046 3150 Legatum.
1110 3100 1143 3132 Is
1161 3095 1346 3132 silvanum
1353 3093 1525 3140 so'cordem
1537 3090 1615 3130 hedo
1631 3119 1639 3131 ,
1662 3089 1709 3134 (ῤ-
1722 3090 1794 3127 dies
1808 3104 1926 3128 rerum
1941 3089 2059 3127 verbis

258 3162 433 3194 terentem
449 3178 458 3192 ‚
475 3148 585 3203 specie
607 3147 751 3208 Obst'qul‘l'
771 3147 934 3201 regebat,
960 3148 1011 3187 ad
1022 3149 1219 3201 omniaque.
1244 3162 1311 3199 quae
1330 3147 1469 3200 agenda
1487 3144 1607 3192 forent
1620 3170 1629 3184 ‚
1655 3144 1776 3198 quieta
1794 3157 1871 3180 cum
1885 3141 2061 3191 industria

261 3207 403 3246 aderat.
431 3206 530 3249 Idem
541 3204 563 3241 l.
587 3215 618 3250 3.
647 3202 737 3238 Hist.
790 3207 846 3247 (c)
865 3203 954 3241 Tass‘,
978 3215 1053 3239 can.
1073 3213 1105 3239 2.
1158 3201 1219 3247 (d)
1239 3201 1324 3238 Tac.
1337 3202 1359 3240 l.
1381 3198 1589 3248 3.Hist.(e)
1605 3195 1715 3234 surda
1729 3194 1908 3248 adfertis*
1922 3193 2059 3245 confiliaae

267 3256 405 3300 Vitellio
428 3268 543 3300 aures.
575 3256 674 3293 Idem
689 3254 713 3296 l.
727 3267 759 3301 3.
776 3253 911 3293 Histor.
1277 3261 1283 3263 “
