2132 3730
455 213 1435 283 sYMBOLAPOLJTJCA.
1765 251 1846 293 309

57 344 148 383 pem
181 359 194 378 ‚
232 329 296 378 qui
330 324 476 364 suarum
510 326 799 365 Provinciarum
834 323 1040 364 visceribus
1087 335 1132 363 ea
1176 322 1408 365 sustentaret.
1496 323 1715 376 Deplorant
1757 334 1851 373 pau-

55 392 91 429 ci
112 384 296 440 ejusmodi
313 383 572 423 correcstiones
592 415 604 432 ‚
633 395 712 423 non
739 383 860 434 ipsum
895 384 1086 436 Regnum.
1178 382 1298 436 Quod
1330 384 1356 424 fi
1386 383 1543 434 abusus,
1575 383 1614 423 δε
1643 381 1852 435 providen-

53 451 117 489 tiae
151 443 324 486 defectus
355 443 522 484 ditarunt
549 444 696 492 officia,
729 442 939 483 &munera
968 455 1045 483 tam
1062 443 1188 494 pacis,
1220 443 1334 494 quam
1378 444 1490 486 belli:
1539 443 1567 483 fi
1599 455 1644 484 ea
1680 441 1851 483 introdu-

53 510 111 549 xit
128 506 273 546 vanitas
294 505 407 543 titulo
428 502 721 555 magnificentia:
740 532 752 552 ,
785 514 853 543 cur
883 503 1017 543 eadem
1046 514 1126 542 non
1165 503 1350 543 emendet
1384 502 1626 543 Prudentia?
1684 512 1852 554 cumque

52 574 197 618 quanto
216 563 377 614 maJ‘ores
395 562 478 602 sunt
493 561 734 603 Monarchiae
755 592 768 611 ,
797 562 905 603 tanto
924 563 1058 603 abusus
1075 563 1125 602 illi
1143 562 1303 613 majores
1322 563 1414 612 sint,
1445 564 1496 602 ita
1511 564 1672 614 majores
1694 572 1852 615 quoque

0 637 3 680 ’ς
52 634 164 666 erunt
180 622 341 664 effeetus
358 622 469 674 hujus
487 622 658 663 remedii.
718 621 883 662 Nullum
907 623 1090 663 tributum
1103 651 1114 671 ,
1144 624 1268 663 nullus
1282 623 1425 663 reditus
1442 625 1603 675 amplior
1618 653 1630 672 ,
1662 622 1777 674 quam
1795 623 1853 661 vi=

0 689 1 700 ¹
52 695 133 726 tare
157 686 340 735 sumptus.
398 683 548 723 Aurum
571 681 678 734 quod
700 681 862 722 effusum
882 681 938 722 est
953 683 1065 723 semel
1083 710 1096 729 .,
1125 694 1204 722 non
1222 685 1438 724 revertitur.
1497 683 1710 736 Aggeribus
1728 694 1855 734 oppo-

17 767 24 772 -
51 746 130 786 fitis
159 744 333 784 crescunt
347 742 557 783 fluviorum
585 742 729 782 fontes.
788 743 964 782 Attinere
973 743 1196 795 pecuniam,
1212 742 1267 783 est
1289 742 1415 782 sistere
1432 753 1628 796 argentum
1648 743 1798 788 vivum..
1817 743 1855 783 &

53 805 91 845 δε
111 805 205 857 lapis
227 803 518 855 philosophicus
539 800 705 841 maxime
729 802 914 854 probatus
946 815 990 842 ac
1018 804 1204 854 locuples.
1292 802 1411 842 Unde
1435 813 1582 843 certum
1599 803 1692 842 mihi
1716 802 1794 850 est,
1823 802 1854 843 fi

52 865 140 904 Rex
160 863 292 915 aliquis
313 875 383 915 per
400 861 589 902 ministros
606 861 692 901 suos
713 860 839 914 probe
855 860 1055 902 instructus
1073 862 1122 902 de
1140 863 1366 916 sumptibus,
1399 867 1464 915 qui
1478 872 1576 903 terra
1593 863 1763 914 marique
1773 865 1853 902 evi-

51 925 121 964 tari
143 923 295 976 poffent
315 953 328 972 ‚
361 935 429 963 eos
458 921 681 961 moderetur
696 948 710 968 ,
739 919 882 960 reditus
897 920 995 961 illius
1022 931 1100 962 tam
1125 922 1211 962 fore
1235 924 1400 973 liberos,
1430 933 1473 963 ut
1487 923 1697 963 sufficerent
1719 922 1767 962 ad
1787 921 1852 961 sol-

53 984 181 1024 venda
199 984 328 1023 debita
342 1010 354 1029 ,
385 981 434 1021 ad
451 980 657 1022 minuenda
678 981 818 1020 tributa
834 1011 846 1029 ,
877 981 916 1020 ὅτ,
936 982 1109 1033 ingentes
1131 983 1324 1023 thesauros
1335 983 1630 1023 accumulandos
1649 995 1661 1030 ;
1692 994 1855 1034 quomo-

53 1043 106 1084 do
125 1043 219 1085 fecit
239 1042 314 1096 (a)
345 1042 432 1081 Rex
448 1041 644 1081 Henricus
661 1040 726 1083 ΠΙ.
743 1042 908 1092 quicum
931 1043 1202 1093 patrimonium
1217 1045 1361 1095 regium
1380 1046 1546 1096 graviter
1556 1044 1766 1083 obaeratum
1781 1044 1855 1082 ani-

52 1103 339 1149 madverteret3
369 1100 514 1141 coactis
526 1100 766 1153 generalibus
779 1099 975 1150 Comitiis,
1006 1113 1094 1142 cum
1110 1102 1339 1142 Proceribus
1354 1103 1580 1143 deliberavit
1601 1103 1649 1142 de
1667 1102 1856 1151 remedio,

52 1176 181 1215 neque
204 1162 306 1202 aliud
331 1160 576 1202 commodius
592 1159 737 1208 visum,
754 1159 869 1211 quam
890 1160 997 1211 quod
1013 1162 1077 1202 hic
1104 1165 1380 1215 proponimus3
1412 1176 1460 1202 aes
1486 1165 1646 1203 militare
1669 1163 1857 1203 scilicet&

52 1223 255 1276 pensiones
269 1222 317 1262 ad
327 1224 499 1273 antiquas
508 1223 680 1273 priorum
688 1220 839 1272 Regum
855 1222 1021 1261 rationes
1044 1222 1297 1273 revocandas,
1309 1224 1346 1263 ὅτ
1363 1223 1532 1275 sumptus
1558 1222 1769 1274 superfluos
1784 1224 1856 1262 tol-

52 1282 277 1323 lendosesse.
312 1282 403 1334 Qua
420 1283 458 1320 in
474 1292 515 1320 re
527 1279 736 1319 curandum
752 1280 949 1331 praeterea‚
962 1291 1061 1321 utne
1076 1293 1136 1322 tot
1147 1283 1219 1323 sint
1234 1284 1349 1323 aerarii
1365 1281 1752 1336 publiciQuaestores,
1771 1282 1859 1322 Ma-

52 1342 153 1397 gistri
180 1342 369 1381 rationum
386 1371 399 1389 ‚
430 1340 467 1378 δε
491 1338 705 1377 ΕΧειὸὶοιΈε
724 1368 735 1386 ,
769 1341 833 1388 qui
856 1338 882 1390 ζ
894 1351 936 1378 ut
953 1342 1040 1380 alibi
1074 1341 1272 1396 dicimus)
1303 1355 1424 1382 arenae
1454 1342 1627 1393 quaedam
1643 1343 1726 1381 sunt
1739 1341 1858 1391 Liby-

52 1415 128 1452 cae,
155 1403 222 1442 ubi
238 1399 462 1440 exarescunt
485 1397 523 1436 &
547 1396 821 1435 consumuntur
839 1409 975 1437 omnes
1000 1400 1193 1440 redituum
1207 1402 1420 1454 Regiorum
1432 1403 1544 1441 rivuli
1557 1404 1641 1452 ,qui
1659 1403 1742 1440 illac
1760 1412 1859 1441 tran-

53 1463 174 1502 seunt.
233 1460 401 1511 Magnus
421 1455 878 1507 TurcarumImperator,
906 1459 1056 1498 tametsi
1068 1460 1235 1512 ingentia
1250 1461 1389 1500 habeat
1409 1459 1629 1512 vectigalia,
1659 1473 1732 1512 pro
1753 1462 1796 1500 iis
1807 1470 1859 1500 ta-

52 1535 143 1563 rnen
169 1518 393 1572 colligendis
418 1515 582 1556 nonnisi
611 1515 764 1555 duobus
793 1518 911 1555 utitur
934 1517 1114 1569 supremis
1141 1518 1491 1562 aerariiPraefeffist
1520 1533 1598 1559 uno
1621 1522 1658 1560 in
1683 1520 1793 1570 Afia,
1820 1523 1857 1561 in

52 1581 211 1634 Europa
227 1583 360 1619 altero.
419 1576 507 1615 Rex
525 1573 691 1614 Franciae
709 1573 901 1615 Henricus
931 1577 1101 1630 Quartus
1136 1578 1163 1628 ζ
1177 1592 1259 1619 non
1277 1581 1401 1619 minus
1429 1581 1653 1619 oeconorniae
1683 1582 1828 1631 peritus
1847 1612 1861 1631 ‚

53 1654 99 1681 ac
117 1641 228 1681 fortis
249 1644 275 1692 )
305 1637 485 1677 damnum
510 1633 606 1674 istud
628 1636 786 1687 agnovit
801 1664 813 1682 ,
844 1635 1021 1688 adeoque
1036 1639 1212 1690 pecuniae
1234 1640 1366 1692 Regiae
1388 1637 1574 1680 Mnistros
1604 1639 1652 1679 ad
1677 1640 1859 1680 sufficien-

54 1712 133 1742 tem
159 1702 428 1748 minoremque
445 1706 646 1734 nuinerum
664 1693 830 1738 reduxit.
1711 1704 1716 1709 ·

207 1751 383 1798 Tertium
407 1756 618 1795 remedium
635 1752 690 1792 est
704 1783 718 1802 ‚
747 1763 791 1793 ut
834 1752 907 1808 (h)
927 1756 1291 1810 quoniamplermnque
1307 1755 1536 1797 inverecunda
1549 1760 1738 1808 petentimn
1753 1760 1863 1798 inhia-

54 1825 142 1863 tione
161 1818 440 1874 constringuntur
465 1815 659 1865 Principes
684 1845 697 1863 ,
726 1819 766 1852 ut
799 1816 903 1853 etiam
929 1827 994 1855 non
1024 1816 1229 1856 concedenda
1249 1817 1408 1857 tribuant
1437 1817 1655 1870 privilegia,
1688 1819 1863 1858 immuni-

55 1891 153 1921 tates
177 1881 216 1920 &
230 1879 358 1932 gratiae
375 1876 504 1915 aerario
530 1874 655 1924 Regio
684 1873 905 1927 perniciosae
921 1884 1167 1924 revocentur,
1183 1875 1210 1916 fi
1230 1876 1432 1927 praesertim
1451 1888 1506 1915 eae
1524 1887 1755 1917 concurrant
1775 1890 1862 1918 cau-

55 1942 102 1982 sae
118 1971 130 1989 ,
160 1951 245 1992 quae
267 1936 355 1977 alias
373 1935 422 1974 ad
443 1934 573 1981 similia
592 1931 782 1972 beneficia
800 1932 917 1986 Regis
939 1932 1100 1974 Heni-ici
1116 1934 1186 1975 lV.
1217 1935 1485 1975 revocandam
1503 1937 1666 1988 quadam
1683 1939 1766 1990 lege
1777 1950 1862 1976 mo-

56 2010 197 2041 verunt
214 1999 344 2050 Reges
374 1994 611 2034 Catholicos.
670 1990 778 2031 Nam
797 1990 821 2045 (
834 2002 878 2031 ut
893 1994 930 2032 in
953 1995 1023 2033 alia
1039 1995 1125 2048 lege
1144 1993 1364 2049 dixerunt>
1394 1995 1421 2046 ζ
1432 1997 1485 2048 c)
1506 2010 1548 2035 wo
1570 1998 1727 2036 conviene
1765 1999 1788 2036 ἁ
1814 1998 1861 2037 los

57 2061 174 2113 Reyes
195 2054 276 2109 usin·
292 2055 332 2096 de
344 2061 446 2094 tanta
462 2053 627 2105 largueza
646 2082 658 2101 ,
687 2064 753 2105 que
774 2047 827 2099 ka
846 2052 1049 2094 convertida
1065 2067 1106 2094 en
1126 2053 1324 2108 destridcion
1342 2086 1353 2102 ,
1377 2063 1508 2108 parque
1530 2053 1759 2110 lafiranqztez
1774 2056 1861 2096 ade-

56 2121 96 2160 be
105 2117 208 2170 serus
219 2115 311 2168 sada
334 2127 391 2154 con
408 2111 581 2153 ordenada
603 2114 766 2150 intencion
793 2124 834 2151 no
869 2111 1074 2165 menguando
1090 2114 1125 2153 la
1157 2115 1290 2154 Corona
1307 2115 1400 2154 Real
1411 2144 1424 2163 ,
1453 2116 1489 2153 ni
1506 2115 1541 2153 la
1556 2116 1649 2155 Real
1666 2116 1860 2168 Digmdad.

48 2169 293 2232 ’qumquam
313 2175 405 2214 decet
425 2173 538 2222 Reges
560 2178 664 2210 tanta
691 2172 747 2209 uti
774 2169 934 2222 largitate
958 2203 971 2221 ,
999 2180 1041 2212 ut
1061 2175 1097 2212 in
1117 2170 1341 2226 profifionem
1368 2173 1541 2225 degeneret
1554 2187 1566 2221 ,·
1581 2173 1650 2230 secl
1666 2176 1806 2216 eomodo
1821 2190 1862 2216 ac

55 2237 174 2280 ordine
189 2234 424 2277 liberalitatem
445 2245 498 2271 eos
522 2241 677 2270 exercere
692 2231 868 2278 convenit,
898 2233 1070 2272 utnullum
1085 2231 1160 2272 inde
1174 2240 1238 2272 aut
1255 2232 1416 2285 dignitati
1433 2235 1535 2285 regice
1547 2265 1558 2283 ,
1586 2241 1651 2274 {llll
1659 2248 1787 2275 coronae
1805 2235 1861 2275 de-

57 2300 256 2339 trimentum
278 2290 451 2345 ancatur.
508 2289 560 2329 Et
581 2289 607 2328 fi
630 2298 695 2327 aut
726 2290 920 2329 neceffitas
938 2321 950 2340 ‚
981 2301 1046 2331 aut
1061 2291 1289 2346 negligentia
1306 2292 1488 2344 Principis
1512 2293 1603 2332 illud
1627 2306 1706 2333 non
1740 2295 1861 2335 consi-

60 2358 200 2398 derarit
221 2385 233 2406 ,
264 2351 399 2407 postea
415 2349 624 2404 parandum
639 2347 695 2388 est
722 2349 947 2390 remedium.
1006 2350 1102 2391 Earn
1123 2353 1175 2392 ob
1194 2352 1338 2392 causam
1357 2383 1369 2402 ,
1387 2352 1475 2392 cum
1502 2353 1591 2393 Rex
1615 2355 1792 2395 Ramirus
1810 2357 1861 2395 A·

60 2418 237 2469 ragonius
256 2414 413 2454 Corona
427 2411 465 2451 se
481 2407 684 2449 abdicasset
703 2438 716 2458 ,
746 2408 899 2449 resciffae
924 2411 1007 2451 sunt
1025 2410 1254 2452 donationes
1293 2424 1449 2462 omnes,
1481 2425 1565 2464 quae
1606 2414 1730 2468 Regni
1760 2417 1862 2455 vires

62 2476 322 2517 exhauserant.
382 2471 494 2515 Idem
512 2466 642 2509 fecere
668 2468 756 2509 Rex
781 2469 973 2511 Henricus
990 2470 1209 2522 Secundus,
1241 2482 1503 2526 cognomento
1523 2471 1720 2524 Liberalis,
1737 2474 1859 2514 &Re-

61 2538 148 2591 gina
172 2534 338 2574 lsabella.
410 2532 499 2571 Rex
531 2528 695 2581 Joannes
725 2528 924 2568 Secundus
955 2534 1158 2573 revocavit
1176 2533 1373 2585 privilegia
1400 2533 1437 2571 &
1455 2534 1735 2583 immunitates,
1767 2546 1861 2586 quas

62 2594 194 2650 ipse&
220 2593 299 2644 ejus
336 2589 602 2632 Anteceffores
629 2588 856 2640 quibusdam
880 2589 1119 2631 indulserant.
1208 2592 1446 2643 Principibus
1481 2603 1622 2644 nempe
1658 2594 1862 2643 usuvenit,

64 2654 171 2709 quod
194 2653 305 2693 idolis
319 2651 548 2691 Babilonicis
564 2680 574 2697 ,
606 2650 629 2688 e
650 2660 815 2701 quorum
832 2651 1004 2699 coronis,
1035 2649 1129 2690 teste
1147 2650 1558 2703 Jeremia‚Sacerdotes
1581 2664 1712 2693 aurum
1734 2665 1865 2706 argen-

63 2725 226 2766 tumque
245 2711 507 2753 subducebant
522 2740 535 2759 ,
569 2708 607 2748 &
624 2710 904 2750 convertebant
924 2712 963 2750 in
988 2709 1073 2750 usus
1093 2709 1168 2764 (d)
1178 2713 1367 2763 proprios.
1427 2710 1529 2750 Istud
1551 2724 1638 2752 cum
1664 2713 1865 2754 intellexis-

64 2778 120 2817 set
134 2775 223 2815 Rex
246 2772 438 2813 Henricus
457 2770 611 2811 Tertius
627 2798 639 2818 ,
667 2771 882 2822 praecipuos
898 2770 1024 2824 Regni
1046 2771 1227 2810 Proceres
1251 2773 1427 2824 captivos
1448 2770 1632 2822 detinuit,
1663 2773 1701 2814 δε
1726 2772 1863 2814 redde-

66 2849 108 2877 re
129 2835 238 2887 Jusfit‚
256 2831 362 2885 quod
373 2829 394 2870 ὲ
407 2830 573 2870 Coronae
582 2828 764 2869 reditibus
775 2829 1071 2883 usurpaverunt,
1102 2842 1180 2882 quo
1191 2830 1296 2870 fatto
1308 2831 1345 2870 δι
1361 2832 1465 2872 bona
1478 2831 1723 2887 veetigalium
1740 2834 1864 2888 regio-

67 2909 152 2937 rum
171 2890 717 2942 administrationeingentesin
729 2902 815 2929 arce
832 2890 1057 2930 Madritensi
1067 2890 1260 2931 thesauros
1272 2892 1532 2944 congregavit.

223 2951 470 2993 ‘Remedium
486 2951 662 2990 ultimum
677 2947 702 3004 <
711 2950 816 3002 quod
830 2953 994 3004 primum
1005 2949 1079 2991 effe
1094 2950 1309 3005 debuerat)
1327 2951 1418 2991 illud
1429 2950 1496 3000 est,
1512 2961 1555 2992 ut
1571 2952 1749 2992 nimirum
1762 2952 1866 2992 Prin-

71 3029 162 3070 ceps
182 3015 260 3068 ipse
278 3023 355 3054 tam
380 3012 479 3052 circa
499 3010 536 3050 se
548 3040 561 3061 ‚
592 3008 707 3062 quam
720 3010 822 3054 suam
839 3010 1017 3053 familiam
1029 3011 1198 3063 sumptus
1217 3013 1314 3051 vitet
1330 3011 1562 3064 superfluos,
1588 3012 1615 3051 fi
1627 3013 1782 3065 quidem
1799 3023 1866 3052 ve-

1006 3071 1022 3111 Ι
1039 3071 1104 3110 iii
1811 3072 1866 3120 lit,

174 3165 235 3213 (a)
259 3169 339 3203 Mar
355 3165 446 3203 Hist.
472 3166 569 3216 Hisp.
591 3167 615 3203 li
633 3179 691 3211 19.
710 3179 784 3218 cap.
798 3183 831 3206 2.
885 3170 946 3214 (b)
962 3167 1040 3205 Lib.
1060 3167 1119 3204 fin.
1149 3168 1191 3204 C.
1211 3168 1450 3213 demamnon
1466 3179 1563 3204 exce.
1582 3167 1605 3202 l.
1625 3178 1685 3203 21.
1743 3166 1806 3215 (c)
1824 3168 1864 3204 L.

80 3226 190 3259 15.tt.
207 3229 263 3253 10.
288 3218 348 3255 lib.
365 3235 400 3268 ς.
422 3222 558 3269 Recop.
586 3221 626 3256 L.
651 3229 686 3266 3.
710 3230 752 3256 tt.
775 3234 833 3257 10.
849 3220 875 3257 l.
904 3233 934 3266 5.
949 3223 1086 3269 Recop.
1140 3220 1207 3268 (d)
1225 3225 1368 3256 Coronas
1382 3219 1473 3257 cert&
1485 3231 1612 3255 aureas
1629 3215 1868 3271 habentfi'tper

73 3269 195 3318 capita
201 3267 271 3313 fica
284 3273 348 3307 Dii
361 3272 497 3308 istorum
512 3286 527 3315 ,-
550 3268 868 3318 undefiabtrahunt
886 3272 1081 3310 Sacerdotes
1097 3269 1142 3308 ab
1155 3274 1203 3309 eis
1217 3285 1346 3310 aarum
1360 3271 1406 3315 ά·
1427 3280 1615 3322 argentum
1628 3297 1637 3311 ,
1653 3269 1698 3313 ῤ’
1720 3280 1869 3325 erogant

75 3319 162 3360 illud
168 3321 207 3357 in
214 3319 420 3375 fimett'psos.
449 3326 599 3362 Baruch.
619 3326 654 3362 6.
678 3336 715 3370 9.
