2132 3730
466 223 1450 277 SYMBOLAPOLITIC'A.
1717 246 1856 296 γης

55 318 202 366 nanda,
221 324 284 355 aut
302 312 442 360 saltem,
453 322 496 351 ut
512 323 708 364 praeventa
725 311 799 366 (a)
830 313 952 352 minus
964 312 1245 354 maliadferant.
1307 317 1422 370 Juxta
1447 318 1512 356 has
1531 324 1748 369 temporum
1771 320 1866 359 affe·

58 378 206 419 &iones
224 372 394 425 judicare
411 372 527 411 debet
548 402 560 420 ,
591 372 628 411 δι
649 371 828 411 aestimare
849 371 896 411 de
914 371 1050 412 futuris
1061 372 1262 424 prudentia
1279 372 1497 415 Serenitatis
1524 374 1669 417 vestrae
1685 407 1697 425 ,
1726 390 1804 418 non
1822 381 1864 419 il·

60 437 358 478 lasPIanetarum
377 463 387 480 ‚
419 434 483 484 qui
500 431 588 471 cum
615 430 823 470 admodum
852 434 964 484 pauci
984 432 1055 471 fint
1071 463 1082 481 ,
1113 431 1151 471 δε
1173 431 1290 471 statos
1309 434 1393 474 suos
1416 437 1582 475 habeant
1599 447 1749 486 motus,
1780 450 1862 480 non

57 494 209 551 possunt
227 492 509 546 (quantumvis
534 493 656 543 aliqua
676 492 714 531 in
747 493 816 531 illis
836 491 968 532 ineffet
989 491 1148 545 virtus)
1186 501 1328 533 tantam
1363 506 1599 536 enventuum
1627 497 1863 549 portendere

57 557 279 598 varietatem
303 582 316 602 ,
347 561 444 603 quos
461 561 525 591 aut
546 552 649 591 casus
676 552 825 592 invehit
842 562 932 602 ‚aut
955 553 1115 591 liberum
1142 551 1305 604 disponit
1331 555 1537 595 arbitrium.
1607 556 1753 610 Neque
1781 559 1863 611 spe.

60 615 200 656 culatio
220 613 258 652 &
273 613 510 664 experientia
541 612 726 651 sufficiunt
742 642 754 661 ‚
785 624 827 651 ut
852 622 993 652 certam
1015 612 1178 662 aliquam
1203 612 1241 652 &
1257 613 1425 653 securam
1447 614 1639 655 scientiam
1659 647 1670 666 ‚
1703 618 1752 658 de
1773 633 1861 659 cau⁴

54 676 100 717 fis
132 684 210 713 tam
238 673 396 712 remotis
419 671 659 711 constituant.
721 671 908 723 Conjiciat
925 673 1054 722 itaque
1082 673 1217 711 oculos
1240 673 1325 711 suos
1347 673 1478 714 Seren.
1550 672 1687 716 Vestra
1709 680 1746 717 in
1765 689 1861 719 tem-

49 746 147 789 pora
167 732 270 773 retrb
290 734 479 783 praeterita
497 762 509 781 ,
536 732 610 784 jam
624 731 713 771 inde
736 731 756 771 a
774 733 882 783 Rege
900 729 931 771 F
933 730 1143 770 erdinando
1155 731 1360 772 Catholico
1378 745 1500 785 usque
1519 734 1566 773 ad
1586 734 1859 788 Philippumli.

50 795 90 835 &
105 793 252 833 collatis
271 804 358 832 cum
381 793 425 831 iis
442 821 454 841 ,
486 804 569 843 quae
591 793 636 831 ab
655 804 703 831 eo
723 803 898 844 tempore
920 792 959 830 in
978 790 1077 830 hanc
1101 790 1268 832 nostram
1294 803 1444 833 aetatem
1477 806 1598 846 usque
1620 795 1861 848 effluxerunt,

50 852 245 906 expendat
271 851 463 892 Serenitas
488 851 622 891 Vestra
639 882 651 901 ,
683 864 774 892 num
799 850 982 903 Hispania
1011 860 1089 890 tam
1117 851 1163 891 fit
1184 852 1321 892 incolis
1341 853 1481 893 referta
1496 883 1508 903 ,
1541 863 1619 894 tam
1642 857 1827 906 opulenta
1849 888 1860 907 ‚

49 916 88 955 &
105 915 219 953 rebus
236 912 414 952 omnibus
425 911 639 961 abundans,
651 922 765 963 atque
777 910 847 951 illis
860 911 1049 962 prioribus
1067 912 1214 952 seculis.
1245 912 1357 953 Num
1370 924 1572 967 tantopere
1587 926 1684 955 artes
1708 916 1745 955 δε
1761 929 1862 957 arina

57 974 223 1015 floreant
242 982 256 1024 3
276 985 369 1012 num
391 982 467 1011 tam
486 971 708 1023 frequentes
727 971 798 1010 fint
815 969 1128 1021 nundinationes,
1151 972 1373 1025 &agrorum
1398 975 1623 1022 culturae3&
1644 976 1671 1015 fi
1694 977 1732 1015 in
1761 978 1857 1018 hisce

49 1035 165 1075 rebus
194 1031 373 1084 quiddam
391 1029 571 1071 defeciss'e
595 1030 925 1078 animadverterit,
952 1031 1176 1071 incisionem
1194 1035 1366 1084 corporis
1381 1034 1490 1086 hujus
1505 1034 1672 1075 instituat
1689 1066 1701 1084 ,
1725 1038 1863 1088 explo-

48 1104 108 1135 ret
123 1095 275 1132 arterias
297 1092 377 1143 ejus
398 1103 533 1131 omnes
557 1121 568 1141 ,
599 1103 642 1129 ac
662 1101 789 1142 partes
814 1121 826 1139 ,
857 1103 941 1142 quae
966 1091 1060 1130 sanae
1079 1104 1122 1130 ac
1140 1093 1296 1146 integrae
1315 1093 1388 1132 sint
1406 1124 1416 1142 ,
1448 1107 1532 1146 quae
1556 1107 1657 1143 non,
1680 1094 1702 1134 e
1722 1098 1860 1148 quibus

50 1157 145 1194 item
171 1152 344 1192 fontibus
367 1151 604 1190 infirmitates
631 1149 707 1190 istae
732 1151 833 1190 suam
856 1151 1006 1190 trahant
1033 1153 1230 1205 originem.
1310 1153 1539 1194 Confideret
1568 1156 1670 1206 apud
1695 1159 1862 1197 animum

0 1243 1 1250 ,
49 1216 159 1255 saum
183 1213 314 1251 Seren.
376 1210 525 1260 Vestra,
546 1223 637 1250 num
659 1210 762 1250 forte
785 1223 833 1250 ex
857 1221 935 1249 uno
958 1211 1086 1262 aliquo
1101 1224 1236 1252 eorum
1254 1213 1463 1262 nascantur,
1484 1216 1549 1266 qui
1576 1214 1659 1255 fere
1681 1215 1860 1256 ordinarii

0 1288 1 1318 l
48 1275 144 1314 sunt.
182 1272 243 1311 Ex
262 1268 495 1310 deductione
510 1270 747 1309 subditorum
761 1272 797 1309 in
817 1281 932 1310 terras
951 1281 1125 1319 exteras,
1141 1284 1188 1312 ex
1204 1272 1360 1312 defeftu
1377 1276 1686 1327 propagationi33
1704 1288 1753 1315 ex
1768 1278 1861 1316 mul-

0 1335 2 1366 ἱ
47 1334 250 1385 tiplicitate
284 1329 564 1380 Religiosorum
580 1328 787 1383 ordinum3
819 1341 866 1368 ex
887 1331 1003 1368 nimia
1017 1329 1200 1371 fastorum
1230 1331 1377 1373 dierum
1400 1333 1640 1386 frequentia,
1673 1348 1721 1376 cx
1737 1337 1863 1376 multi-

0 1390 3 1435 ἐ
47 1394 181 1433 tudine
199 1388 502 1429 Univerfitatum
525 1417 537 1435 ‚
569 1387 606 1426 &
628 1387 865 1436 studiorum;
895 1401 946 1428 ex
959 1389 1180 1430 detectione
1200 1392 1421 1439 indiarum;
1451 1406 1501 1433 ex
1529 1407 1626 1446 pace
1652 1407 1731 1434 non
1764 1409 1862 1436 aeco·

1 1458 4 1501 ξ
46 1453 228 1497 uomica,
259 1460 308 1488 ex
335 1449 438 1487 bello
457 1449 594 1487 leviter
612 1447 887 1500 suscepto,aut
916 1449 1077 1502 segniter
1103 1450 1362 1491 administrato
1392 1466 1404 1491 .-
1433 1465 1482 1493 ex
1510 1455 1760 1507 abrogatione
1775 1455 1863 1495 Ma·

1 1507 4 1544 ἶ
48 1511 285 1565 gisteriorum
313 1507 490 1548 ordinum
508 1506 723 1547 militarium
743 1521 756 1555 3
788 1521 836 1548 ex
860 1510 1011 1549 raritate
1032 1512 1304 1561 proemiorum:
1335 1524 1384 1551 ex
1402 1515 1584 1554 oneribus
1607 1514 1861 1563 cambiorum‚

0 1588 5 1625 ς,
49 1573 88 1613 δε
105 1572 295 1612 usurarum
317 1581 327 1607 .·
358 1580 407 1607 ex
423 1569 671 1619 pecuniarum
694 1570 940 1608 translatione
962 1570 1000 1608 in
1020 1569 1157 1609 alienas
1189 1573 1409 1622 provincias
1427 1587 1436 1612 :
1467 1586 1516 1616 ex
1547 1575 1762 1627 disparitate
1779 1589 1863 1616 mo·

0 1632 5 1683 l
47 1642 222 1673 netarum
247 1641 259 1676 ς
291 1637 355 1667 aut
374 1629 450 1668 aliis
476 1627 656 1668 similibus
677 1629 808 1667 causis.
869 1629 908 1667 Si
925 1629 1065 1668 viderit
1084 1629 1274 1671 Serenitas
1295 1630 1432 1671 Vestra
1453 1663 1464 1680 ‚
1503 1646 1675 1685 quaenam
1708 1646 1757 1675 ex
1785 1635 1862 1676 istis

3 1690 6 1702 ¹
49 1693 136 1732 mali
153 1690 241 1730 fons
261 1687 305 1727 s1t
335 1688 371 1727 δε
391 1688 498 1739 orgio
521 1717 534 1736 ,
567 1687 717 1727 difficile
739 1701 819 1726 non
837 1690 908 1727 erit
928 1700 1062 1739 parare
1086 1690 1327 1737 remedium3
1358 1691 1396 1730 &
1421 1695 1583 1743 cognitis
1607 1693 1732 1745 probe
1764 1695 1864 1735 duo-

49 1753 122 1791 bus
151 1748 391 1799 temporibus
410 1776 422 1794 ,
454 1747 648 1797 praeterito
667 1747 703 1785 &
721 1747 905 1797 praesente
926 1775 938 1794 ,
968 1745 1043 1785 una
1078 1749 1191 1787 etiam
1212 1748 1344 1790 Seren.
1405 1750 1542 1791 Vestra
1561 1753 1610 1792 de
1629 1751 1759 1793 futuro
1769 1754 1862 1795 aesti.

5 1832 7 1835 .
47 1812 168 1852 mabit
189 1822 198 1847 ε
227 1805 297 1861 (ζ’)
330 1806 434 1846 Nihil
455 1807 553 1845 enim
567 1802 633 1856 fid]
650 1805 721 1844 Sole
742 1819 878 1845 novmn.
936 1805 1040 1863 ,Quid
1050 1804 1122 1860 cst,
1154 1806 1333 1861 quodfm‘t
1347 1812 1366 1848 ‚9
1394 1807 1599 1864 zpſjanquod
1612 1811 1783 1864 sirtarmn
1800 1815 1860 1869 cst.

47 1870 150 1929 Quid
172 1867 219 1922 est
238 1897 250 1916 ,
279 1863 513 1917 qzrodfachn
532 1863 577 1917 est
592 1866 612 1902 .9
640 1861 741 1914 ipfimz
753 1862 1046 1915 quodfaciendmn
1070 1864 1129 1916 est.
1177 1867 1360 1907 *Personae
1374 1879 1568 1911 mutantur
1586 1901 1598 1921 ‚
1628 1885 1709 1913 non
1725 1875 1860 1920 scenae.

47 1932 169 1970 Iidem
186 1929 334 1976 semper
350 1934 477 1962 mores
499 1924 535 1961 &
559 1921 771 1960 modisnnt,

200 1987 236 2037 ᾗ,
269 1983 359 2022 Post
383 1984 480 2020 illam
506 1982 690 2020 librorum
706 1981 972 2019 evolutionem
994 1978 1197 2031 plurimum
1220 1994 1378 2036 quoqne
1404 1989 1497 2028 lucis
1514 1986 1619 2029 dabit
1634 1987 1739 2031 Viris
1757 1992 1860 2033 Prin·

48 2048 198 2100 cipibus
217 2042 516 2083 communicatio
541 2052 628 2079 cum
647 2050 706 2079 tot
720 2052 763 2079 ac
782 2043 892 2080 tantis
921 2042 1098 2093 ingeniiS,
1120 2055 1202 2092 quae
1223 2056 1307 2084 cum
1327 2048 1368 2085 iis
1389 2060 1503 2098 agunt
1528 2050 1726 2101 quotidie,
1743 2063 1859 2104 atque

9 2125 11 2131 ·
47 2110 96 2151 ad
121 2106 350 2147 audientiam
371 2103 490 2141 verba
512 2100 549 2139 δε
571 2102 736 2139 rationes
761 2101 922 2140 multum
945 2112 988 2140 ac
1009 2100 1072 2140 diu
1097 2104 1280 2153 cogitatas
1316 2107 1504 2149 adferunt.
1571 2110 1664 2149 Ideo
1690 2110 1858 2162 Joannes

9 2171 11 2178 ¹
47 2166 248 2209 Secundus
272 2161 474 2203 Lnfitaniae
491 2161 580 2200 Rex
599 2160 726 2199 dicere
745 2160 1080 2213 solebat‚regnum
1105 2171 1168 2200 aut
1185 2164 1358 2204 invenire
1379 2167 1592 2219 Principem
1611 2171 1856 2221 prudentem,

49 2239 114 2269 aut
141 2227 283 2267 facere.
357 2221 589 2273 Ampliffima
611 2219 664 2259 est
686 2221 894 2271 imperandi
914 2221 1060 2270 schola,
1092 2222 1126 2259 in
1147 2220 1220 2273 qua
1238 2222 1402 2265 Ministri
1424 2227 1575 2268 summis
1595 2231 1752 2280 ingeniis
1763 2245 1858 2283 prae-

11 2274 13 2282 Α
50 2290 143 2336 diti,
173 2282 410 2336 experientia
426 2281 586 2333 insignes
613 2309 624 2328 ,
655 2291 719 2319 aut
735 2279 958 2329 domestici,
989 2291 1053 2320 aut
1070 2283 1212 2332 exteri,
1242 2290 1395 2337 negotia
1417 2299 1503 2327 cuin
1522 2280 1696 2342 Principe
1722 2292 1856 2331 confe-

49 2359 146 2388 runt.
206 2345 285 2385 Hic
308 2342 455 2395 semper
486 2343 525 2380 in
549 2339 683 2380 affidua
713 2341 881 2381 versatur
904 2343 1201 2391 exercitatione,
1235 2356 1321 2384 cum
1354 2347 1504 2398 speciali
1525 2351 1662 2389 notitia
1683 2353 1854 2392 omnium

48 2404 174 2461 prope
188 2436 200 2453 ,
232 2417 317 2456 quae
336 2404 374 2443 in
390 2401 536 2443 mundo
551 2410 744 2453 geruntur.
809 2401 907 2454 Quae
926 2400 1053 2441 schola
1072 2402 1159 2441 cum
1181 2405 1347 2446 maxime
1368 2410 1575 2448 conveniat
1596 2409 1773 2462 Principi,
1786 2412 1854 2451 do-

50 2478 113 2508 cet
129 2466 286 2504 omnino
307 2494 320 2512 ,
349 2474 394 2503 ut
413 2463 441 2503 fi
457 2475 538 2503 non
555 2473 604 2500 ex
624 2461 878 2515 obligatione,
912 2460 1078 2502 discendi
1109 2463 1238 2504 saltem
1261 2464 1386 2506 studio
1406 2499 1416 2516 ‚
1461 2472 1625 2522 negotiis
1681 2470 1759 2510 sese
1782 2473 1854 2512 im..

49 2526 214 2581 pendat,
244 2522 469 2575 studeatque
488 2535 530 2562 ea
549 2520 661 2573 plene
678 2534 817 2574 capere
834 2522 870 2560 ἃ
888 2532 1118 2573 penetrare3
1149 2536 1222 2564 nec
1234 2525 1317 2565 satis
1343 2527 1417 2567 effe
1440 2529 1592 2578 credat,
1625 2530 1653 2569 fi
1671 2529 1856 2571 Consilia-

13 2592 16 2594 ’
49 2590 111 2629 riis
125 2587 194 2626 suis
217 2597 260 2624 ea
291 2585 507 2624 committat
527 2613 538 2631 ‚
570 2581 664 2621 &ab
687 2583 756 2622 illis
776 2581 1008 2623 decisionem
1024 2583 1226 2635 expectet:
1255 2598 1340 2626 nam
1354 2587 1380 2627 fi
1398 2591 1561 2640 negotiis
1581 2590 1732 2640 prorsus
1742 2591 1779 2629 se
1789 2592 1853 2630 ab·

48 2647 182 2690 stineat
199 2674 211 2692 ,
243 2644 417 2694 sylvescit
435 2643 615 2696 paulatim
634 2644 849 2695 ingenium,
881 2643 918 2682 &
936 2642 1054 2683 odisse
1081 2656 1124 2683 ea
1144 2646 1277 2697 incipit
1296 2677 1305 2694 ,
1337 2657 1514 2700 tanquam
1537 2661 1653 2688 onera
1678 2650 1852 2702 quaedam

47 2704 298 2750 intolerabilia
314 2733 326 2753 ,
357 2703 394 2743 &
409 2704 554 2744 viribus
574 2702 734 2753 maJ'ora,
765 2701 944 2754 adeoque
961 2704 1118 2743 aliorum
1137 2707 1284 2744 mavult
1300 2718 1398 2746 curae
1419 2710 1652 2760 relinquere,
1683 2710 1721 2749 &
1744 2710 1853 2750 indu-

18 2815 19 2820 1
47 2767 156 2812 striae.
219 2762 340 2818 Quod
360 2764 385 2803 s1
404 2763 543 2803 deinde
561 2762 608 2801 ad
626 2763 744 2815 ipsum
765 2761 973 2812 referatur,
1006 2764 1097 2815 quid
1116 2766 1192 2804 aliis
1211 2777 1255 2804 ea
1266 2767 1374 2818 super
1394 2780 1433 2807 re
1456 2769 1576 2809 visum
1602 2769 1732 2819 fuerit,
1749 2771 1854 2810 insci-

18 2831 19 2834 ’
46 2840 92 2870 us
119 2826 369 2877 &imperitus
398 2823 544 2875 pendet
562 2824 694 2873 animi,
725 2822 881 2864 rectene
915 2823 1125 2875 judicatum
1147 2824 1287 2876 fuerit,
1321 2840 1364 2867 an
1385 2829 1519 2876 secus3
1557 2842 1631 2882 qua
1659 2832 1696 2870 in
1719 2830 1855 2870 confu-

19 2925 21 2928 Α
48 2889 175 2936 fione,
202 2882 353 2927 necesse
382 2882 437 2923 est
469 2895 557 2923 eum
576 2882 707 2923 suimet
727 2884 872 2936 pudeat
896 2914 908 2934 ,
940 2885 1148 2936 pigeatque
1168 2915 1179 2934 ,
1212 2885 1301 2926 dum
1329 2888 1436 2928 videt
1458 2889 1494 2929 se
1511 2900 1622 2929 muto
1649 2890 1852 2931 simulacro

19 2958 21 2965 ¹
48 2948 150 2989 haud
178 2945 299 2987 multo
321 2941 394 2983 effe
415 2943 643 2992 absimilem,
660 2944 721 2983 cui
749 2946 917 2984 exterior
935 2944 979 2983 sit
995 2948 1210 2984 reverentia
1230 2976 1242 2995 ,
1274 2949 1364 2986 alius
1384 2961 1478 2988 vero
1495 2962 1567 3001 pro
1596 2951 1676 3002 ipso
1699 2951 1852 3001 respon-

20 3016 22 3029 ³
50 3007 86 3048 sa
108 3008 185 3052 dat,
260 3003 352 3044 Nec
384 3006 452 3042 alia
470 3002 518 3042 de
535 3001 642 3042 causa
655 3002 854 3044 Zacharias
875 3005 1069 3057 Propheta
1083 3017 1170 3044 eum
1188 3005 1423 3059 Principem,
1453 3011 1518 3061 qui
1539 3010 1666 3050 similis
1688 3009 1851 3058 Pastori,

52 3079 203 3122 gregem
228 3065 334 3105 suum
348 3063 532 3105 deserenti
550 3092 562 3112 ,
593 3064 832 3116 obligationis
845 3066 917 3105 suae
932 3064 986 3105 est
1006 3066 1208 3106 immemor
1226 3097 1237 3115 ,
1259 3067 1405 3110 idolum
1425 3069 1496 3123 (c)
1517 3073 1689 3111 vocitat:
1719 3070 1852 3108 Statua

953 3124 983 3165 F
997 3124 1020 3165 f
1750 3129 1851 3168 enim

150 3243 227 3287 (a)
253 3245 511 3295 Scitpreterita
532 3271 541 3285 ‚
566 3242 612 3286 ὠ
636 3240 831 3293 defuturis
854 3243 1010 3296 ffiimat.
1036 3249 1113 3296 Sap.
1139 3254 1249 3288 c.8.8.
1304 3249 1362 3295 (b)
1393 3246 1488 3284 Eecl.
1504 3258 1535 3282 1.
1552 3259 1586 3290 9.
1605 3248 1640 3283 δε
1669 3258 1724 3282 10.
1777 3250 1852 3290 (c)

56 3297 85 3333 Ο
107 3292 240 3347 Pastor,
261 3294 306 3338 ἄν
325 3296 454 3335 idolum
468 3323 478 3340 ,
503 3295 740 3349 derelinquens
750 3309 907 3349 gregem.
932 3299 1042 3336 Zach.
1064 3312 1139 3348 cap.
1167 3312 1221 3335 ιι.
1250 3311 1307 3346 ιζ..
