<?xml version="1.0" encoding="UTF-8"?>
<!DOCTYPE html PUBLIC "-//W3C//DTD XHTML 1.0 Transitional//EN"
    "http://www.w3.org/TR/xhtml1/DTD/xhtml1-transitional.dtd">
<html xmlns="http://www.w3.org/1999/xhtml" xml:lang="en" lang="en">
 <head>
  <title>
</title>
<meta http-equiv="Content-Type" content="text/html;charset=utf-8" />
  <meta name='ocr-system' content='tesseract 3.04.00' />
  <meta name='ocr-capabilities' content='ocr_page ocr_carea ocr_par ocr_line ocrx_word'/>
</head>
<body>
  <div class='ocr_page' id='page_1' title='image "./didacisaavedraef00saav_0035.png"; bbox 0 0 2132 3730; ppageno 0'>
   <div class='ocr_carea' id='block_1_1' title="bbox 489 187 1893 247">
    <p class='ocr_par' dir='ltr' id='par_1_1' title="bbox 489 187 1893 247">
     <span class='ocr_line' id='line_1_1' title="bbox 489 187 1893 247; baseline 0.004 -15"><span class='ocrx_word' id='word_1_1' title='bbox 489 187 1478 235; x_wconf 70' lang='lat' dir='ltr'><em>SYMBoLAPoLlrch.</em></span> <span class='ocrx_word' id='word_1_2' title='bbox 1841 206 1893 247; x_wconf 80' lang='grc' dir='ltr'>ις</span> 
     </span>
    </p>
   </div>
   <div class='ocr_carea' id='block_1_2' title="bbox 75 273 1893 391">
    <p class='ocr_par' dir='ltr' id='par_1_2' title="bbox 75 273 1893 391">
     <span class='ocr_line' id='line_1_2' title="bbox 83 273 1893 330; baseline 0.001 -12"><span class='ocrx_word' id='word_1_3' title='bbox 83 285 224 322; x_wconf 81' lang='lat' dir='ltr'><em>mentem</em></span> <span class='ocrx_word' id='word_1_4' title='bbox 237 275 288 321; x_wconf 59' lang='grc' dir='ltr'>ἐξ)</span> <span class='ocrx_word' id='word_1_5' title='bbox 299 283 418 330; x_wconf 78' lang='lat' dir='ltr'>corpus</span> <span class='ocrx_word' id='word_1_6' title='bbox 434 273 605 314; x_wconf 82' lang='lat' dir='ltr'><em>laboribus</em></span> <span class='ocrx_word' id='word_1_7' title='bbox 613 273 778 328; x_wconf 81' lang='lat' dir='ltr'>fatigare</span> <span class='ocrx_word' id='word_1_8' title='bbox 789 287 854 315; x_wconf 86' lang='lat' dir='ltr'>non</span> <span class='ocrx_word' id='word_1_9' title='bbox 867 277 1023 316; x_wconf 78' lang='lat' dir='ltr'>convenit</span> <span class='ocrx_word' id='word_1_10' title='bbox 1040 306 1055 325; x_wconf 83' lang='lat'>,</span> <span class='ocrx_word' id='word_1_11' title='bbox 1083 276 1240 328; x_wconf 82' lang='lat' dir='ltr'>quoniam</span> <span class='ocrx_word' id='word_1_12' title='bbox 1253 276 1290 315; x_wconf 81' lang='lat' dir='ltr'>hi</span> <span class='ocrx_word' id='word_1_13' title='bbox 1300 274 1432 316; x_wconf 78' lang='lat' dir='ltr'>labores</span> <span class='ocrx_word' id='word_1_14' title='bbox 1443 278 1699 317; x_wconf 75' lang='lat' dir='ltr'>cmtrariarum</span> <span class='ocrx_word' id='word_1_15' title='bbox 1710 288 1829 319; x_wconf 79' lang='lat' dir='ltr'>rerum</span> <span class='ocrx_word' id='word_1_16' title='bbox 1840 273 1893 327; x_wconf 85' lang='lat' dir='ltr'>ef·</span> 
     </span>
     <span class='ocr_line' id='line_1_3' title="bbox 75 331 1743 391; baseline -0.002 -11"><span class='ocrx_word' id='word_1_17' title='bbox 75 336 231 391; x_wconf 81' lang='lat' dir='ltr'>ficientes</span> <span class='ocrx_word' id='word_1_18' title='bbox 245 331 342 387; x_wconf 64' lang='lat' dir='ltr'>finit.</span> <span class='ocrx_word' id='word_1_19' title='bbox 399 333 525 376; x_wconf 78' lang='lat' dir='ltr'>Labor</span> <span class='ocrx_word' id='word_1_20' title='bbox 550 337 636 377; x_wconf 84' lang='lat' dir='ltr'>enim</span> <span class='ocrx_word' id='word_1_21' title='bbox 652 337 802 388; x_wconf 69' lang='lat' dir='ltr'>corporis</span> <span class='ocrx_word' id='word_1_22' title='bbox 822 336 925 376; x_wconf 84' lang='lat' dir='ltr'>menti</span> <span class='ocrx_word' id='word_1_23' title='bbox 946 334 995 390; x_wconf 66' lang='lat' dir='ltr'>gs}</span> <span class='ocrx_word' id='word_1_24' title='bbox 1013 332 1238 388; x_wconf 63' lang='lat' dir='ltr'>inpedimento</span> <span class='ocrx_word' id='word_1_25' title='bbox 1252 364 1267 385; x_wconf 85' lang='lat'>‚</span> <span class='ocrx_word' id='word_1_26' title='bbox 1295 337 1417 378; x_wconf 79' lang='lat' dir='ltr'>mentis</span> <span class='ocrx_word' id='word_1_27' title='bbox 1442 344 1556 379; x_wconf 84' lang='lat' dir='ltr'>autem</span> <span class='ocrx_word' id='word_1_28' title='bbox 1576 338 1709 391; x_wconf 72' lang='lat' dir='ltr'>corpori</span> <span class='ocrx_word' id='word_1_29' title='bbox 1728 348 1743 377; x_wconf 88' lang='lat'>.·</span> 
     </span>
    </p>
   </div>
   <div class='ocr_carea' id='block_1_3' title="bbox 473 506 1486 578">
    <p class='ocr_par' dir='ltr' id='par_1_3' title="bbox 473 506 1486 578">
     <span class='ocr_line' id='line_1_4' title="bbox 473 506 1486 578; baseline 0.002 -4"><span class='ocrx_word' id='word_1_30' title='bbox 473 506 1283 578; x_wconf 89' lang='lat' dir='ltr'><strong>SYMBOLUM</strong></span> <span class='ocrx_word' id='word_1_31' title='bbox 1366 506 1486 578; x_wconf 92' lang='lat' dir='ltr'>IV.</span> 
     </span>
    </p>
   </div>
   <div class='ocr_carea' id='block_1_4' title="bbox 470 668 1460 1903">
    <p class='ocr_par' dir='ltr' id='par_1_4' title="bbox 470 668 1460 1903">
     <span class='ocr_line' id='line_1_5' title="bbox 470 668 1460 1903; baseline 0 0"><span class='ocrx_word' id='word_1_32' title='bbox 470 668 1460 1903; x_wconf 95' lang='lat' dir='ltr'> </span> 
     </span>
    </p>
   </div>
   <div class='ocr_carea' id='block_1_5' title="bbox 71 2020 1892 2166">
    <p class='ocr_par' dir='ltr' id='par_1_5' title="bbox 71 2020 1892 2166">
     <span class='ocr_line' id='line_1_6' title="bbox 79 2020 1890 2081; baseline 0.001 -13"><span class='ocrx_word' id='word_1_33' title='bbox 79 2030 90 2035; x_wconf 79' lang='grc'><em>”</em></span> <span class='ocrx_word' id='word_1_34' title='bbox 205 2026 247 2068; x_wconf 92' lang='lat' dir='ltr'>D</span> <span class='ocrx_word' id='word_1_35' title='bbox 263 2024 526 2081; x_wconf 80' lang='lat' dir='ltr'>imperandum</span> <span class='ocrx_word' id='word_1_36' title='bbox 548 2026 701 2068; x_wconf 78' lang='lat' dir='ltr'>scientia</span> <span class='ocrx_word' id='word_1_37' title='bbox 716 2033 820 2077; x_wconf 81' lang='lat' dir='ltr'>opus</span> <span class='ocrx_word' id='word_1_38' title='bbox 840 2023 897 2064; x_wconf 86' lang='lat' dir='ltr'>est</span> <span class='ocrx_word' id='word_1_39' title='bbox 912 2053 927 2074; x_wconf 89' lang='lat'>‚</span> <span class='ocrx_word' id='word_1_40' title='bbox 956 2021 1004 2064; x_wconf 84' lang='lat' dir='ltr'>ad</span> <span class='ocrx_word' id='word_1_41' title='bbox 1026 2020 1240 2076; x_wconf 79' lang='lat' dir='ltr'>parendum</span> <span class='ocrx_word' id='word_1_42' title='bbox 1274 2021 1480 2078; x_wconf 86' lang='lat' dir='ltr'>prudentia</span> <span class='ocrx_word' id='word_1_43' title='bbox 1511 2024 1646 2069; x_wconf 85' lang='lat' dir='ltr'>sufficit</span> <span class='ocrx_word' id='word_1_44' title='bbox 1676 2029 1857 2070; x_wconf 84' lang='lat' dir='ltr'>naturalis</span> <span class='ocrx_word' id='word_1_45' title='bbox 1876 2057 1890 2078; x_wconf 84' lang='lat'>,</span> 
     </span>
     <span class='ocr_line' id='line_1_7' title="bbox 71 2023 1892 2166; baseline 0.001 -38"><span class='ocrx_word' id='word_1_46' title='bbox 71 2023 204 2166; x_wconf 80' lang='lat' dir='ltr'>A</span> <span class='ocrx_word' id='word_1_47' title='bbox 233 2089 352 2128; x_wconf 88' lang='lat' dir='ltr'>immo</span> <span class='ocrx_word' id='word_1_48' title='bbox 376 2087 451 2127; x_wconf 88' lang='lat' dir='ltr'>sola</span> <span class='ocrx_word' id='word_1_49' title='bbox 466 2083 658 2125; x_wconf 87' lang='lat' dir='ltr'>interdum</span> <span class='ocrx_word' id='word_1_50' title='bbox 683 2086 905 2136; x_wconf 84' lang='lat' dir='ltr'>ignorantia.</span> <span class='ocrx_word' id='word_1_51' title='bbox 964 2084 1008 2124; x_wconf 90' lang='lat' dir='ltr'>In</span> <span class='ocrx_word' id='word_1_52' title='bbox 1052 2084 1202 2124; x_wconf 68' lang='lat' dir='ltr'>aedificii</span> <span class='ocrx_word' id='word_1_53' title='bbox 1237 2084 1323 2125; x_wconf 84' lang='lat' dir='ltr'>idea</span> <span class='ocrx_word' id='word_1_54' title='bbox 1354 2087 1549 2139; x_wconf 84' lang='lat' dir='ltr'>ingenium</span> <span class='ocrx_word' id='word_1_55' title='bbox 1579 2097 1822 2139; x_wconf 84' lang='lat' dir='ltr'>occupatur,</span> <span class='ocrx_word' id='word_1_56' title='bbox 1849 2090 1892 2129; x_wconf 88' lang='lat' dir='ltr'>in</span> 
     </span>
    </p>
   </div>
   <div class='ocr_carea' id='block_1_6' title="bbox 66 2143 1890 3206">
    <p class='ocr_par' dir='ltr' id='par_1_6' title="bbox 66 2143 1890 2558">
     <span class='ocr_line' id='line_1_8' title="bbox 235 2143 1890 2200; baseline 0.001 -14"><span class='ocrx_word' id='word_1_57' title='bbox 235 2147 312 2200; x_wconf 81' lang='lat' dir='ltr'>ipsa</span> <span class='ocrx_word' id='word_1_58' title='bbox 340 2146 482 2187; x_wconf 84' lang='lat' dir='ltr'>fabrica</span> <span class='ocrx_word' id='word_1_59' title='bbox 502 2145 648 2184; x_wconf 82' lang='lat' dir='ltr'>laborat</span> <span class='ocrx_word' id='word_1_60' title='bbox 671 2154 819 2188; x_wconf 70' lang='lat' dir='ltr'>manus.</span> <span class='ocrx_word' id='word_1_61' title='bbox 879 2143 1086 2197; x_wconf 85' lang='lat' dir='ltr'>Imperium</span> <span class='ocrx_word' id='word_1_62' title='bbox 1111 2143 1133 2184; x_wconf 71' lang='grc' dir='ltr'>ὲ</span> <span class='ocrx_word' id='word_1_63' title='bbox 1157 2146 1380 2197; x_wconf 79' lang='lat' dir='ltr'>cognitione</span> <span class='ocrx_word' id='word_1_64' title='bbox 1400 2156 1528 2186; x_wconf 85' lang='lat' dir='ltr'>manat</span> <span class='ocrx_word' id='word_1_65' title='bbox 1553 2177 1565 2196; x_wconf 90' lang='lat'>‚</span> <span class='ocrx_word' id='word_1_66' title='bbox 1584 2147 1787 2200; x_wconf 84' lang='lat' dir='ltr'>perspicax</span> <span class='ocrx_word' id='word_1_67' title='bbox 1805 2147 1861 2188; x_wconf 87' lang='lat' dir='ltr'>est</span> <span class='ocrx_word' id='word_1_68' title='bbox 1876 2178 1890 2199; x_wconf 93' lang='lat'>,</span> 
     </span>
     <span class='ocr_line' id='line_1_9' title="bbox 72 2202 1889 2262; baseline 0.001 -15"><span class='ocrx_word' id='word_1_69' title='bbox 72 2206 293 2248; x_wconf 83' lang='lat' dir='ltr'>obedientia</span> <span class='ocrx_word' id='word_1_70' title='bbox 311 2205 415 2246; x_wconf 81' lang='lat' dir='ltr'>rudis</span> <span class='ocrx_word' id='word_1_71' title='bbox 430 2214 473 2244; x_wconf 90' lang='lat' dir='ltr'>ut</span> <span class='ocrx_word' id='word_1_72' title='bbox 490 2205 696 2257; x_wconf 88' lang='lat' dir='ltr'>plurimum</span> <span class='ocrx_word' id='word_1_73' title='bbox 715 2234 727 2253; x_wconf 90' lang='lat'>,</span> <span class='ocrx_word' id='word_1_74' title='bbox 757 2203 794 2244; x_wconf 84' lang='lat'>&amp;</span> <span class='ocrx_word' id='word_1_75' title='bbox 813 2214 929 2245; x_wconf 89' lang='lat' dir='ltr'>coeca.</span> <span class='ocrx_word' id='word_1_76' title='bbox 1009 2202 1114 2244; x_wconf 83' lang='lat' dir='ltr'>Hinc</span> <span class='ocrx_word' id='word_1_77' title='bbox 1136 2215 1187 2245; x_wconf 84' lang='lat' dir='ltr'>ex</span> <span class='ocrx_word' id='word_1_78' title='bbox 1209 2204 1436 2258; x_wconf 83' lang='lat' dir='ltr'>Philosophi</span> <span class='ocrx_word' id='word_1_79' title='bbox 1459 2217 1590 2247; x_wconf 88' lang='lat' dir='ltr'>mente</span> <span class='ocrx_word' id='word_1_80' title='bbox 1612 2237 1624 2256; x_wconf 86' lang='lat'>‚</span> <span class='ocrx_word' id='word_1_81' title='bbox 1656 2206 1744 2262; x_wconf 78' lang='lat' dir='ltr'>(a)</span> <span class='ocrx_word' id='word_1_82' title='bbox 1765 2208 1889 2249; x_wconf 86' lang='lat' dir='ltr'>Domi-</span> 
     </span>
     <span class='ocr_line' id='line_1_10' title="bbox 70 2261 1888 2322; baseline -0.001 -13"><span class='ocrx_word' id='word_1_83' title='bbox 70 2280 138 2309; x_wconf 76' lang='lat' dir='ltr'>nus</span> <span class='ocrx_word' id='word_1_84' title='bbox 158 2275 290 2307; x_wconf 77' lang='lat' dir='ltr'>natura</span> <span class='ocrx_word' id='word_1_85' title='bbox 307 2264 353 2322; x_wconf 75' lang='lat' dir='ltr'>est</span> <span class='ocrx_word' id='word_1_86' title='bbox 368 2296 381 2312; x_wconf 82' lang='lat'>‚</span> <span class='ocrx_word' id='word_1_87' title='bbox 409 2266 471 2319; x_wconf 84' lang='lat' dir='ltr'>qui</span> <span class='ocrx_word' id='word_1_88' title='bbox 488 2264 583 2304; x_wconf 82' lang='lat' dir='ltr'>valet</span> <span class='ocrx_word' id='word_1_89' title='bbox 595 2262 813 2316; x_wconf 73' lang='lat' dir='ltr'>intelligentia</span> <span class='ocrx_word' id='word_1_90' title='bbox 828 2261 1044 2317; x_wconf 57' lang='lat' dir='ltr'>praevidere.</span> <span class='ocrx_word' id='word_1_91' title='bbox 1103 2265 1178 2304; x_wconf 87' lang='lat' dir='ltr'>Alii</span> <span class='ocrx_word' id='word_1_92' title='bbox 1205 2274 1270 2304; x_wconf 88' lang='lat' dir='ltr'>aut</span> <span class='ocrx_word' id='word_1_93' title='bbox 1287 2265 1517 2306; x_wconf 84' lang='lat' dir='ltr'>succeffione</span> <span class='ocrx_word' id='word_1_94' title='bbox 1532 2298 1544 2315; x_wconf 88' lang='lat'>,</span> <span class='ocrx_word' id='word_1_95' title='bbox 1574 2276 1641 2307; x_wconf 88' lang='lat' dir='ltr'>aut</span> <span class='ocrx_word' id='word_1_96' title='bbox 1679 2265 1888 2318; x_wconf 69' lang='lat' dir='ltr'>eleffione,</span> 
     </span>
     <span class='ocr_line' id='line_1_11' title="bbox 73 2322 1890 2379; baseline 0.001 -13"><span class='ocrx_word' id='word_1_97' title='bbox 73 2336 138 2366; x_wconf 84' lang='lat' dir='ltr'>aut</span> <span class='ocrx_word' id='word_1_98' title='bbox 159 2327 221 2376; x_wconf 88' lang='lat' dir='ltr'>vi,</span> <span class='ocrx_word' id='word_1_99' title='bbox 251 2328 289 2366; x_wconf 89' lang='lat' dir='ltr'>in</span> <span class='ocrx_word' id='word_1_100' title='bbox 309 2326 447 2378; x_wconf 88' lang='lat' dir='ltr'>quibus</span> <span class='ocrx_word' id='word_1_101' title='bbox 466 2323 564 2364; x_wconf 88' lang='lat' dir='ltr'>casui</span> <span class='ocrx_word' id='word_1_102' title='bbox 589 2324 699 2362; x_wconf 89' lang='lat' dir='ltr'>locus</span> <span class='ocrx_word' id='word_1_103' title='bbox 716 2322 770 2363; x_wconf 91' lang='lat' dir='ltr'>est</span> <span class='ocrx_word' id='word_1_104' title='bbox 787 2326 918 2375; x_wconf 89' lang='lat' dir='ltr'>potius</span> <span class='ocrx_word' id='word_1_105' title='bbox 935 2354 947 2372; x_wconf 87' lang='lat'>‚</span> <span class='ocrx_word' id='word_1_106' title='bbox 989 2323 1104 2375; x_wconf 67' lang='lat' dir='ltr'>quiam</span> <span class='ocrx_word' id='word_1_107' title='bbox 1131 2325 1280 2364; x_wconf 86' lang='lat' dir='ltr'>rationi.</span> <span class='ocrx_word' id='word_1_108' title='bbox 1359 2325 1492 2379; x_wconf 88' lang='lat' dir='ltr'>Quare</span> <span class='ocrx_word' id='word_1_109' title='bbox 1521 2327 1620 2367; x_wconf 86' lang='lat' dir='ltr'>inter</span> <span class='ocrx_word' id='word_1_110' title='bbox 1645 2327 1805 2379; x_wconf 88' lang='lat' dir='ltr'>politica</span> <span class='ocrx_word' id='word_1_111' title='bbox 1831 2340 1890 2368; x_wconf 86' lang='lat' dir='ltr'>re·</span> 
     </span>
     <span class='ocr_line' id='line_1_12' title="bbox 70 2383 1890 2442; baseline 0.001 -17"><span class='ocrx_word' id='word_1_112' title='bbox 70 2385 210 2438; x_wconf 84' lang='lat' dir='ltr'>gnandi</span> <span class='ocrx_word' id='word_1_113' title='bbox 233 2384 479 2426; x_wconf 85' lang='lat' dir='ltr'>instrumenta</span> <span class='ocrx_word' id='word_1_114' title='bbox 494 2412 510 2434; x_wconf 87' lang='lat'>‚</span> <span class='ocrx_word' id='word_1_115' title='bbox 538 2383 699 2423; x_wconf 85' lang='lat' dir='ltr'>scientiae</span> <span class='ocrx_word' id='word_1_116' title='bbox 720 2395 879 2436; x_wconf 90' lang='lat' dir='ltr'>quoque</span> <span class='ocrx_word' id='word_1_117' title='bbox 909 2383 1164 2428; x_wconf 76' lang='lat' dir='ltr'>recensendae.</span> <span class='ocrx_word' id='word_1_118' title='bbox 1226 2383 1435 2425; x_wconf 84' lang='lat' dir='ltr'>Iustiniano</span> <span class='ocrx_word' id='word_1_119' title='bbox 1464 2386 1515 2426; x_wconf 82' lang='lat' dir='ltr'>fic</span> <span class='ocrx_word' id='word_1_120' title='bbox 1533 2387 1655 2426; x_wconf 87' lang='lat' dir='ltr'>visum</span> <span class='ocrx_word' id='word_1_121' title='bbox 1676 2401 1685 2426; x_wconf 89' lang='lat'>:</span> <span class='ocrx_word' id='word_1_122' title='bbox 1726 2386 1800 2442; x_wconf 74' lang='lat' dir='ltr'>(b)</span> <span class='ocrx_word' id='word_1_123' title='bbox 1819 2388 1890 2428; x_wconf 87' lang='lat' dir='ltr'>Im-</span> 
     </span>
     <span class='ocr_line' id='line_1_13' title="bbox 66 2439 1888 2501; baseline 0.003 -16"><span class='ocrx_word' id='word_1_124' title='bbox 66 2445 281 2500; x_wconf 64' lang='lat' dir='ltr'>per-utorium</span> <span class='ocrx_word' id='word_1_125' title='bbox 300 2442 522 2501; x_wconf 63' lang='lat' dir='ltr'>Majqstatem</span> <span class='ocrx_word' id='word_1_126' title='bbox 542 2473 558 2494; x_wconf 88' lang='lat'><strong><em>,</em></strong></span> <span class='ocrx_word' id='word_1_127' title='bbox 587 2443 709 2495; x_wconf 86' lang='lat' dir='ltr'>inquit</span> <span class='ocrx_word' id='word_1_128' title='bbox 733 2475 748 2494; x_wconf 90' lang='lat'>‚</span> <span class='ocrx_word' id='word_1_129' title='bbox 777 2456 841 2484; x_wconf 78' lang='lat' dir='ltr'>non</span> <span class='ocrx_word' id='word_1_130' title='bbox 851 2439 958 2495; x_wconf 76' lang='lat' dir='ltr'>sblum</span> <span class='ocrx_word' id='word_1_131' title='bbox 983 2475 996 2493; x_wconf 86' lang='lat'>,</span> <span class='ocrx_word' id='word_1_132' title='bbox 1025 2447 1136 2484; x_wconf 81' lang='lat' dir='ltr'>armis</span> <span class='ocrx_word' id='word_1_133' title='bbox 1154 2441 1373 2495; x_wconf 80' lang='lat' dir='ltr'>decoratam,</span> <span class='ocrx_word' id='word_1_134' title='bbox 1389 2444 1459 2501; x_wconf 84' lang='lat' dir='ltr'>sed</span> <span class='ocrx_word' id='word_1_135' title='bbox 1482 2448 1585 2487; x_wconf 73' lang='lat' dir='ltr'>etiam</span> <span class='ocrx_word' id='word_1_136' title='bbox 1607 2447 1735 2500; x_wconf 80' lang='lat' dir='ltr'>legibus</span> <span class='ocrx_word' id='word_1_137' title='bbox 1757 2455 1888 2499; x_wconf 69' lang='lat' dir='ltr'>qportat</span> 
     </span>
     <span class='ocr_line' id='line_1_14' title="bbox 68 2501 1518 2558; baseline -0.001 -13"><span class='ocrx_word' id='word_1_138' title='bbox 68 2501 130 2558; x_wconf 73' lang='lat' dir='ltr'>effi</span> <span class='ocrx_word' id='word_1_139' title='bbox 142 2512 315 2545; x_wconf 80' lang='lat' dir='ltr'><em>armatam</em></span> <span class='ocrx_word' id='word_1_140' title='bbox 331 2535 344 2555; x_wconf 84' lang='grc'>,</span> <span class='ocrx_word' id='word_1_141' title='bbox 373 2512 415 2545; x_wconf 86' lang='lat' dir='ltr'>ut</span> <span class='ocrx_word' id='word_1_142' title='bbox 441 2511 624 2558; x_wconf 78' lang='lat' dir='ltr'>utrumq-ue</span> <span class='ocrx_word' id='word_1_143' title='bbox 643 2510 773 2557; x_wconf 62' lang='lat' dir='ltr'>tempus</span> <span class='ocrx_word' id='word_1_144' title='bbox 791 2502 844 2548; x_wconf 59' lang='grc' dir='ltr'>ἐξ)</span> <span class='ocrx_word' id='word_1_145' title='bbox 866 2502 1024 2543; x_wconf 78' lang='lat' dir='ltr'>hellormn</span> <span class='ocrx_word' id='word_1_146' title='bbox 1047 2502 1099 2549; x_wconf 70' lang='lat'>&amp;⁹</span> <span class='ocrx_word' id='word_1_147' title='bbox 1106 2505 1207 2556; x_wconf 83' lang='lat' dir='ltr'><em>pacis</em></span> <span class='ocrx_word' id='word_1_148' title='bbox 1232 2505 1323 2544; x_wconf 71' lang='grc' dir='ltr'>γεὲῗὲ</span> <span class='ocrx_word' id='word_1_149' title='bbox 1341 2504 1518 2558; x_wconf 74' lang='lat' dir='ltr'>gubernet.</span> 
     </span>
    </p>

    <p class='ocr_par' dir='ltr' id='par_1_7' title="bbox 70 2561 1888 2976">
     <span class='ocr_line' id='line_1_15' title="bbox 187 2561 1888 2618; baseline 0.003 -16"><span class='ocrx_word' id='word_1_150' title='bbox 187 2562 280 2603; x_wconf 92' lang='lat' dir='ltr'>Hoc</span> <span class='ocrx_word' id='word_1_151' title='bbox 297 2565 473 2605; x_wconf 88' lang='lat' dir='ltr'>nimirum</span> <span class='ocrx_word' id='word_1_152' title='bbox 495 2561 866 2616; x_wconf 85' lang='lat' dir='ltr'>praesensEmblema</span> <span class='ocrx_word' id='word_1_153' title='bbox 891 2563 1051 2604; x_wconf 88' lang='lat' dir='ltr'>exhibet</span> <span class='ocrx_word' id='word_1_154' title='bbox 1084 2564 1152 2604; x_wconf 91' lang='lat' dir='ltr'>sub</span> <span class='ocrx_word' id='word_1_155' title='bbox 1169 2562 1287 2618; x_wconf 59' lang='lat' dir='ltr'>figur&amp;</span> <span class='ocrx_word' id='word_1_156' title='bbox 1313 2567 1496 2605; x_wconf 87' lang='lat' dir='ltr'>tormenti</span> <span class='ocrx_word' id='word_1_157' title='bbox 1517 2566 1612 2606; x_wconf 87' lang='lat' dir='ltr'>aenei</span> <span class='ocrx_word' id='word_1_158' title='bbox 1633 2565 1681 2605; x_wconf 83' lang='lat' dir='ltr'>ad</span> <span class='ocrx_word' id='word_1_159' title='bbox 1701 2566 1888 2618; x_wconf 71' lang='lat' dir='ltr'>quadran·</span> 
     </span>
     <span class='ocr_line' id='line_1_16' title="bbox 71 2622 1887 2677; baseline 0.002 -15"><span class='ocrx_word' id='word_1_160' title='bbox 71 2630 151 2662; x_wconf 89' lang='lat' dir='ltr'>tem</span> <span class='ocrx_word' id='word_1_161' title='bbox 171 2622 327 2673; x_wconf 71' lang='lat' dir='ltr'>direffl,</span> <span class='ocrx_word' id='word_1_162' title='bbox 352 2635 396 2664; x_wconf 88' lang='lat' dir='ltr'>ut</span> <span class='ocrx_word' id='word_1_163' title='bbox 412 2625 595 2664; x_wconf 84' lang='lat' dir='ltr'>collineet</span> <span class='ocrx_word' id='word_1_164' title='bbox 627 2623 795 2675; x_wconf 70' lang='lat' dir='ltr'>certius,</span> <span class='ocrx_word' id='word_1_165' title='bbox 827 2624 892 2676; x_wconf 83' lang='lat' dir='ltr'>qui</span> <span class='ocrx_word' id='word_1_166' title='bbox 916 2623 1103 2675; x_wconf 86' lang='lat' dir='ltr'>quadrans</span> <span class='ocrx_word' id='word_1_167' title='bbox 1129 2626 1257 2677; x_wconf 85' lang='lat' dir='ltr'>legum</span> <span class='ocrx_word' id='word_1_168' title='bbox 1292 2624 1328 2665; x_wconf 87' lang='lat'>&amp;</span> <span class='ocrx_word' id='word_1_169' title='bbox 1357 2624 1508 2676; x_wconf 84' lang='lat' dir='ltr'>justitiae</span> <span class='ocrx_word' id='word_1_170' title='bbox 1533 2625 1765 2676; x_wconf 82' lang='lat' dir='ltr'>Symbolum</span> <span class='ocrx_word' id='word_1_171' title='bbox 1797 2624 1887 2674; x_wconf 86' lang='lat' dir='ltr'>est.;</span> 
     </span>
     <span class='ocr_line' id='line_1_17' title="bbox 70 2682 1888 2738; baseline 0.002 -15"><span class='ocrx_word' id='word_1_172' title='bbox 70 2683 156 2723; x_wconf 85' lang='lat' dir='ltr'>haec</span> <span class='ocrx_word' id='word_1_173' title='bbox 176 2684 278 2722; x_wconf 86' lang='lat' dir='ltr'>enim</span> <span class='ocrx_word' id='word_1_174' title='bbox 296 2694 374 2724; x_wconf 84' lang='lat' dir='ltr'>tam</span> <span class='ocrx_word' id='word_1_175' title='bbox 394 2694 533 2736; x_wconf 87' lang='lat' dir='ltr'>pacem</span> <span class='ocrx_word' id='word_1_176' title='bbox 550 2714 564 2733; x_wconf 90' lang='lat'>‚</span> <span class='ocrx_word' id='word_1_177' title='bbox 592 2682 706 2734; x_wconf 54' lang='lat' dir='ltr'>quum</span> <span class='ocrx_word' id='word_1_178' title='bbox 731 2685 876 2724; x_wconf 87' lang='lat' dir='ltr'>bellum</span> <span class='ocrx_word' id='word_1_179' title='bbox 898 2683 1088 2724; x_wconf 86' lang='lat' dir='ltr'>moderari</span> <span class='ocrx_word' id='word_1_180' title='bbox 1117 2684 1168 2724; x_wconf 83' lang='lat' dir='ltr'>fic</span> <span class='ocrx_word' id='word_1_181' title='bbox 1193 2684 1339 2734; x_wconf 84' lang='lat' dir='ltr'>debet,</span> <span class='ocrx_word' id='word_1_182' title='bbox 1370 2694 1414 2724; x_wconf 86' lang='lat' dir='ltr'>ut</span> <span class='ocrx_word' id='word_1_183' title='bbox 1445 2684 1585 2737; x_wconf 89' lang='lat' dir='ltr'>justum</span> <span class='ocrx_word' id='word_1_184' title='bbox 1620 2685 1769 2738; x_wconf 89' lang='lat' dir='ltr'>semper</span> <span class='ocrx_word' id='word_1_185' title='bbox 1798 2696 1888 2727; x_wconf 86' lang='lat' dir='ltr'>ante</span> 
     </span>
     <span class='ocr_line' id='line_1_18' title="bbox 71 2742 1886 2797; baseline 0.003 -16"><span class='ocrx_word' id='word_1_186' title='bbox 71 2744 209 2783; x_wconf 89' lang='lat' dir='ltr'>oculos</span> <span class='ocrx_word' id='word_1_187' title='bbox 239 2742 285 2782; x_wconf 84' lang='lat' dir='ltr'>fit</span> <span class='ocrx_word' id='word_1_188' title='bbox 309 2774 323 2794; x_wconf 91' lang='lat'>‚</span> <span class='ocrx_word' id='word_1_189' title='bbox 353 2753 468 2795; x_wconf 86' lang='lat' dir='ltr'>atque</span> <span class='ocrx_word' id='word_1_190' title='bbox 489 2742 538 2784; x_wconf 85' lang='lat' dir='ltr'>ad</span> <span class='ocrx_word' id='word_1_191' title='bbox 566 2744 721 2784; x_wconf 88' lang='lat' dir='ltr'>rationis</span> <span class='ocrx_word' id='word_1_192' title='bbox 746 2742 905 2797; x_wconf 88' lang='lat' dir='ltr'>scopum</span> <span class='ocrx_word' id='word_1_193' title='bbox 939 2756 1009 2796; x_wconf 89' lang='lat' dir='ltr'>per</span> <span class='ocrx_word' id='word_1_194' title='bbox 1046 2744 1236 2795; x_wconf 83' lang='lat' dir='ltr'>sapientiae</span> <span class='ocrx_word' id='word_1_195' title='bbox 1263 2743 1301 2784; x_wconf 88' lang='lat'>&amp;</span> <span class='ocrx_word' id='word_1_196' title='bbox 1327 2744 1542 2797; x_wconf 86' lang='lat' dir='ltr'>prudentiae</span> <span class='ocrx_word' id='word_1_197' title='bbox 1560 2745 1731 2786; x_wconf 86' lang='lat' dir='ltr'>medium</span> <span class='ocrx_word' id='word_1_198' title='bbox 1756 2748 1886 2787; x_wconf 86' lang='lat' dir='ltr'>omnia</span> 
     </span>
     <span class='ocr_line' id='line_1_19' title="bbox 71 2803 1885 2858; baseline 0.003 -17"><span class='ocrx_word' id='word_1_199' title='bbox 71 2804 294 2845; x_wconf 82' lang='lat' dir='ltr'>collineent.</span> <span class='ocrx_word' id='word_1_200' title='bbox 352 2803 529 2856; x_wconf 86' lang='lat' dir='ltr'>Rogatus</span> <span class='ocrx_word' id='word_1_201' title='bbox 549 2803 692 2844; x_wconf 90' lang='lat' dir='ltr'>idcirco</span> <span class='ocrx_word' id='word_1_202' title='bbox 711 2804 933 2856; x_wconf 89' lang='lat' dir='ltr'>Alphonsus</span> <span class='ocrx_word' id='word_1_203' title='bbox 942 2803 1133 2856; x_wconf 84' lang='lat' dir='ltr'>Neapolis</span> <span class='ocrx_word' id='word_1_204' title='bbox 1152 2804 1190 2844; x_wconf 74' lang='grc' dir='ltr'>δε</span> <span class='ocrx_word' id='word_1_205' title='bbox 1213 2805 1433 2856; x_wconf 84' lang='lat' dir='ltr'>Arragoniae</span> <span class='ocrx_word' id='word_1_206' title='bbox 1454 2817 1544 2855; x_wconf 83' lang='lat' dir='ltr'>rex,</span> <span class='ocrx_word' id='word_1_207' title='bbox 1573 2808 1648 2846; x_wconf 85' lang='lat' dir='ltr'>utri</span> <span class='ocrx_word' id='word_1_208' title='bbox 1662 2807 1748 2858; x_wconf 86' lang='lat' dir='ltr'>plus</span> <span class='ocrx_word' id='word_1_209' title='bbox 1768 2806 1885 2847; x_wconf 90' lang='lat' dir='ltr'>debe-</span> 
     </span>
     <span class='ocr_line' id='line_1_20' title="bbox 70 2861 1885 2922; baseline 0.004 -21"><span class='ocrx_word' id='word_1_210' title='bbox 70 2873 131 2902; x_wconf 88' lang='lat' dir='ltr'>ret</span> <span class='ocrx_word' id='word_1_211' title='bbox 151 2893 164 2912; x_wconf 87' lang='lat'>‚</span> <span class='ocrx_word' id='word_1_212' title='bbox 195 2864 305 2902; x_wconf 84' lang='lat' dir='ltr'>armis</span> <span class='ocrx_word' id='word_1_213' title='bbox 323 2893 336 2913; x_wconf 87' lang='lat'>,</span> <span class='ocrx_word' id='word_1_214' title='bbox 367 2875 415 2903; x_wconf 86' lang='lat' dir='ltr'>an</span> <span class='ocrx_word' id='word_1_215' title='bbox 430 2865 571 2914; x_wconf 63' lang='lat' dir='ltr'>litem,</span> <span class='ocrx_word' id='word_1_216' title='bbox 598 2863 827 2917; x_wconf 75' lang='lat' dir='ltr'>respondisse</span> <span class='ocrx_word' id='word_1_217' title='bbox 850 2862 997 2905; x_wconf 84' lang='lat' dir='ltr'>fertur:</span> <span class='ocrx_word' id='word_1_218' title='bbox 1056 2861 1140 2921; x_wconf 80' lang='lat' dir='ltr'>(c)</span> <span class='ocrx_word' id='word_1_219' title='bbox 1169 2865 1234 2906; x_wconf 81' lang='lat' dir='ltr'>Ex</span> <span class='ocrx_word' id='word_1_220' title='bbox 1258 2864 1356 2906; x_wconf 79' lang='lat' dir='ltr'>libris</span> <span class='ocrx_word' id='word_1_221' title='bbox 1359 2861 1398 2915; x_wconf 59' lang='lat' dir='ltr'>J&amp;</span> <span class='ocrx_word' id='word_1_222' title='bbox 1421 2878 1524 2905; x_wconf 83' lang='lat' dir='ltr'>arma</span> <span class='ocrx_word' id='word_1_223' title='bbox 1552 2864 1605 2910; x_wconf 71' lang='lat'>&amp;9</span> <span class='ocrx_word' id='word_1_224' title='bbox 1633 2880 1809 2910; x_wconf 81' lang='lat' dir='ltr'>armorum</span> <span class='ocrx_word' id='word_1_225' title='bbox 1823 2869 1885 2922; x_wconf 81' lang='lat' dir='ltr'>ju-</span> 
     </span>
     <span class='ocr_line' id='line_1_21' title="bbox 73 2920 295 2976; baseline 0.005 -15"><span class='ocrx_word' id='word_1_226' title='bbox 73 2934 120 2962; x_wconf 84' lang='lat' dir='ltr'>ra</span> <span class='ocrx_word' id='word_1_227' title='bbox 144 2920 295 2976; x_wconf 73' lang='lat' dir='ltr'>didiciffi.</span> 
     </span>
    </p>

    <p class='ocr_par' dir='ltr' id='par_1_8' title="bbox 69 2981 1882 3206">
     <span class='ocr_line' id='line_1_22' title="bbox 182 2981 1882 3038; baseline 0.001 -17"><span class='ocrx_word' id='word_1_228' title='bbox 182 2981 260 3022; x_wconf 88' lang='lat' dir='ltr'>Sed</span> <span class='ocrx_word' id='word_1_229' title='bbox 278 2981 382 3023; x_wconf 79' lang='lat' dir='ltr'>forte</span> <span class='ocrx_word' id='word_1_230' title='bbox 399 2982 587 3023; x_wconf 80' lang='lat' dir='ltr'>existimet</span> <span class='ocrx_word' id='word_1_231' title='bbox 609 2983 740 3036; x_wconf 87' lang='lat' dir='ltr'>aliquis</span> <span class='ocrx_word' id='word_1_232' title='bbox 761 3014 774 3034; x_wconf 89' lang='lat'>,</span> <span class='ocrx_word' id='word_1_233' title='bbox 800 2983 884 3024; x_wconf 85' lang='lat' dir='ltr'>haec</span> <span class='ocrx_word' id='word_1_234' title='bbox 910 2983 1104 3024; x_wconf 86' lang='lat' dir='ltr'>literarum</span> <span class='ocrx_word' id='word_1_235' title='bbox 1126 2993 1350 3025; x_wconf 84' lang='lat' dir='ltr'>ornamenta</span> <span class='ocrx_word' id='word_1_236' title='bbox 1363 2984 1432 3038; x_wconf 79' lang='lat' dir='ltr'>ipsi</span> <span class='ocrx_word' id='word_1_237' title='bbox 1448 2984 1754 3038; x_wconf 82' lang='lat' dir='ltr'>Reip.corpori‚</span> <span class='ocrx_word' id='word_1_238' title='bbox 1773 2984 1882 3037; x_wconf 89' lang='lat' dir='ltr'>quod</span> 
     </span>
     <span class='ocr_line' id='line_1_23' title="bbox 69 3038 1881 3098; baseline 0.002 -18"><span class='ocrx_word' id='word_1_239' title='bbox 69 3038 281 3092; x_wconf 87' lang='lat' dir='ltr'>Majestatis</span> <span class='ocrx_word' id='word_1_240' title='bbox 299 3045 457 3083; x_wconf 90' lang='lat' dir='ltr'>nomine</span> <span class='ocrx_word' id='word_1_241' title='bbox 490 3042 644 3083; x_wconf 87' lang='lat' dir='ltr'>videtur</span> <span class='ocrx_word' id='word_1_242' title='bbox 667 3045 844 3098; x_wconf 85' lang='lat' dir='ltr'>intelligi,</span> <span class='ocrx_word' id='word_1_243' title='bbox 863 3045 1075 3085; x_wconf 89' lang='lat' dir='ltr'>convenire</span> <span class='ocrx_word' id='word_1_244' title='bbox 1101 3046 1218 3097; x_wconf 85' lang='lat' dir='ltr'>magis</span> <span class='ocrx_word' id='word_1_245' title='bbox 1243 3075 1257 3095; x_wconf 83' lang='lat'>‚</span> <span class='ocrx_word' id='word_1_246' title='bbox 1286 3044 1400 3096; x_wconf 51' lang='lat' dir='ltr'>quum</span> <span class='ocrx_word' id='word_1_247' title='bbox 1432 3045 1596 3097; x_wconf 88' lang='lat' dir='ltr'>Principi</span> <span class='ocrx_word' id='word_1_248' title='bbox 1624 3076 1638 3097; x_wconf 81' lang='grc'>,</span> <span class='ocrx_word' id='word_1_249' title='bbox 1670 3047 1734 3098; x_wconf 89' lang='lat' dir='ltr'>qui</span> <span class='ocrx_word' id='word_1_250' title='bbox 1755 3045 1881 3097; x_wconf 85' lang='lat' dir='ltr'>publi-</span> 
     </span>
     <span class='ocr_line' id='line_1_24' title="bbox 71 3100 1881 3158; baseline 0.003 -20"><span class='ocrx_word' id='word_1_251' title='bbox 71 3100 125 3139; x_wconf 89' lang='lat' dir='ltr'>cis</span> <span class='ocrx_word' id='word_1_252' title='bbox 149 3100 331 3144; x_wconf 86' lang='lat' dir='ltr'>distentus</span> <span class='ocrx_word' id='word_1_253' title='bbox 356 3105 454 3145; x_wconf 83' lang='lat' dir='ltr'>curis</span> <span class='ocrx_word' id='word_1_254' title='bbox 474 3105 591 3144; x_wconf 87' lang='lat' dir='ltr'>literis</span> <span class='ocrx_word' id='word_1_255' title='bbox 611 3115 770 3156; x_wconf 88' lang='lat' dir='ltr'>operam</span> <span class='ocrx_word' id='word_1_256' title='bbox 793 3115 936 3145; x_wconf 83' lang='lat' dir='ltr'>navare</span> <span class='ocrx_word' id='word_1_257' title='bbox 956 3116 1038 3145; x_wconf 88' lang='lat' dir='ltr'>non</span> <span class='ocrx_word' id='word_1_258' title='bbox 1056 3103 1208 3158; x_wconf 81' lang='lat' dir='ltr'>potest3</span> <span class='ocrx_word' id='word_1_259' title='bbox 1239 3104 1277 3145; x_wconf 89' lang='lat'>&amp;</span> <span class='ocrx_word' id='word_1_260' title='bbox 1292 3104 1376 3146; x_wconf 86' lang='lat' dir='ltr'>satis</span> <span class='ocrx_word' id='word_1_261' title='bbox 1393 3105 1480 3146; x_wconf 85' lang='lat' dir='ltr'>fote</span> <span class='ocrx_word' id='word_1_262' title='bbox 1503 3104 1550 3145; x_wconf 88' lang='lat' dir='ltr'>ad</span> <span class='ocrx_word' id='word_1_263' title='bbox 1572 3106 1671 3153; x_wconf 80' lang='lat' dir='ltr'>hoc,</span> <span class='ocrx_word' id='word_1_264' title='bbox 1704 3113 1747 3144; x_wconf 88' lang='lat' dir='ltr'>ut</span> <span class='ocrx_word' id='word_1_265' title='bbox 1765 3105 1881 3145; x_wconf 86' lang='lat' dir='ltr'>scien-</span> 
     </span>
     <span class='ocr_line' id='line_1_25' title="bbox 933 3164 1882 3206; baseline -0.002 0"><span class='ocrx_word' id='word_1_266' title='bbox 933 3164 976 3205; x_wconf 93' lang='lat' dir='ltr'>D</span> <span class='ocrx_word' id='word_1_267' title='bbox 1006 3176 1034 3206; x_wconf 89' lang='lat'><strong>2</strong></span> <span class='ocrx_word' id='word_1_268' title='bbox 1818 3165 1882 3204; x_wconf 78' lang='lat' dir='ltr'>tiae</span> 
     </span>
    </p>
   </div>
   <div class='ocr_carea' id='block_1_7' title="bbox 78 3224 332 3234">
    <p class='ocr_par' dir='ltr' id='par_1_9' title="bbox 78 3224 332 3234">
     <span class='ocr_line' id='line_1_26' title="bbox 78 3224 332 3234; baseline 0 496"><span class='ocrx_word' id='word_1_269' title='bbox 78 3224 332 3234; x_wconf 95' lang='lat' dir='ltr'> </span> 
     </span>
    </p>
   </div>
   <div class='ocr_carea' id='block_1_8' title="bbox 338 3228 581 3236">
    <p class='ocr_par' dir='ltr' id='par_1_10' title="bbox 338 3228 581 3236">
     <span class='ocr_line' id='line_1_27' title="bbox 338 3228 581 3236; baseline 0 494"><span class='ocrx_word' id='word_1_270' title='bbox 338 3228 581 3236; x_wconf 95' lang='lat' dir='ltr'> </span> 
     </span>
    </p>
   </div>
   <div class='ocr_carea' id='block_1_9' title="bbox 591 3227 846 3236">
    <p class='ocr_par' dir='ltr' id='par_1_11' title="bbox 591 3227 846 3236">
     <span class='ocr_line' id='line_1_28' title="bbox 591 3227 846 3236; baseline 0 494"><span class='ocrx_word' id='word_1_271' title='bbox 591 3227 846 3236; x_wconf 95' lang='lat' dir='ltr'> </span> 
     </span>
    </p>
   </div>
   <div class='ocr_carea' id='block_1_10' title="bbox 848 3228 1106 3236">
    <p class='ocr_par' dir='ltr' id='par_1_12' title="bbox 848 3228 1106 3236">
     <span class='ocr_line' id='line_1_29' title="bbox 848 3228 1106 3236; baseline 0 0"><span class='ocrx_word' id='word_1_272' title='bbox 848 3228 1106 3236; x_wconf 95' lang='lat' dir='ltr'> </span> 
     </span>
    </p>
   </div>
   <div class='ocr_carea' id='block_1_11' title="bbox 1113 3228 1364 3237">
    <p class='ocr_par' dir='ltr' id='par_1_13' title="bbox 1113 3228 1364 3237">
     <span class='ocr_line' id='line_1_30' title="bbox 1113 3228 1364 3237; baseline 0 493"><span class='ocrx_word' id='word_1_273' title='bbox 1113 3228 1364 3237; x_wconf 95' lang='lat' dir='ltr'> </span> 
     </span>
    </p>
   </div>
   <div class='ocr_carea' id='block_1_12' title="bbox 166 3258 1559 3311">
    <p class='ocr_par' dir='ltr' id='par_1_14' title="bbox 166 3258 1559 3311">
     <span class='ocr_line' id='line_1_31' title="bbox 166 3258 1559 3311; baseline -0.001 -13"><span class='ocrx_word' id='word_1_274' title='bbox 166 3258 224 3305; x_wconf 83' lang='lat' dir='ltr'>(a)</span> <span class='ocrx_word' id='word_1_275' title='bbox 251 3258 353 3298; x_wconf 82' lang='lat' dir='ltr'>Arist.</span> <span class='ocrx_word' id='word_1_276' title='bbox 374 3259 398 3297; x_wconf 91' lang='lat'>1.</span> <span class='ocrx_word' id='word_1_277' title='bbox 421 3273 452 3307; x_wconf 84' lang='lat'>3.</span> <span class='ocrx_word' id='word_1_278' title='bbox 468 3259 640 3310; x_wconf 71' lang='lat' dir='ltr'>ppl.{cap.</span> <span class='ocrx_word' id='word_1_279' title='bbox 664 3271 695 3298; x_wconf 88' lang='lat'>1.</span> <span class='ocrx_word' id='word_1_280' title='bbox 749 3260 810 3308; x_wconf 85' lang='lat' dir='ltr'>(b)</span> <span class='ocrx_word' id='word_1_281' title='bbox 836 3261 878 3299; x_wconf 87' lang='lat' dir='ltr'>In</span> <span class='ocrx_word' id='word_1_282' title='bbox 899 3273 1029 3311; x_wconf 83' lang='lat' dir='ltr'>proem.</span> <span class='ocrx_word' id='word_1_283' title='bbox 1048 3260 1157 3300; x_wconf 62' lang='lat' dir='ltr'>lustin</span> <span class='ocrx_word' id='word_1_284' title='bbox 1211 3262 1270 3311; x_wconf 82' lang='lat' dir='ltr'>(c)</span> <span class='ocrx_word' id='word_1_285' title='bbox 1298 3263 1465 3304; x_wconf 72' lang='lat' dir='ltr'>Panorm,</span> <span class='ocrx_word' id='word_1_286' title='bbox 1485 3261 1507 3299; x_wconf 79' lang='lat'>1,</span> <span class='ocrx_word' id='word_1_287' title='bbox 1523 3275 1559 3303; x_wconf 69' lang='lat'>4„</span> 
     </span>
    </p>
   </div>
  </div>
 </body>
</html>
