2132 3730
187 315 277 360 404
639 299 993 343 DIDACI
1046 298 1587 348 SAAVEDRAE.

361 460 383 470 -
418 459 440 470 -
477 455 494 463 -
523 426 611 491 (a)
642 424 822 480 Dulcis
830 424 941 494 stne
961 424 1168 498 pulvere
1188 430 1376 498 palma.

183 540 351 583 Romani
369 552 442 592 pro
469 538 643 580 victoriis
666 542 834 580 cruentis
843 538 999 582 Gallum
1023 540 1112 582 Diis
1132 541 1415 594 sacrificabant,
1443 546 1593 587 bovem
1617 543 1716 586 vero
1734 544 1889 597 proiis,
1912 556 2007 598 quas

183 614 241 641 ars
268 598 503 641 &industria
527 609 745 653 pepererat.
810 599 851 640 Si
866 602 1023 655 ingenio
1042 602 1090 641 ad
1117 602 1196 643 Dei
1227 602 1447 643 accedimus
1472 604 1782 654 similitudinem,
1810 607 1912 646 vires
1942 616 2008 644 au·-

182 671 262 701 tem
289 672 516 710 communes
542 660 733 700 habemus
752 672 842 700 cum
874 661 1032 710 belluis,
1062 661 1265 714 gloriosius
1297 664 1434 715 utique
1458 665 1531 703 erit
1552 663 1619 704 illo
1653 664 1805 706 hostem
1828 666 2007 714 vincere,

179 733 225 760 ac
247 718 335 761 istis.
397 720 472 773 (h)
501 718 642 760 Laetior
669 729 751 760 erat
779 720 964 771 Tiberius,
993 724 1077 775 qum
1092 731 1215 774 pacem
1237 719 1412 774 stipientia
1434 720 1657 775 firmaverat
1670 754 1683 772 ,
1711 727 1813 778 quiam
1831 725 1868 777 fi
1891 724 2010 763 bellum

171 790 241 833 per
255 783 344 821 acies
364 776 556 832 wlfecffis·
615 779 742 832 Ingens
758 781 917 821 vitioriae
941 781 1042 820 decos
1074 781 1268 834 Agricolae
1295 781 1370 834 (c)
1399 785 1492 822 citra
1508 782 1703 822 Romanum
1719 780 1916 834 fhnguinem
1941 782 2009 822 bel-

177 841 267 881 lanti
281 870 295 891 ,
326 839 364 881 &
388 840 591 880 Romanos
611 839 798 879 vincenti.
861 840 987 893 Qubd
1001 839 1030 880 fi
1053 840 1219 881 victoria
1232 841 1568 883 conservationem
1595 841 1635 881 &
1655 852 1902 895 augmentum
1918 843 2010 882 Rei-

176 901 276 953 pub.
314 910 358 940 ut
388 899 507 940 finem
527 910 607 950 prae
635 900 759 940 ocufis
784 899 926 951 habet,
952 901 1091 941 melius
1109 899 1375 955 stratagemate
1390 910 1456 941 aut
1479 903 1747 954 negotiatione
1769 903 1800 941 is
1817 902 2008 941 obtinebi-

176 969 265 1011 tur,
296 971 411 1013 quam
433 959 556 998 armis.
618 958 740 999 Pluris
765 961 847 999 vita
862 963 978 1001 unius
995 961 1093 1001 civis
1110 960 1283 1002 aestimari
1301 960 1443 1011 debet,
1474 960 1589 1013 quam
1604 963 1819 1002 inultorum
1841 960 2009 1002 hostium

174 1021 370 1060 interitus:
398 1018 503 1059 unde
525 1017 749 1069 Scipionem
771 1017 998 1062 Africanum
1015 1018 1146 1061 dicere
1163 1023 1316 1062 solitum
1334 1022 1576 1073 accepimus,
1607 1020 1749 1073 moises}
1764 1034 1868 1062 uniam
1877 1017 2008 1072 ,βψωα-

172 1094 214 1121 re
247 1083 380 1129 civem,
411 1081 516 1133 quom
546 1080 630 1119 millo
659 1079 768 1134 histes
800 1081 957 1121 occidere.
1017 1081 1174 1135 Quibus
1203 1080 1335 1122 verbis
1365 1079 1502 1133 postea
1527 1091 1708 1134 tanquam
1736 1081 1914 1132 symbolo
1941 1081 2010 1121 suo

172 1139 260 1179 usus
281 1138 355 1179 fuit
368 1138 529 1179 Marcus
556 1139 751 1180 Antonius
775 1139 865 1181 Pius
881 1141 1122 1194 Imperator,
1154 1140 1193 1182 ὅτι
1208 1140 1315 1182 recte
1336 1141 1376 1181 id
1396 1140 1572 1195 quidem:
1602 1154 1694 1183 nam
1718 1141 1874 1184 hostem
1899 1141 2010 1197 [upe-

173 1210 258 1239 rare
272 1198 398 1239 Ducis
414 1198 584 1240 militaris
612 1197 668 1240 est
681 1201 879 1253 ¹¹officium:
908 1202 1063 1242 servare
1101 1202 1200 1243 verb
1236 1203 1389 1252 civem,
1421 1201 1542 1242 Patris
1578 1202 1725 1242 Patriae.
1785 1200 1887 1241 Non
1902 1197 2009 1240 'istud

172 1257 439 1300 considerabat
464 1259 646 1300 Vitellius
663 1261 899 1313 Imperator,
929 1261 1019 1302 eum
1043 1261 1206 1302 devicto
1237 1261 1404 1303 Othone
1428 1274 1499 1316 per
1532 1262 1716 1303 caesorum
1739 1261 1922 1303 transiens
1946 1272 2007 1299 ca-

172 1318 316 1359 davera
337 1319 507 1370 diceret,
531 1327 664 1372 gratiis
685 1320 767 1361 odor
804 1321 1060 1363 trucidatorum
1080 1320 1223 1375 hcstimn
1239 1352 1253 1372 ‚
1281 1325 1423 1374 gratior
1453 1331 1567 1362 tamen
1597 1323 1735 1363 civium.
1795 1322 2007 1362 Inhumana

169 1378 285 1431 plane
302 1390 407 1429 vox,
438 1391 524 1432 quae
547 1391 600 1419 ne
622 1382 818 1420 vulturem
837 1381 995 1433 quidem
1014 1382 1186 1426 deceret.
1247 1383 1372 1423 Aliter
1391 1380 1593 1422 Hinii‘lcon
1619 1381 1782 1423 affectus
1808 1382 1908 1430 fuit,
1939 1380 2006 1432 qui

169 1440 262 1480 licet
282 1450 437 1492 magnas
449 1441 489 1479 in
506 1438 633 1480 Sicilia
653 1439 881 1482 obtinuisset
900 1440 1108 1489 victorias,
1137 1441 1227 1492 quia
1245 1449 1376 1481 tamen
1396 1441 1536 1481 milites
1559 1453 1676 1492 quain
1701 1443 1889 1494 plurimos
1911 1439 2008 1478 defi-

171 1498 330 1538 derabat
344 1526 358 1548 ,
387 1510 488 1551 quos
506 1500 589 1537 lues
607 1499 646 1538 in
671 1498 799 1539 castris
818 1497 1016 1539 sustulerat
1029 1531 1042 1548 ,
1074 1499 1351 1551 Carthaginem
1368 1511 1451 1539 non
1467 1500 1707 1550 triumphans
1720 1498 1900 1552 ingressus
1915 1497 2004 1547 fuit,

169 1557 237 1599 sed
262 1555 405 1610 puliata
422 1556 580 1597 indutus
604 1556 735 1605 veste,
765 1556 807 1611 dt
828 1556 973 1596 ainictu
992 1559 1175 1608 mancipii
1191 1559 1378 1609 proprio,
1409 1559 1515 1597 suam
1542 1557 1684 1598 deinde
1701 1559 1863 1599 domum
1895 1569 2006 1610 repe-

169 1627 281 1666 tenS,
311 1615 349 1656 &
370 1616 514 1657 nemini
530 1616 739 1667 quicquam
762 1616 942 1665 locutus,
970 1615 1133 1668 sibiipsi
1159 1627 1300 1656 necem
1329 1616 1532 1656 conscivit.
1575 1616 1751 1658 Victoria
1773 1626 1930 1659 cruenta
1947 1630 2005 1657 ar-

170 1681 244 1722 dor
267 1674 425 1729 quidam
451 1673 633 1716 vindictae
652 1673 808 1715 videtur
843 1673 920 1715 esse
941 1673 1100 1727 potitis,
1130 1673 1246 1727 quam
1273 1674 1514 1716 fortitudinis
1545 1674 1708 1717 facinus.
1769 1677 1859 1718 Plus
1890 1679 1929 1718 in
1952 1689 1999 1718 ea

167 1736 353 1780 ferocitas
384 1735 561 1784 obtinet,
592 1745 709 1787 quam
740 1735 851 1775 ratio.
914 1732 1146 1775 Ludovicus
1170 1734 1448 1776 Duodecimus
1485 1734 1655 1776 Franciae
1686 1738 1795 1787 Rex,
1827 1750 1917 1778 cum
1944 1737 2001 1776 in-

168 1794 371 1839 tellexiffet
397 1796 609 1836 exercitum
641 1794 750 1835 suum
769 1797 808 1834 in
831 1795 969 1847 proelio
984 1793 1034 1835 ad
1048 1795 1279 1836 Ravennam
1297 1795 1347 1835 de
1365 1793 1478 1836 hoste
1499 1796 1769 1849 triumphasse,
1793 1798 1923 1837 multis
1943 1806 1999 1836 ta-

167 1869 261 1900 men
294 1856 427 1897 amissis
461 1854 643 1895 Ducibus
668 1854 706 1895 ὅτ.
738 1855 946 1905 militibus,
977 1857 1097 1897 altum
1123 1854 1308 1908 suspirans
1333 1854 1469 1897 dixisse
1497 1853 1646 1904 fertur3
1680 1858 1716 1897 O
1739 1858 2004 1909 utinamprcolio

168 1919 288 1959 vitius
309 1912 573 1969 potiusfhg‘ffem
587 1944 602 1965 ,
631 1914 683 1960 &³
700 1917 816 1967 optimi
835 1918 899 1955 mei
929 1915 1051 1956 Duces
1069 1918 1253 1956 etiamnum
1281 1916 1472 1956 viverent!
1507 1916 1681 1958 Wfflorias
1711 1916 1869 1970 ejusmodi
1901 1917 2004 1957 Deus

168 1977 319 2032 hostibus
338 1978 419 2016 meis
433 1977 638 2028 largiatur,
668 1976 705 2015 in
729 1975 855 2029 quihus
871 1976 990 2015 vibius
1007 1975 1130 2016 evadit
1157 1977 1275 2016 vietor
1291 2005 1303 2024 ,
1333 1975 1448 2016 victor
1472 1983 1588 2016 autem
1611 1978 1730 2017 vitius
1760 1977 1846 2017 abit.
1905 1975 2004 2017 Eam

171 2038 228 2079 ob
253 2036 402 2078 causam
426 2035 521 2076 boni
554 2033 847 2087 prudentesque
876 2034 1043 2084 Duces,
1073 2044 1262 2088 quantum
1284 2033 1369 2075 fieri
1400 2032 1559 2087 potest,
1589 2048 1695 2076 aci-es
1730 2034 1934 2076 conflictus
1961 2035 2001 2076 δι

172 2098 488 2150 oppugnationes
516 2092 593 2149 (α’)
623 2094 827 2142 devitant,
857 2094 1070 2146 maJ'orique
1101 2094 1171 2135 sibi
1188 2093 1336 2135 ducunt
1363 2094 1526 2145 honori,
1556 2094 1585 2135 si
1609 2097 1795 2145 efficiant,
1821 2106 1864 2135 ut
1883 2094 2003 2136 hostis

172 2157 277 2198 ultrb
300 2156 337 2197 se
356 2154 493 2204 dedat,
524 2165 639 2206 quam
658 2153 689 2195 si
707 2155 856 2194 viribus
883 2153 923 2194 δι
953 2157 1066 2195 armis
1101 2154 1271 2195 eundem
1308 2154 1500 2206 superent.
1559 2153 1731 2208 Magnus
1752 2156 1846 2195 Dux
1862 2157 2000 2197 urbem

173 2218 347 2269 Cajetam
373 2216 487 2256 certis
514 2212 637 2268 pastis
668 2213 707 2254 &
741 2213 1033 2255 conditionibus
1063 2215 1103 2254 in
1127 2214 1231 2255 suam
1259 2212 1462 2267 redegerat
1480 2214 1737 2267 potestatem,
1770 2216 1809 2255 δε
1829 2225 2000 2255 autuma-

172 2279 268 2320 bant
290 2277 465 2318 nonnulli
480 2276 594 2316 satius
619 2273 795 2315 futurum
815 2273 946 2324 fuisse,
976 2273 1005 2314 fi
1021 2284 1205 2327 tanquam
1223 2276 1262 2315 in
1279 2286 1421 2326 campo
1438 2274 1584 2324 victor,
1614 2278 1656 2316 vi
1672 2286 1815 2316 armata
1835 2275 1999 2317 eandem

173 2335 422 2390 occupass'et,
446 2335 613 2376 detentis
636 2336 674 2375 in
696 2336 924 2387 captivitate
942 2334 1149 2384 Ducibus,
1176 2337 1242 2387 qui
1273 2334 1350 2377 illic
1376 2344 1503 2382 erant,
1535 2335 1588 2375 ob
1630 2335 1766 2376 damna
1789 2336 1998 2385 videlicet,

175 2410 261 2451 quae
276 2396 406 2438 facere
430 2397 484 2436 illi
502 2393 657 2448 possent
689 2394 717 2435 si
741 2394 853 2435 liberi
879 2394 1186 2441 dimitterentur-3
1218 2391 1298 2446 ipse
1329 2392 1427 2433 verb
1454 2393 1651 2446 respondit
1659 2408 1671 2442 ,-
1701 2395 1793 2434 Plus
1819 2397 1855 2434 in
1871 2395 2000 2449 pulvo->

174 2471 247 2499 rem
258 2459 421 2510 pyrium,
448 2454 588 2507 glandes
602 2483 615 2503 ,
645 2453 697 2498 639
717 2461 962 2495 tormentormn
977 2453 1090 2505 globos
1115 2451 1371 2505 inspendemlum
1384 2449 1506 2504 fiiiffet
1520 2482 1533 2502 ,
1560 2467 1664 2507 quam
1694 2455 1884 2505 pericolum
1906 2452 2002 2509 istud

174 2524 375 2563 mereretur.
455 2514 620 2567 Egregia
646 2511 840 2554 fortitudo
867 2512 947 2562 est,
978 2524 1064 2564 quae
1096 2513 1238 2552 minori
1262 2511 1451 2565 sanguinis
1471 2509 1646 2565 impensa
1681 2513 1729 2553 ad
1758 2513 1998 2555 deditionem

174 2577 398 2630 compellit3
430 2573 469 2616 <St
491 2574 638 2614 bellum
663 2571 779 2624 felix,
809 2572 916 2625 quod
949 2571 1166 2613 miserando
1188 2572 1229 2613 &
1254 2571 1491 2626 ignoscendo
1523 2569 1603 2629 (e)
1634 2572 1860 2625 transigitur.
1891 2572 1993 2628 (f)

175 2637 327 2696 Quanta
340 2636 543 2689 pervicacia
563 2635 598 2673 in
620 2631 762 2686 histem,
793 2641 896 2674 tanta
913 2631 1132 2686 beneficentia
1155 2629 1496 2684 aslverfidsstqvplices
1516 2633 1687 2673 mendum.
1746 2632 1894 2674 isthanc
1919 2636 1998 2674 ani-

175 2699 232 2740 mi
248 2696 544 2751 generositatem
560 2694 633 2734 hac
648 2693 775 2734 nostra
795 2702 907 2734 aetate
923 2694 992 2732 vix
1013 2693 1182 2745 usurpari
1214 2692 1418 2741 videmus,
1450 2693 1605 2744 quando
1625 2693 1744 2746 magis
1765 2693 1815 2733 ad
1838 2695 1998 2747 explen-

177 2758 268 2798 dam
283 2760 375 2798 iram
388 2787 401 2807 ,
432 2754 547 2810 quam
563 2753 612 2794 'ad
632 2752 902 2794 fortitudinem
920 2751 1199 2801 exercendam,
1229 2754 1349 2805 magis
1375 2752 1422 2791 ad
1441 2750 1688 2802 vastandum,
1721 2753 1834 2804 quam
1856 2754 1905 2794 ad
1914 2756 1999 2794 vin⁸

178 2817 348 2859 cendum
371 2818 482 2859 armis
500 2815 753 2855 concurritur.
814 2811 904 2869 (g)
946 2812 1016 2854 Ubi
1037 2813 1196 2853 urbibus
1223 2811 1386 2861 exustis,
1417 2811 1570 2852 vastatis
1598 2813 1834 2863 Provinciis,
1862 2815 1995 2855 incen-

176 2877 227 2922 sis
240 2877 484 2930 spoliatisque
500 2876 616 2928 agris,
644 2883 687 2913 ut
706 2877 745 2914 in
764 2872 973 2914 Germania
995 2873 1033 2914 δε
1049 2873 1267 2926 Burgundia
1298 2871 1381 2912 fieri
1404 2874 1614 2922 cernimus,
1630 2871 1840 2924 fiilitudlnem
1855 2871 1998 2927 facium*

179 2937 309 2979 Pacem
334 2936 517 2988 appellant,
579 2933 618 2973 O
638 2934 821 2974 saevitiem
839 2934 1058 2984 barbaram,
1089 2933 1129 2973 &
1147 2933 1194 2972 ab
1214 2934 1321 2973 omni
1347 2934 1495 2972 ratione
1514 2935 1678 2973 humana
1708 2934 1888 2982 alienam,
1910 2934 1997 2985 ipsi-

180 3006 264 3039 met
282 2995 445 3038 Naturae
462 2993 606 3035 bellum
628 2993 791 3044 inferre,
822 2994 1029 3045 eidemque
1060 2995 1209 3045 eripere
1225 2993 1372 3042 media,
1402 2994 1541 3045 quibus
1568 3005 1641 3034 nos
1655 2991 1778 3033 alitae
1793 2991 1992 3033 sustentat-l

180 3056 312 3099 Etiam
328 3057 484 3098 arbores
501 3054 659 3094 urbibus
676 3054 880 3095 obsidione
901 3053 1035 3094 cinctis
1049 3054 1245 3106 proximas
1263 3052 1405 3094 succidi
1434 3062 1570 3094 vetant
1601 3053 1712 3094 sacrae
1733 3054 1879 3106 paginae
1907 3055 1996 3106 quia

1953 3115 1996 3154 li-

281 3235 339 3280 (a)
363 3234 492 3274 Horat,
543 3232 605 3276 (b)
626 3227 743 3268 Tacit.
765 3227 789 3267 l.
812 3244 848 3267 2.
864 3230 996 3266 Annal.
1047 3227 1112 3277 (c)
1137 3228 1243 3266 Tacit
1264 3229 1301 3265 in
1327 3228 1405 3265 vita
1432 3227 1556 3277 Agric.
1606 3227 1666 3273 (d)
1691 3230 1791 3262 Dare
1817 3225 1857 3262 in
1875 3224 1914 3262 di
1927 3226 1994 3263 cri-

184 3294 265 3322 men
286 3282 431 3336 legiones
447 3282 547 3321 haud
562 3282 828 3336 Imperatorium
848 3292 953 3320 ratus
967 3309 976 3323 ,
1004 3280 1121 3319 Tacit.
1154 3281 1217 3318 lib.
1242 3296 1275 3319 2.
1295 3281 1425 3318 Annal.
1481 3284 1538 3340 (e)
1551 3277 1729 3338 ‘Bellorum
1742 3278 1993 3338 ‘’greg‘'ffljfimj‘

184 3334 524 3442 {amigrsignffimdi
535 3334 778 3391 trasfigatur.
803 3334 909 3375 Tacit
931 3335 993 3373 lib.
1024 3345 1080 3375 12.
1097 3334 1228 3371 Annal.
1284 3333 1352 3384 (f)
1379 3335 1478 3370 Idem
1509 3331 1597 3370 ibid.
1650 3331 1719 3381 (g)
1744 3332 1862 3371 Tacit.
1882 3342 1919 3368 in
1938 3343 1991 3370 vr*
