2132 3730
191 316 283 364 412
641 297 980 341 DIDACI
1044 297 1579 341 SAAVEDRAE

712 359 1978 373 —m———ffl———ffl———Q

191 389 317 431 Etiam
335 380 514 426 conclusa
518 383 594 434 jam
603 394 716 434 pace,
731 394 809 422 non
824 384 1146 422 omnisarmorum
1162 393 1250 421 cura
1271 381 1499 434 deponenda
1521 383 1591 422 est:
1621 391 1707 422 nam
1717 381 1793 435 (a)
1814 379 1850 421 in
1872 381 1977 422 viera-

189 462 245 488 res
262 448 438 498 vastosque
462 455 636 496 nunquam
643 439 752 493 fhlida
761 438 852 496 fides
869 438 1024 492 coalrfi'it.
1084 439 1178 480 Uno
1201 441 1418 494 eodemque
1438 442 1499 483 die
1516 442 1563 482 ad
1584 441 1753 482 Casalum
1776 440 1907 493 saepius
1937 440 1980 482 fi.

190 508 278 548 dem
297 502 437 544 dediffe
460 501 686 559 fregiffeque
705 499 872 542 Francos
906 499 1099 550 vidimus,
1124 499 1163 540 &
1190 500 1335 542 abusos,
1356 500 1464 542 fuifl‘e
1495 503 1748 554 benignitate,
1777 498 1851 553 qua
1875 499 1980 540 Mar·

188 568 277 605 chio
308 563 356 602 de
377 560 514 602 Sanffta
536 561 662 600 Cruce
680 561 861 613 insignem
885 560 1055 599 vic'toriae
1074 556 1081 559 ”
1092 560 1278 611 gloriam,
1307 567 1421 611 quam
1451 562 1540 601 sstus
1561 555 1722 610 melior,
1751 560 1789 601 &
1819 560 1980 611 majores

186 626 309 677 copiae
335 632 443 662 certo
466 622 516 660 illi
531 621 812 672 pollicebantur
826 650 838 670 ,
863 621 1097 667 declinavit,
1128 628 1170 658 ut
1187 630 1323 671 pacem
1346 618 1459 658 Italiae
1482 621 1669 661 redderet.

353 682 389 734 §.
420 681 462 720 In
484 679 676 720 tractanda
699 692 796 732 pace
819 692 899 721 non
931 677 1054 719 minus
1081 679 1195 718 animi
1214 679 1391 719 libertate
1409 691 1509 731 opus
1532 678 1622 727 est,'
1640 693 1682 719 ac
1703 680 1741 719 in
1757 677 1860 718 bello
1877 677 1982 717 susci-2

185 741 329 794 piendo
352 739 613 794 gerendoque.
675 739 756 792 Qui
774 741 811 779 in
830 738 1040 779 istiusmodi
1059 737 1281 778 tractatibus
1301 739 1460 779 nimium
1482 738 1555 778 suae
1588 738 1770 778 studuerit
1799 736 1982 777 existima-

185 802 279 840 tioni
299 833 311 850 ‚
342 801 380 841 ὅτ
398 799 545 840 hostem
566 799 714 839 calamo
735 811 816 839 non
841 801 946 839 secus
974 809 1091 851 atque
1116 800 1226 839 armis
1257 798 1429 851 superare
1448 798 1641 846 voluerit,
1673 800 1703 837 is
1724 797 1894 837 scintillas
1917 796 1982 837 sub

187 862 376 900 cineribus
397 861 585 911 relinquet
604 859 773 908 abditas,
802 859 904 899 unde
918 859 1068 910 majoris
1089 859 1178 899 belli
1200 861 1345 898 orietur
1357 857 1588 900 incendium.
1645 856 1762 897 Paces
1785 857 1877 905 illae,
1892 868 1983 908 quas

182 932 271 961 curn
286 920 532 961 Numantinis
562 915 691 958 fecere
720 919 889 972 Quintus
914 918 1145 970 Pompejus‚
1175 918 1214 958 δε
1247 916 1381 971 postea
1410 918 1554 959 Consul
1583 916 1811 965 Mancinus,
1840 913 1981 955 effeciu

182 989 384 1020 caruerunt
404 980 480 1018 hoc
497 979 576 1017 solo
592 980 775 1028 nomine,
805 979 912 1032 quod
932 978 1148 1019 amstoritati
1180 978 1219 1019 &
1238 979 1377 1019 honori
1401 980 1587 1019 Romanae
1601 978 1769 1030 Reipub.
1795 974 1898 1015 haud
1919 987 1982 1028 pa·

181 1052 266 1080 rum
291 1039 528 1091 derogarent.
589 1037 789 1078 Pactiones
815 1039 862 1078 ad
883 1040 1018 1079 urbem
1039 1036 1121 1078 Asti
1137 1039 1236 1078 inter
1257 1037 1438 1079 Carolum
1465 1035 1754 1079 Emmanuelem
1789 1034 1984 1075 Sabaudiae

181 1099 359 1148 Ducem,
387 1099 425 1139 &
441 1097 713 1139 Marchionem
732 1098 780 1138 de
797 1097 983 1149 Hinojosa
1001 1099 1122 1147 initae,
1145 1111 1238 1139 mox
1265 1109 1388 1150 ruptae
1418 1098 1574 1139 fuerunt
1601 1107 1760 1150 propter
1787 1096 1982 1135 articulum

181 1159 322 1199 eodem
349 1169 526 1210 tempore
563 1158 783 1198 exarmandi
820 1160 979 1199 militem
999 1187 1010 1206 ‚
1041 1167 1175 1198 contra
1201 1158 1274 1197 suae
1307 1158 1519 1210 Majestatis
1552 1156 1868 1198 existimationem
1887 1184 1901 1204 ,
1931 1154 1980 1193 ad

180 1231 295 1270 quam
318 1219 438 1259 turbae
457 1219 548 1266 illae‚
579 1218 617 1257 &
639 1219 836 1259 novitates
865 1218 990 1258 Ducis
1016 1219 1211 1271 pertinere
1239 1217 1493 1258 videbantur.
1552 1218 1631 1258 Pax
1654 1218 1781 1257 secura
1804 1214 1877 1255 ess‘e
1903 1226 1985 1254 non

179 1277 333 1331 potest,
362 1277 388 1317 fi
418 1278 576 1317 nimium
606 1278 799 1330 inaequalis
830 1278 902 1333 (b)
931 1277 992 1324 sit,
1052 1277 1226 1331 Rogatus
1248 1277 1451 1330 aliquando
1479 1277 1500 1317 a
1527 1277 1670 1319 Senatu
1694 1276 1873 1316 Romano
1909 1273 1988 1314 Pri·

179 1349 316 1378 vernas
348 1336 525 1389 quidam,
556 1335 758 1388 quomodo
784 1350 923 1390 pacem
958 1338 1065 1378 cives
1098 1339 1178 1390 ejus
1216 1336 1401 1379 servaturi
1430 1336 1575 1381 essentt
1604 1335 1817 1389 respondit:
1848 1332 1913 1389 (c)
1943 1332 1986 1372 Si

177 1397 294 1437 honam
309 1397 491 1446 dederitis,
521 1396 572 1441 ἐξ)
588 1394 723 1449 fidam,
751 1397 803 1443 &⁹
817 1405 1041 1450 perpetuam,
1061 1396 1099 1449 fi
1125 1399 1248 1437 malam
1261 1428 1273 1445 ‚
1302 1397 1398 1437 haud
1421 1397 1623 1437 diuturnam
1647 1395 1845 1436 habebitis.
1907 1393 1985 1434 Nec

177 1456 390 1497 credideritis
412 1456 512 1496 ulltmz
530 1457 691 1508 populum
706 1487 718 1505 ,
747 1464 812 1495 aut
839 1457 1000 1496 hominem
1022 1454 1162 1508 denique
1193 1458 1229 1495 in
1262 1467 1303 1494 ea
1334 1455 1515 1496 malitiosae
1536 1487 1548 1504 ‚
1579 1456 1674 1507 cujus
1707 1467 1779 1494 eum
1794 1455 1981 1505 poeniteat,

176 1515 308 1556 diucius
324 1517 427 1570 quc‘ztn
445 1512 614 1568 neceffiffl
632 1527 711 1554 man
723 1527 836 1555 urum.
895 1514 982 1553 Nisi
998 1525 1076 1563 pax
1094 1513 1254 1552 honesta
1273 1513 1310 1552 δε
1331 1515 1429 1562 parti
1450 1516 1603 1563 utrique
1633 1513 1867 1551 conveniens
1897 1510 1983 1550 fue-

178 1577 252 1623 rit,
281 1574 508 1613 claudicabit
530 1571 749 1615 transactio.
808 1571 889 1624 Qui
917 1571 956 1610 in
989 1582 1034 1610 ea
1063 1570 1131 1610 suo
1155 1572 1274 1624 magis
1303 1567 1433 1611 studet
1459 1570 1700 1621 commodo,
1729 1570 1979 1611 infirmiorem

179 1645 263 1674 eam
285 1631 433 1678 reddit;
463 1630 503 1670 δε
526 1629 640 1670 facile
659 1628 854 1682 disrumpit
870 1628 1016 1682 postea.

352 1690 387 1743 §.
421 1692 595 1743 Accepta
611 1691 734 1742 aliqua
754 1690 863 1732 clade
881 1700 945 1729 aut
962 1690 1124 1740 damno,
1153 1701 1235 1730 non
1256 1688 1360 1730 illici)
1382 1702 1460 1743 pax
1482 1686 1656 1730 facienda
1681 1687 1755 1738 est,
1784 1689 1850 1730 ubi
1872 1700 1983 1732 occaa

178 1754 234 1795 s10
256 1750 380 1792 adhuc
403 1749 519 1791 fuerit
552 1749 701 1790 Statum
730 1751 768 1790 in
792 1751 926 1790 melius
960 1750 1241 1790 commutandi:
1272 1749 1454 1803 oppresso
1474 1751 1576 1790 enim
1602 1750 1702 1790 bene
1725 1748 1799 1789 esse
1821 1760 1900 1790 non
1910 1761 1981 1801 po*s

178 1814 280 1855 terit.
339 1810 436 1851 Eam
464 1811 516 1850 ob
537 1810 685 1849 causam
701 1808 789 1863 post
814 1808 981 1850 amiffum
1009 1809 1181 1850 Torense
1199 1812 1374 1862 proelium
1409 1809 1566 1851 minime
1591 1819 1851 1862 opportunum
1876 1808 1982 1849 vide-

178 1875 290 1914 batur
307 1870 507 1924 Alphonso
531 1870 732 1910 Lusitaniae
748 1869 845 1923 Regi
863 1901 876 1919 ,
904 1882 945 1910 ut
970 1881 1058 1910 cum
1085 1868 1116 1910 F
1117 1870 1328 1911 erdinando
1354 1870 1464 1924 Rege
1480 1867 1684 1910 Catholico
1703 1869 1752 1909 de
1768 1880 1864 1922 pace
1883 1877 1981 1909 tran-

179 1934 327 1986 sigeret.
414 1929 565 1971 Infirma
589 1942 665 1981 pax
693 1928 766 1978 est,
795 1929 909 1981 quam
939 1933 1052 1970 minae
1078 1939 1143 1969 aut
1172 1931 1231 1970 vis
1259 1926 1476 1971 extorsere:
1506 1942 1594 1971 nam
1615 1930 1742 1969 honor
1767 1928 1978 1969 &libertas

179 2003 376 2045 nunquam
390 1990 572 2030 adversus
598 1990 696 2028 illam
711 1990 917 2029 machinari
936 1989 1124 2030 desinunt.

356 2050 390 2101 §.
422 2049 528 2089 Pacis
557 2048 737 2088 tradi-atus
764 2061 844 2088 non
867 2051 1034 2089 minores
1059 2048 1138 2089 doli
1166 2049 1204 2089 &
1221 2045 1482 2101 stratagemata
1504 2048 1676 2088 comitari
1697 2044 1836 2096 solent,
1865 2054 1982 2099 atque

182 2112 386 2165 ipsummet
415 2110 580 2157 bellum,
609 2107 697 2164 (d)
730 2120 773 2147 ut
800 2109 932 2149 videre
957 2110 1063 2149 licuit
1091 2110 1130 2149 in
1159 2110 1224 2157 iis,
1254 2121 1353 2160 quos
1381 2108 1493 2150 finxit
1519 2105 1810 2156 Rhadamistus,
1840 2115 1884 2145 ut
1898 2105 1979 2146 Mi-

181 2170 385 2212 thridatem
403 2170 654 2209 interimeret:
684 2164 805 2207 solent
821 2170 921 2208 enim
939 2169 1154 2208 simulanter
1180 2167 1373 2208 introduci
1401 2180 1452 2208 eo
1480 2165 1579 2216 fine,
1608 2176 1652 2205 ut
1682 2167 1833 2206 interim
1857 2163 1974 2206 aestio-

181 2244 250 2274 nes
268 2230 305 2271 &
325 2229 480 2269 consilia
498 2226 616 2268 hostis
635 2228 906 2279 explorentur,
936 2238 979 2269 ut
1003 2238 1155 2281 tenipus
1180 2229 1356 2280 suppetat
1389 2226 1437 2267 ad
1453 2226 1631 2280 erigenda
1666 2225 1952 2279 propugnacula
1966 2253 1979 2275 ,

182 2291 231 2333 ad
247 2289 473 2331 obtinendas
494 2286 682 2340 suppetias
699 2289 875 2331 militares
889 2318 903 2338 ,
934 2289 973 2328 δι
990 2287 1132 2329 foedera
1154 2287 1376 2337 sancienda,
1406 2296 1449 2327 ut
1461 2287 1617 2327 hostiles
1637 2287 1738 2326 vires
1758 2285 1979 2325 consuman-

183 2362 266 2401 tur,
294 2351 389 2390 uniti
422 2350 588 2389 invicem
605 2347 844 2399 separentur,
874 2348 913 2389 &
938 2348 1003 2402 spe
1018 2350 1122 2401 pacis
1148 2349 1341 2399 vigilantia
1365 2345 1523 2386 aliorum
1550 2345 1762 2397 languescat
1787 2355 1902 2395 atque
1921 2346 1977 2384 in-

184 2410 341 2458 dustria,
369 2408 559 2449 interdum
575 2409 689 2448 etiam
708 2420 783 2460 pax
798 2409 958 2449 omnino
979 2406 1237 2454 concluditur,
1269 2415 1311 2445 ut
1334 2417 1449 2444 novae
1466 2403 1599 2456 postea
1620 2413 1843 2455 reparentur
1858 2404 1974 2454 vires,

182 2470 437 2523 impediantur
452 2467 624 2515 consilia,
655 2467 693 2505 &
709 2479 785 2518 pax
800 2468 1035 2507 induciarum
1053 2465 1098 2505 sit
1117 2465 1207 2504 loeo
1228 2474 1293 2504 aut
1314 2462 1515 2514 armistitii,
1543 2473 1587 2503 ut
1604 2461 1669 2502 ubi
1686 2464 1894 2515 placuerit,
1922 2475 1978 2503 ar-

183 2543 246 2572 ma
272 2529 407 2569 resumi
459 2526 598 2566 deinde
627 2527 765 2577 poffint
792 2557 803 2575 ‚
834 2537 898 2565 aut
935 2526 1024 2566 belli
1056 2524 1163 2564 sedes
1194 2523 1386 2564 transferri
1417 2523 1527 2570 alib3
1559 2521 1884 2574 quemadmodum
1920 2522 1976 2563 fe-

184 2588 272 2630 cere
286 2588 438 2636 Franci,
468 2587 532 2638 qui
553 2598 602 2626 eo
628 2585 708 2624 solo
735 2587 861 2626 animo
876 2597 1012 2638 pacem
1028 2584 1328 2626 Monsonensem
1346 2582 1447 2636 pacti
1473 2583 1576 2632 sunt,
1605 2591 1649 2621 ut
1670 2581 1898 2634 impeterent
1919 2593 1975 2623 ar-

183 2652 253 2691 mis
272 2648 535 2695 Germaniam,
565 2645 603 2686 &
623 2644 709 2684 alibi
731 2647 869 2686 vallem
889 2645 1061 2685 Telinam
1089 2645 1324 2684 invaderent.
1375 2643 1558 2686 ,Similiter
1589 2642 1668 2681 Pax
1690 2642 1977 2682 Ratisbonensss

184 2713 300 2750 alium
335 2706 450 2747 finem
479 2718 558 2746 non
590 2704 722 2745 habuit
744 2736 758 2754 ,
789 2705 901 2757 quam
939 2704 1155 2745 exarmandi
1190 2703 1399 2743 Caesarern:
1428 2715 1516 2743 nam
1543 2702 1633 2742 dum
1663 2713 1747 2741 eam
1775 2699 1975 2742 firmabant

183 2768 319 2811 Franci
345 2768 453 2807 aliam
471 2776 603 2806 contra
619 2763 785 2805 eundem
803 2777 890 2805 cum
908 2765 1064 2805 Corona
1082 2764 1241 2803 Suecica
1267 2764 1521 2803 moliebantur
1547 2763 1753 2811 unionem,
1781 2760 1847 2802 soli
1866 2763 1974 2814 quip-

185 2839 238 2883 pe
266 2840 341 2869 tres
357 2826 502 2867 menses
525 2827 622 2866 inter
638 2825 715 2864 hoc
740 2824 864 2865 foedus
886 2825 923 2865 &
954 2827 1052 2865 illam
1076 2836 1210 2877 pacem
1237 2824 1539 2863 intercurrerant.
1597 2820 1644 2861 In
1668 2821 1855 2873 ejusmodi
1885 2821 1974 2862 cafi-

186 2889 260 2930 bus
284 2887 350 2942 (e)
373 2894 458 2936 pace
474 2882 626 2937 fitspefm
646 2886 758 2925 tutius
778 2885 891 2925 bellum
914 2884 989 2934 est,
1019 2896 1107 2924 nam
1127 2895 1203 2935 pax
1225 2882 1292 2922 ista
1305 2894 1385 2922 non
1403 2881 1457 2922 est
1476 2879 1561 2935 (f)
1591 2893 1680 2935 pax.

360 2943 396 2997 §.
431 2948 547 2987 Paces
569 2953 764 2996 perpetuae
795 2943 870 2984 esse
896 2943 1065 2984 debent·
1094 2942 1224 2995 quales
1252 2940 1408 2983 fuerunt
1442 2953 1576 2981 omnes
1609 2942 1707 2991 illae,
1735 2951 1828 2992 quas
1861 2939 1972 2980 Deus

187 3009 265 3063 (g)
294 3000 400 3049 fecit.
458 3003 552 3043 Ideo
571 3004 764 3056 Scriptura
781 3003 1075 3044 sacratractatus
1103 3002 1319 3054 hujusmodi
1351 3010 1469 3042 vocat
1497 3000 1608 3054 pacta
1636 3002 1744 3051 salis,
1773 2999 1892 3040 isthoc
1919 3001 1976 3039 lo·

1855 3070 1975 3110 quen-

291 3164 349 3208 (a)
374 3164 461 3201 Tac.
478 3161 526 3200 lib
546 3177 584 3200 2.
606 3164 734 3201 Annal.
788 3163 850 3211 (b)
875 3162 1005 3200 Bellum
1026 3173 1162 3216 anceps,
1188 3177 1236 3200 am
1257 3172 1335 3216 pax
1359 3158 1536 3214 inhomsta
1554 3160 1704 3212 placeret
1719 3188 1728 3202 ,
1752 3173 1814 3196 nec
1833 3159 1974 3198 dubita-

190 3220 268 3248 tum
288 3212 331 3250 de
351 3212 441 3253 bello.
465 3215 582 3253 Tacit.
611 3216 671 3254 lib.
704 3228 761 3261 15.
784 3215 913 3252 Annal.
963 3216 1020 3263 (c)
1044 3215 1117 3252 Tit.
1142 3214 1223 3253 Liv.
1241 3215 1263 3252 1.
1292 3222 1324 3257 8.
1379 3214 1452 3263 (d)
1477 3214 1593 3251 Tacit.
1608 3211 1631 3248 Ι.
1655 3224 1711 3249 12.
1731 3214 1858 3250 Annal.
1909 3217 1973 3261 (e)

187 3262 275 3300 Tac.
292 3266 352 3303 lib.
371 3281 406 3315 4.
426 3267 515 3305 Hist.
566 3268 632 3315 (f)
657 3269 836 3307 Dicentei‚
862 3271 957 3308 Pax,
978 3273 1073 3305 Paex:
1098 3267 1221 3309 &non
1237 3277 1316 3304 erat
1326 3272 1414 3303 Pax.
1439 3268 1507 3315 Jer.
1531 3269 1566 3301 6.
1599 3277 1655 3312 14.
1707 3267 1769 3314 (g)
1794 3269 1839 3302 Et
1850 3264 1971 3316 statu·

188 3328 251 3355 am
273 3320 417 3370 padum
439 3333 551 3357 meum
576 3322 671 3357 inter
692 3333 746 3356 me
765 3318 811 3361 ά
831 3330 885 3362 te,
909 3319 953 3363 (ἂι
975 3321 1071 3358 inter
1091 3318 1210 3368 ,limen
1239 3330 1355 3360 tuum,
1374 3317 1446 3372 post
1475 3327 1511 3356 te
1525 3318 1564 3356 in
1579 3314 1862 3371 generationibus
1882 3320 1973 3360 tuis,

183 3367 541 3425 foedcrestmpiterno.
572 3374 664 3415 Gen.
686 3382 744 3421 17,
767 3381 806 3420 70
