2132 3730
467 201 1437 245 SYMBOLAPOLJTICA.
1804 211 1885 257 163

11 278 14 287 ³
68 265 604 337 ‘m
597 284 636 336 st
649 283 737 338 quid
756 283 924 324 crudelius
941 264 1891 338 inCroefimW—'I'ffi-sse-ffffipa—ri-

89 358 148 390 ter
170 347 207 389 &
223 346 395 387 homines
412 343 481 383 fibi
503 344 622 383 habet
642 343 821 382 adversos
840 358 848 382 :
878 356 1005 395 neque
1022 342 1146 383 deesse
1170 342 1325 395 possunt
1343 346 1382 384 in
1406 343 1617 384 istiusmodi
1637 345 1786 384 casibus
1811 346 1891 386 sua-

87 409 152 447 via
177 403 346 457 quaedam
368 402 515 451 media,
544 404 683 454 quibus
713 404 834 442 averti
862 414 976 454 queat
1014 406 1159 443 animus
1184 433 1195 451 ,
1224 403 1370 442 misceri
1399 403 1545 455 sanguis
1568 434 1581 453 ‚
1611 405 1786 457 abrumpi
1810 405 1892 445 suc·

30 469 33 470 ⁷
89 465 225 512 cessio,
254 464 428 503 imminui
450 472 517 513 aut
544 462 736 503 transferri
765 462 940 503 statuum
962 463 1175 514 amplitudo
1199 490 1212 510 ,
1245 461 1282 500 &
1314 463 1472 502 subduci
1501 475 1551 503 ex
1581 466 1703 504 oculis
1732 467 1890 517 populi,

87 526 151 577 qui
181 522 339 575 aspirare
360 521 488 574 potest
510 520 559 562 ad
587 523 777 574 sceptrum
797 553 810 571 ,
841 523 878 562 &
894 523 1196 563 dominationem
1225 519 1404 561 affectare
1422 537 1435 568 3
1465 523 1572 573 quod
1593 524 1621 563 si
1641 526 1679 564 in
1697 522 1891 566 Lusitania

86 580 209 624 fuisset
223 582 491 631 observatum,
519 594 715 634 nunquam
731 584 836 636 regni
866 584 962 623 illius
980 581 1117 622 subditi
1143 580 1163 620 a
1180 579 1371 620 fidelitatis
1389 581 1517 621 officio
1535 581 1785 624 descivissent.

233 641 272 681 Si
292 643 505 694 periculum
525 652 603 682 tam
620 642 782 694 praesens
799 642 869 692 fit,
900 652 942 682 ut
959 642 1008 681 ad
1025 640 1290 681 defensionem
1317 640 1354 680 &
1376 641 1709 683 conservationem
1741 653 1892 684 natura-

82 705 156 743 lem
184 701 355 753 obliget,
385 702 482 754 ipsas
502 703 604 742 illico
620 702 766 743 radices
792 712 950 755 oportet
965 700 1186 741 exscindere
1205 729 1218 750 ‚
1246 711 1298 739 ne
1322 701 1464 740 renasci
1487 701 1644 752 possint,
1663 703 1811 755 semper
1828 704 1891 745 ad-

83 761 295 814 vigilando,
325 774 376 801 ne
396 764 552 802 eveniat
568 761 672 802 sorte
689 762 796 814 quod
814 761 1050 814 Principibus
1068 759 1348 800 philistinorum
1373 760 1524 809 accidit,
1535 762 1600 812 qui
1621 762 1772 802 refestis
1786 764 1892 805 Sam-

3 819 13 875 ᾗ
81 823 181 862 sonis
206 823 372 874 capillis,
402 821 506 862 unde
522 823 698 862 manabat
723 824 820 862 illius
849 822 967 866 robur
985 851 997 870 ,
1029 823 1064 860 ei
1094 819 1306 860 illudebant
1324 850 1336 869 ,
1366 832 1441 860 nec
1464 833 1732 872 praecaverunt
1749 833 1890 873 tamen,

9 891 13 915 ἑ
80 893 131 922 ne
142 881 422 921 succrescerent
444 881 522 937 (a)
549 883 705 930 denu03
738 884 791 922 uti
815 881 934 934 reipsa
951 879 1098 921 fa6tum
1123 879 1258 931 postea
1278 880 1409 932 &ipse
1440 881 1687 932 apprehensis
1708 884 1894 923 ambabus

10 940 11 950 ¹
81 940 155 995 (h)
185 943 374 981 columnis
402 972 415 990 ,
445 943 586 993 quibus
605 944 864 990 innitebatur,
894 939 1097 980 aedificium
1115 970 1127 989 ,
1157 950 1278 979 totam
1310 940 1470 980 domum
1494 940 1605 992 super
1630 943 1756 994 capita
1779 941 1895 983 hosti-

82 1013 146 1040 um
164 1003 278 1041 traxit
295 1004 333 1041 in
352 1005 498 1041 ruinam
515 1033 526 1051 ,
554 1002 721 1056 multoque
742 1001 866 1053 plures
886 998 1064 1041 interfecit
1089 1002 1233 1040 moriens
1254 1031 1268 1049 ,
1299 1013 1402 1053 quam
1421 1000 1500 1040 ant&
1527 1004 1639 1041 vivus
1653 1001 1830 1042 occiderat.

236 1061 270 1113 §.
302 1061 446 1101 Suadet
464 1074 582 1113 porro
611 1062 769 1101 ambitio
793 1062 907 1101 nimia
925 1061 1062 1112 Populi
1083 1061 1301 1100 libertatem
1333 1062 1554 1111 opprimere
1573 1091 1584 1109 ,
1615 1062 1788 1114 subigere
1805 1061 1894 1102 No-

82 1119 268 1161 bilitatem
288 1151 302 1170 ‚
331 1124 596 1173 potentiorum
620 1123 721 1161 vires
744 1120 978 1173 infringere,
1010 1120 1048 1160 δι
1073 1120 1122 1160 ad
1154 1118 1422 1159 auctoritatem
1450 1120 1610 1172 Regiam
1635 1121 1822 1161 reducere
1852 1135 1896 1163 o—

84 1181 200 1220 mnia.
263 1180 464 1230 Existimat
486 1183 587 1221 enim
612 1191 693 1221 turn
721 1182 950 1221 securiorem
975 1181 1013 1220 se
1039 1179 1126 1220 fore
1141 1210 1154 1228 ‚
1184 1179 1273 1219 curn
1295 1178 1411 1219 fuerit
1435 1180 1630 1229 absoluta,
1660 1181 1698 1221 &
1722 1182 1896 1223 subditos

79 1243 198 1291 magis
218 1241 256 1280 in
277 1241 497 1280 servitutem
528 1241 718 1292 redegerit
737 1252 751 1293 3
780 1241 930 1292 grandis
951 1252 1058 1280 error
1077 1270 1089 1289 ,
1119 1252 1198 1292 quo
1221 1237 1388 1279 adulatio
1407 1241 1554 1280 animos
1575 1251 1743 1293 occupat
1756 1242 1895 1282 Princi-

80 1311 188 1351 pum,
207 1310 355 1350 eosque
376 1300 557 1350 gravibus
572 1302 753 1351 periculis
769 1300 914 1350 objicit.
976 1299 1174 1341 Modestia
1187 1298 1261 1348 est,
1283 1312 1368 1351 quae
1393 1300 1595 1340 conservat
1618 1300 1793 1353 Imperia,
1804 1301 1895 1342 dum

78 1359 256 1399 nimirum
279 1359 460 1410 Princeps
484 1359 589 1399 suam
621 1359 844 1399 dominandi
867 1358 1117 1410 cupiditatem
1135 1361 1187 1399 ita
1206 1361 1361 1410 corrigit
1377 1390 1388 1407 ,
1421 1370 1464 1398 ut
1480 1359 1670 1411 dignitatis
1689 1362 1759 1400 suae
1783 1371 1897 1413 pote-

79 1417 214 1459 statem
227 1448 240 1468 ,
270 1418 499 1459 Nobilitatis
515 1419 804 1470 amplitudinem
819 1448 831 1468 ‚
864 1418 900 1458 ἂι
914 1420 1051 1470 populi
1065 1420 1282 1458 libertatem
1295 1420 1392 1457 intra
1408 1420 1564 1458 rationis
1584 1421 1721 1460 limites
1742 1422 1898 1461 coerce-

79 1488 137 1518 at:
166 1490 294 1530 neque
319 1481 420 1520 enim
443 1479 508 1518 diu
533 1477 629 1519 stare
646 1481 791 1526 poterit
819 1477 1052 1518 Monarchia
1066 1508 1079 1528 ,
1104 1481 1165 1519 cui
1184 1478 1234 1519 de
1246 1476 1492 1518 Aristocratia
1514 1479 1551 1518 ἃ
1567 1479 1818 1520 Democratia
1838 1484 1899 1522 ali-

80 1538 173 1589 quid
189 1538 401 1580 admixtum
423 1551 504 1578 non
531 1537 599 1594 (c)
628 1539 758 1579 fuerit.
796 1538 993 1587 ‚Potestas
1018 1539 1189 1579 absoluta
1214 1539 1384 1588 tyrannis
1416 1537 1471 1578 est
1485 1547 1500 1590 3
1532 1539 1710 1590 qniillam
1728 1543 1865 1591 quaerit
1884 1571 1897 1591 ‚

80 1599 241 1639 exitium
263 1599 370 1640 suum
389 1601 534 1652 quaerit.
597 1598 674 1652 (d)
705 1600 793 1640 Hac
819 1598 986 1649 denique
1012 1599 1177 1649 Principi
1189 1595 1275 1648 fimt
1297 1600 1408 1638 omnia
1427 1598 1618 1638 reducenda
1633 1630 1644 1648 ‚
1674 1608 1715 1639 ut
1741 1603 1783 1641 iis
1800 1634 1812 1651 2
1837 1604 1898 1656 qni

68 1654 136 1710 fitb
152 1660 289 1711 inperio
300 1657 384 1709 fimt
401 1690 414 1708 ‚
444 1665 509 1699 non
541 1665 729 1712 tyrannum
747 1690 760 1707 ,
780 1655 847 1710 sed
866 1658 1014 1698 Patrem
1026 1655 1219 1709 familias,
1249 1665 1314 1697 aut
1339 1658 1467 1708 Regem
1487 1670 1589 1708 agere
1616 1659 1783 1699 videatur
1802 1693 1814 1710 ,
1845 1660 1899 1706 659

8 1728 11 1731 ’
77 1730 151 1759 rem
177 1731 242 1759 non
271 1720 370 1773 quasi
385 1720 558 1759 Dominus
574 1749 586 1766 ‚
626 1717 672 1757 ed
688 1717 788 1771 quast
811 1718 1054 1767 Procurator,
1084 1717 1136 1763 &³
1151 1713 1356 1766 Praefhctus
1370 1715 1615 1770 administrare
1627 1749 1641 1767 ‚
1660 1731 1701 1757 ac
1726 1720 1898 1761 moderate

78 1780 206 1818 vivere
220 1810 233 1828 ,
271 1791 328 1819 nec
344 1778 437 1833 quod
455 1779 592 1818 nimium
610 1776 658 1832 cst
674 1793 695 1827 ,·
708 1774 850 1828 ſsebtari.

232 1838 266 1890 ς.
297 1837 368 1878 Ista
387 1838 604 1879 ambitionis
621 1836 868 1876 incommoda
891 1847 1019 1876 creare
1046 1835 1143 1876 solet
1166 1834 1302 1875 abusus
1326 1835 1465 1875 nimius
1489 1833 1783 1885 dominationis,
1811 1851 1897 1891 quae

80 1897 132 1937 slc
147 1896 233 1937 fere
255 1907 476 1948 comparata
494 1895 549 1935 est
564 1925 576 1943 ‚
609 1906 649 1934 ut
664 1898 791 1935 omnia
807 1896 854 1934 ad
869 1897 972 1935 suam
998 1895 1139 1934 referat
1159 1895 1374 1934 utilitatem.
1437 1894 1527 1947 Qua
1543 1895 1580 1933 in
1605 1908 1645 1934 re
1668 1908 1894 1948 oportet,ut

9 1975 11 1988 ·
79 1957 275 2008 Principes
296 1957 372 1996 sese
391 1955 460 2007 ipsi
483 1955 751 2007 triumphent,
781 1954 967 1994 &rationi
987 1955 1284 2005 obtemperent;
1314 1954 1405 1992 licet
1427 1953 1578 1993 difficile
1604 1956 1695 1995 illud
1719 1957 1791 2001 fit:
1830 1955 1895 2013 (e)

80 2029 168 2057 nam
195 2015 455 2056 innumerabiles
464 2011 551 2066 fimt
571 2045 584 2063 ,
613 2016 676 2067 qui
687 2014 829 2066 populos
845 2046 857 2064 ,
887 2016 949 2068 qm*
977 2013 1082 2053 urbes
1110 2013 1260 2054 habuere
1279 2015 1315 2052 in
1335 2012 1505 2068 potestate
1518 2015 1727 2070 paucffmi,
1773 2015 1894 2072 quise.

80 2076 146 2116 Illa
174 2075 336 2115 victoria
359 2075 381 2114 a
399 2075 544 2115 viribus
574 2072 646 2122 est,
667 2073 704 2114 &
721 2074 891 2122 robore3
924 2074 1006 2113 haec
1025 2087 1044 2112 a
1063 2075 1211 2113 ratione
1227 2103 1240 2123 ,
1271 2072 1308 2112 &
1331 2075 1472 2113 animo.
1535 2073 1739 2115 Fortitudo
1761 2079 1898 2119 nonin

77 2147 128 2177 eo
146 2134 343 2184 consistit,
375 2134 482 2187 quod
510 2132 659 2174 hostem
692 2135 827 2186 proelio
855 2138 937 2186 quis
962 2132 1106 2173 fuderit
1127 2165 1138 2181 ‚
1171 2133 1235 2173 sed
1255 2131 1362 2184 quod
1387 2133 1617 2185 cupiditates
1648 2135 1728 2176 suas
1755 2137 1896 2178 habeat

81 2196 260 2239 domitas.
320 2194 505 2236 Subditos
522 2192 718 2234 modestos
742 2193 909 2235 reddunt
926 2194 1148 2233 obedientia
1167 2223 1180 2243 ‚
1211 2193 1249 2234 δε
1272 2193 1497 2240 neceffitas;
1533 2194 1725 2246 Principes
1757 2197 1892 2238 contra

79 2255 248 2309 potestas
268 2255 305 2296 &
326 2254 538 2306 jurisdiffio
561 2253 733 2307 suprema
757 2255 919 2307 superbe
936 2253 1114 2295 efferunt.
1176 2253 1288 2294 Plura
1306 2264 1420 2306 regna
1441 2253 1614 2306 superbia
1639 2255 1895 2308 pessundedit,

80 2316 195 2368 quarn
219 2317 376 2369 gladius.
439 2316 633 2367 Principes
653 2326 724 2368 per
742 2314 881 2368 seipsos
897 2315 1094 2368 perierunt
1107 2344 1121 2363 ,
1152 2313 1265 2367 quam
1282 2326 1353 2367 per
1370 2315 1475 2353 alios.
1530 2314 1764 2356 Remedium
1786 2318 1821 2357 ei
1840 2320 1894 2358 rei

85 2376 138 2418 est
153 2377 206 2417 sui
231 2377 346 2429 ipsius
372 2378 564 2430 cognitio,
595 2384 637 2415 ut
659 2374 841 2429 Princeps
869 2377 908 2416 in
930 2375 1172 2427 semetipsum
1208 2376 1444 2430 cogitatione
1470 2373 1708 2426 descendat,
1739 2376 1777 2417 δε
1802 2390 1891 2420 cum

83 2438 210 2476 animo
224 2438 292 2476 suo
322 2448 503 2489 reputet,
533 2434 625 2476 licet
644 2436 721 2489 ipse
749 2436 902 2489 sceptro
920 2436 967 2476 ab
990 2437 1068 2475 aliis
1090 2434 1240 2476 dIfferat
1257 2465 1270 2485 ‚
1301 2436 1445 2475 multos
1459 2444 1587 2475 tamen
1603 2435 1679 2476 effe
1695 2467 1707 2486 ‚
1740 2440 1803 2489 qui
1815 2441 1892 2478 exi·

82 2497 166 2535 miis
191 2498 304 2537 animi
321 2496 476 2538 dotibus
498 2494 613 2550 longe
631 2508 679 2536 eo
696 2526 708 2546 ,
738 2496 897 2550 ejusque
922 2497 1105 2549 dignitate
1127 2496 1340 2548 superiores
1356 2495 1439 2535 sint.
1503 2494 1681 2548 Cogitet,
1710 2499 1864 2549 inquam
1878 2531 1890 2548 ‚

83 2554 192 2607 quod
214 2555 243 2596 si
260 2557 356 2597 ratio
372 2557 531 2598 haberet
545 2559 674 2597 locum
691 2587 703 2607 ,
736 2569 856 2610 penes
870 2554 1144 2609 perfeetiorem
1164 2556 1376 2610 imperandi
1401 2553 1571 2607 potestas
1596 2555 1670 2595 effe
1692 2557 1890 2600 deberent.

85 2615 208 2669 Quod
227 2628 360 2656 manus
380 2617 441 2658 illa
457 2648 470 2668 ,
501 2615 576 2669 qua
596 2617 836 2671 Reipublicae
859 2618 1027 2658 habenas
1045 2616 1267 2657 moderatur
1281 2647 1294 2666 ‚
1325 2615 1349 2656 e
1373 2624 1472 2655 terra
1490 2614 1549 2663 sit,
1579 2614 1746 2666 subjecta
1762 2619 1893 2669 leprae,

86 2677 242 2728 aliisque
272 2677 443 2718 humanis
460 2678 626 2722 miseriis.
686 2677 730 2718 Id
750 2678 857 2731 quod
872 2678 983 2718 Deus
1012 2674 1105 2731 (f)
1139 2676 1273 2727 Moysi
1296 2674 1491 2728 quondam
1527 2673 1693 2716 ostendit
1714 2707 1726 2726 ‚
1757 2688 1800 2717 ut
1819 2678 1893 2718 suae

83 2736 353 2777 recordantem
369 2737 595 2778 infirmitatis
617 2736 762 2779 facilius
786 2737 947 2779 aliorum
963 2738 1104 2778 subiret
1121 2736 1194 2789 (gl)
1216 2736 1417 2776 miseratio.
1480 2734 1602 2788 Quod
1624 2735 1790 2778 Coronae
1805 2739 1894 2790 pos-

84 2797 187 2839 seffio
205 2796 253 2838 fit
274 2809 480 2850 perparum
501 2799 630 2840 secura
653 2812 664 2838 :
691 2811 779 2841 narn
812 2798 839 2854 ζ
845 2797 902 2856 h)
933 2798 1025 2854 quod
1047 2809 1189 2849 regnum
1207 2795 1255 2852 cst
1271 2829 1284 2848 ,
1313 2799 1374 2848 cui¹
1383 2802 1523 2849 parata
1537 2808 1602 2836 non
1607 2796 1657 2850 fit
1677 2800 1782 2838 ruina
1799 2829 1812 2848 ,
1841 2798 1894 2844 &⁹

1037 2857 1061 2897 S
1075 2870 1092 2897 s
1127 2869 1150 2896 2
1805 2867 1891 2911 pro-

183 3009 240 3056 (a)
266 3005 424 3059 Jamque
442 3005 556 3058 capidi
571 3008 643 3054 ejus
665 3008 797 3054 renasci
810 3014 994 3059 coeperant.
1021 3005 1101 3055 Jud.
1119 3009 1176 3041 16.
1195 3017 1254 3042 22.
1305 3005 1366 3050 (b)
1389 3002 1614 3056 Concuffi'sque
1628 3001 1784 3053 fortiter
1804 2999 1891 3035 colu-

88 3060 176 3097 mnis
198 3087 207 3102 ,
242 3059 365 3097 cecidit
391 3058 510 3097 domus
522 3057 627 3112 ficper
648 3072 759 3097 omnes
781 3061 964 3109 Principes.
992 3060 1043 3095 lb.
1066 3070 1102 3094 v.
1133 3069 1189 3105 30.
1243 3057 1302 3102 (c)
1327 3059 1417 3109 §Qus
1437 3070 1483 3094 ex
1499 3053 1659 3109 pluribus
1679 3051 1809 3103 cmgstat
1830 3057 1891 3111 Rq-

79 3108 233 3162 spublica
246 3140 256 3153 ‚
282 3112 402 3150 melior
424 3110 482 3163 cst.
535 3110 638 3149 Arist.
656 3112 680 3148 l.
702 3126 739 3149 2.
757 3111 836 3150 Pol.
851 3125 882 3149 c.
902 3125 938 3158 9.
991 3112 1051 3160 (d)
1061 3111 1114 3147 Id.
1134 3109 1210 3147 Pol.
1223 3109 1246 3147 1.
1265 3121 1297 3155 5.
1320 3123 1352 3147 c.
1369 3123 1381 3146 1
1395 3122 1424 3147 1.
1478 3111 1536 3157 (e)
1553 3112 1696 3145 Seneca.
1749 3103 1800 3150 (f)
1814 3110 1891 3164 Mt-

87 3172 125 3198 te
145 3176 287 3202 manum
301 3175 406 3203 tuam
421 3167 462 3203 in
469 3161 590 3215 finum
612 3174 727 3201 tuum.
780 3167 907 3217 Qum
921 3178 999 3201 cum
1014 3160 1149 3213 mssffl’t
1164 3159 1324 3211 infinum
1340 3190 1349 3203 ,
1370 3161 1523 3216 protulit
1536 3157 1697 3212 leprositm
1711 3155 1824 3209 instar
1836 3170 1891 3193 m-

90 3215 160 3251 vis.
187 3216 300 3255 Exod.
318 3232 355 3267 4.
370 3223 406 3256 6.
457 3222 475 3263 (
486 3219 533 3267 g)
557 3217 641 3270 Qi
657 3214 828 3254 condolere
842 3216 939 3270 poffi't
963 3218 1010 3254 iis
1025 3243 1035 3258 ,
1059 3216 1121 3268 qui
1133 3216 1301 3267 ignorant
1313 3214 1358 3260 ἄν
1384 3223 1512 3253 errant
1530 3228 1544 3252 .·
1574 3211 1741 3265 quoniam
1760 3208 1807 3254 ὦ
1821 3207 1889 3264 ²20ss

90 3266 322 3306 circumdatus
338 3269 386 3321 est
407 3268 635 3321 infitmitate.
663 3270 759 3308 Heb.
787 3280 821 3315 5.
839 3284 874 3309 2.
924 3272 985 3319 (h)
1002 3272 1146 3308 Seneca.

377 3357 400 3368 ’ξ
