2132 3730
485 207 1466 253 SYMBOLAPOLITICA.
1776 222 1856 260 281

59 307 131 343 mo,
157 294 263 334 datur
281 292 357 331 coelo
372 291 471 331 clara
488 292 661 343 vicJoria,
680 291 1042 345 praeclarumflamma
1061 308 1171 343 omen,
1202 295 1300 348 quast
1319 295 1454 349 incenfis
1471 294 1605 336 adeam
1630 295 1863 336 celebrandam

0 363 5 380 'i

52 352 220 405 fhcibus3
251 361 324 390 nec
340 363 483 391 vanum
499 350 608 392 fuisse
638 364 845 405 augurem,
874 364 1038 394 eventus
1059 355 1343 405 comprobavit.
1403 355 1516 395 Tanti
1531 355 1647 395 refert
1673 356 1865 396 interdum

0 414 5 477 ᾗ
57 409 275 452 Ministrum
296 412 460 463 aliquem
486 412 614 451 vivaci
642 410 832 464 alacrique
854 413 929 454 effe
953 416 1128 467 ingenio,
1160 413 1317 455 &nosse
1345 416 1401 454 uti
1429 415 1715 462 occasionibus,
1745 417 1865 467 appli-

13 3332 19 3350 i

56 468 182 510 cando
193 468 326 568 <inedia
343 470 482 511 finibus
513 472 826 524 accommodata,
857 474 895 516 δε
917 475 1022 515 casus
1048 473 1236 525 ejusmodi
1259 474 1442 516 fortuitos
1475 477 1514 515 in
1540 477 1742 516 utilitatem
1772 488 1867 516 con-

55 537 190 570 verten
221 540 260 569 o.

232 588 268 640 §.
305 587 426 641 Quod
459 585 489 626 fi
525 586 627 627 sacta
660 589 764 626 bona
799 589 1065 628 Ministrorum
1092 589 1285 631 electione
1313 604 1386 644 pro
1404 594 1589 645 negotiis,
1621 594 1659 633 δε
1690 593 1866 633 adhibitis

51 646 264 701 prudenter
279 645 433 694 mediis,
463 656 630 687 eventus
650 656 807 697 optatus
825 658 906 687 non
925 647 1181 700 respondeat,
1211 662 1291 690 non
1315 654 1500 703 poeniteat
1518 651 1609 691 facti
1631 654 1843 706 Principem
1856 681 1868 701 ,

52 708 144 759 quin
159 703 524 760 potius‘constanter
550 705 644 746 illud
662 705 779 746 ferat:
808 718 938 759 neque
960 708 1062 747 enim
1083 706 1105 747 a
1121 708 1206 748 casu
1223 711 1379 751 consilia
1402 710 1597 751 metienda
1621 713 1723 762 sunt,
1754 713 1818 753 sed
1845 713 1865 752 a

48 767 266 820 prudentia.
323 761 502 806 Eventus
526 764 700 816 fortuiti,
726 767 792 818 qui
814 766 1018 819 praevideri
1042 776 1108 807 aut
1136 771 1266 809 caveri
1295 783 1375 811 non
1401 769 1589 823 potuere,
1620 770 1762 812 factum
1790 786 1870 813 non

49 828 215 885 vitiant3
246 822 345 865 velle
360 836 488 866 autem
506 826 545 866 ἀ
567 835 752 867 conatum
774 827 1015 878 improbare,
1047 828 1317 880 imprudentiae
1350 829 1416 871 est.
1475 831 1667 871 Accidere
1697 832 1789 872 illud
1814 835 1870 873 so-

51 887 106 927 let
132 888 176 927 iis
204 885 445 937 Principibus
463 914 477 934 ,
507 889 573 938 qui
601 899 674 927 nec
689 886 836 939 judicio
857 888 1032 939 pollent,
1072 900 1146 928 nec
1171 892 1285 929 animi
1303 891 1478 931 robore:
1509 890 1685 931 Istienim
1704 892 1872 932 infaustis

48 947 210 998 oppresli
235 946 484 996 successibus,
515 947 553 986 &
574 946 678 999 quasi
695 955 803 986 extra
819 947 857 986 se
883 947 1027 999 positi,
1062 948 1206 990 cedunt
1244 952 1524 1005 imaginationi,
1557 951 1595 991 δε
1630 951 1869 992 consultatio-

45 1008 158 1048 nibus
190 1007 304 1046 animi
322 1006 444 1046 dubiis
473 1007 522 1047 de
555 1019 628 1057 eo,
659 1006 766 1059 quod
790 1006 868 1057 jam
892 1008 1102 1059 praeteriit,
1133 1018 1288 1063 tempus
1322 1011 1492 1064 perdunt
1518 1011 1556 1051 &
1588 1014 1840 1051 attentionem
1858 1042 1870 1060 ,

45 1079 158 1118 quam
179 1068 217 1106 in
238 1065 407 1118 parando
429 1067 604 1108 remedio
623 1066 808 1107 adhibere
825 1069 1058 1119 oportebat,
1087 1081 1305 1122 pugnantes
1333 1073 1461 1112 secum
1487 1071 1578 1124 ipsi,
1609 1071 1658 1111 eo
1685 1071 1790 1123 quod
1808 1074 1870 1111 ali-

46 1126 100 1166 ud
125 1127 324 1166 consilium
347 1127 465 1166 secuti
491 1140 572 1167 non
591 1127 663 1167 sint
679 1157 691 1176 ,
723 1127 760 1168 δε
784 1128 938 1180 culpam
962 1129 1002 1168 in
1028 1140 1118 1169 eum
1145 1131 1354 1172 conferunt
1372 1161 1385 1181 ,
1419 1133 1484 1184 qui
1513 1131 1658 1171 consilii
1682 1133 1874 1183 praesentis

48 1186 182 1226 auctor
199 1188 346 1236 extitit,
377 1188 468 1228 ni'nil
492 1188 602 1241 pensi
616 1189 830 1236 hebentes,
859 1200 954 1228 num
980 1190 1120 1229 rationi
1147 1189 1222 1244 (a)
1254 1194 1428 1234 innixum
1452 1191 1595 1240 fuerit,
1625 1203 1700 1231 nec
1717 1203 1779 1231 ne.
1838 1190 1874 1230 E

48 1258 127 1297 quo
148 1245 211 1296 fit,
242 1256 285 1286 ut
307 1248 372 1298 qui
392 1247 413 1287 a
439 1249 604 1289 consiliis
625 1249 710 1289 sunt
726 1275 740 1296 ‚
772 1249 998 1289 sententiam
1029 1249 1131 1290 suam
1158 1252 1288 1292 dicere
1315 1263 1542 1301 vereantur,
1572 1253 1786 1303 multasque
1810 1263 1877 1303 pa·

45 1307 185 1345 tiantur
208 1307 306 1345 elabi
323 1306 546 1347 occasiones
562 1336 575 1356 ,
606 1320 683 1348 nec
708 1307 942 1359 tempestive
957 1320 1236 1351 commoneant
1255 1313 1494 1364 Principem,
1525 1324 1574 1352 ne
1588 1313 1744 1364 gratiam
1768 1312 1871 1350 suam

46 1365 85 1404 &
103 1364 420 1405 existimationem
444 1366 496 1404 ob
519 1375 686 1405 eventus
711 1367 883 1405 incertos
907 1370 1084 1419 periculo
1111 1371 1308 1420 objiciant,
1369 1371 1623 1411 Incommoda
1650 1370 1776 1410 isthaec
1810 1382 1876 1410 ve-

46 1426 90 1465 lis
115 1427 306 1476 remisque
330 1422 513 1479 fugienda
536 1426 620 1465 sunt
646 1424 836 1477 Principi,
866 1425 1074 1479 dandaque
1102 1440 1247 1480 opera,
1279 1441 1322 1470 ut
1348 1433 1386 1471 in
1413 1432 1560 1470 casibus
1587 1429 1755 1469 adversis
1784 1442 1877 1470 con-

45 1484 144 1525 stans
164 1484 353 1538 persistat,
385 1486 472 1525 suos
499 1484 648 1537 semper
664 1486 850 1526 excusans
871 1486 1095 1536 Ministros,
1126 1489 1194 1529 ubi
1219 1490 1471 1531 manifestem
1499 1492 1569 1530 illis
1597 1502 1677 1529 non
1705 1490 1875 1542 delique-

44 1548 148 1594 rint,
179 1556 222 1584 ut
243 1555 352 1585 tanto
382 1545 517 1597 majori
546 1547 581 1585 ei
600 1545 722 1585 adsint
743 1548 894 1595 animo,
925 1546 972 1586 ad
995 1559 1065 1587 eos
1082 1549 1188 1589 casus
1214 1552 1431 1591 vincendos
1449 1563 1494 1590 ac
1521 1549 1768 1602 superandos.
1825 1549 1879 1589 Et

50 1605 199 1645 tametsi
230 1607 269 1645 in
299 1605 478 1645 consultis
503 1605 733 1658 quibusdam
758 1604 836 1657 jam
864 1609 1089 1647 executioni
1114 1607 1209 1648 datis
1235 1610 1370 1661 aperte
1393 1619 1560 1650 erratum
1577 1609 1714 1658 fuerit,
1747 1610 1873 1649 adhuc

47 1668 220 1706 serenum
249 1665 287 1706 se
313 1667 486 1718 praebere
503 1674 685 1718 oportet:
716 1664 824 1705 Nam
848 1665 942 1719 quod
955 1666 1031 1717 jam
1039 1665 1204 1718 saffiram,
1227 1668 1391 1720 itffefflun
1406 1668 1492 1723 fieri
1511 1671 1651 1723 nequit,
1682 1680 1724 1708 ut
1739 1669 1877 1708 dicis0³

47 1727 113 1766 let.
174 1725 218 1766 In
236 1727 339 1767 casus
367 1727 581 1778 praeteritos
613 1724 816 1766 intendere
849 1736 1010 1777 oportet
1043 1731 1201 1776 oculos,
1231 1740 1275 1769 ut
1300 1730 1504 1779 discamus,
1535 1741 1615 1769 non
1649 1738 1692 1767 ut
1721 1739 1876 1769 nosmet

47 1787 278 1827 cruciemus.
338 1785 487 1827 Eadem
507 1787 621 1826 animi
640 1785 904 1839 magnitudine
921 1798 1022 1839 opus
1040 1786 1114 1836 est,
1144 1799 1188 1829 ut
1210 1802 1281 1841 per
1303 1802 1451 1830 errores
1471 1790 1721 1837 transeamus,
1742 1801 1785 1828 ac
1805 1800 1875 1841 per

48 1847 232 1899 pericula,
292 1845 456 1887 Nullum
479 1847 557 1886 sine
575 1847 645 1886 illis
663 1846 885 1898 Imperium.
949 1847 1029 1900 Qui
1056 1859 1125 1888 eos
1141 1850 1301 1890 nimium
1322 1852 1510 1899 timuerit,
1530 1851 1581 1889 nil
1600 1851 1694 1887 certi
1720 1848 1872 1898 statuet,

49 1906 88 1946 &
109 1906 218 1958 pejor
237 1906 474 1958 quandoque
500 1905 554 1946 est
583 1905 770 1946 haesitatio
802 1907 916 1946 animi
943 1918 1085 1960 anceps
1116 1909 1154 1948 ἃ
1179 1909 1316 1958 dubia,
1348 1910 1463 1961 quarn
1488 1910 1567 1960 ipse
1594 1918 1711 1947 error„
1771 1908 1878 1961 Inge-

50 1967 117 2006 nio
148 1965 392 2006 considerato
416 1967 453 2006 &
471 1975 659 2018 prompto
679 1966 835 2018 negotia
858 1965 1042 2018 indigent.
1105 1968 1145 2007 Si
1167 1969 1309 2023 singula
1340 1980 1429 2009 cum
1458 1978 1632 2008 extrema
1665 1969 1879 2008 attentione

49 2026 170 2065 curari
192 2035 417 2078 oporteret,
447 2026 566 2066 multa
598 2026 882 2079 negligerentur
904 2027 995 2077 alia,
1026 2038 1116 2069 cum
1144 2031 1358 2084 gravissimo
1386 2039 1546 2081 eorum,
1573 2038 1739 2082 quorum
1766 2030 1879 2069 intera

49 2084 124 2136 est,
155 2085 194 2126 δε
211 2086 499 2141 gubernationis
520 2086 688 2138 publicae
712 2085 960 2127 detrimento.

487 2199 1135 2267 SYMBOLUM
1199 2203 1419 2270 LXIV.

184 2345 327 2401 Ntiqui
345 2350 383 2390 in
402 2348 535 2389 militia
573 2346 745 2388 curribus
768 2343 915 2387 falcatis
935 2347 992 2388 uti
1018 2349 1101 2389 sunt
1126 2349 1245 2400 soliti,
1276 2355 1341 2404 qui
1372 2350 1480 2393 simul
1510 2361 1555 2392 ac
1583 2350 1844 2391 movebantur
1860 2378 1871 2400 ,

216 2410 335 2448 obvia
364 2420 528 2461 quaeque
556 2406 809 2456 dissecabant,
840 2419 921 2447 uno
947 2408 1168 2460 eodemque
1192 2412 1339 2464 impetu
1360 2413 1397 2453 ἃ
1426 2422 1529 2452 rotas
1547 2409 1585 2451 ὃ(
1607 2411 1725 2452 falces
1742 2413 1873 2463 impel*

215 2469 334 2512 lente.
391 2468 491 2509 Non
518 2467 629 2507 citius
650 2465 722 2507 illae
738 2467 983 2518 rotabantur,
1019 2480 1063 2509 ac
1081 2469 1158 2510 istae
1177 2471 1414 2522 sauciabant,
1446 2484 1513 2524 par
1545 2474 1715 2523 utrisque
1742 2473 1870 2511 celeri-

54 2538 113 2569 tas
139 2528 176 2568 &
200 2529 398 2579 operatio,
430 2528 609 2578 adeoque
635 2527 854 2577 symbolum
873 2539 1067 2581 promptae
1085 2534 1326 2572 executionis
1354 2535 1390 2572 in
1421 2532 1591 2583 praes'enti
1615 2532 1871 2579 Emblemate,

55 2587 218 2642 perinde
231 2598 278 2636 ac
299 2588 390 2626 olim
411 2585 515 2639 apud
536 2583 740 2625 Danielem
764 2594 860 2624 rotae
883 2589 955 2625 illae
970 2587 1091 2639 igneae
1107 2590 1274 2630 accensae
1300 2593 1337 2630 in
1361 2592 1505 2631 throno
1531 2590 1604 2644 (h)
1637 2590 1714 2630 Dei
1733 2591 1871 2641 quibus

57 2650 96 2688 ἃ
114 2648 300 2700 potentiae
325 2645 464 2686 divinae
489 2646 567 2685 vim
591 2644 630 2685 &
659 2644 846 2698 operandi
876 2647 1127 2687 velocitatem
1155 2650 1418 2690 adumbrabat.
1477 2650 1650 2702 Tempus
1683 2662 1871 2702 opportu-

54 2720 149 2750 num
177 2708 245 2747 sibi
274 2705 394 2746 sumat
425 2705 629 2759 prudentia
652 2705 728 2761 (ut
759 2705 959 2761 diximus>
989 2707 1037 2747 ad
1060 2709 1371 2758 consultandum,
1403 2720 1441 2750 at
1462 2709 1626 2750 statuere
1654 2711 1690 2750 &
1715 2710 1870 2760 exsequi

57 2770 110 2808 ita
130 2768 198 2808 fibi
221 2767 388 2807 invicem
416 2764 532 2806 velim
551 2763 829 2818 respondeant,
859 2777 902 2806 ut
932 2779 1011 2806 uno
1034 2767 1252 2821 eodemque
1274 2781 1385 2810 motu
1409 2772 1535 2823 agitari
1566 2770 1788 2818 videantur,
1820 2782 1869 2809 ne

57 2830 133 2868 ulla
154 2825 368 2868 intercedat
396 2835 526 2866 morat
560 2834 718 2876 oportet
743 2827 844 2867 enim
871 2827 1100 2868 consultatio
1117 2829 1153 2869 &
1172 2833 1352 2870 executio
1374 2844 1507 2871 manus
1526 2831 1593 2871 sibi
1617 2830 1754 2870 mutuo
1782 2844 1869 2881 por-

58 2890 207 2941 rigant,
239 2896 281 2926 ut
298 2887 413 2925 altera
441 2886 591 2925 alterius
623 2885 749 2937 adjuta
783 2898 881 2939 ope,
911 2889 1031 2928 ambae
1055 2888 1163 2929 simul
1197 2891 1324 2930 bonos
1349 2887 1510 2931 effecius
1539 2891 1608 2946 (c)
1638 2891 1866 2943 producant.

58 2949 223 2988 Carolus
240 2946 292 2987 V.
315 2947 527 2998 Imperator
541 2945 670 2985 dicere
697 2944 864 2996 solebat,
894 2950 1055 2990 animam
1077 2950 1221 2990 consilii
1251 2950 1467 2992 tarditatem
1499 2951 1575 2992 esse
1591 2981 1602 3000 ,
1633 2953 1867 2991 celeritatem

830 3006 862 3046 B
880 3008 904 3047 b
922 3009 947 3048 b
975 3009 999 3047 b
1781 3020 1871 3048 exe-

159 3131 215 3175 (a)
241 3127 404 3178 Fili‚fine
419 3126 548 3178 consilio
563 3126 659 3166 nihil
664 3126 806 3180 facias,
834 3127 879 3172 ὀ·
897 3126 968 3181 pqst
984 3126 1126 3173 fastum
1143 3141 1208 3163 non
1217 3125 1410 3180 poenitebis‚
1440 3130 1567 3165 Eccles.
1600 3141 1654 3169 22.
1673 3144 1736 3177 24.
1792 3132 1865 3180 (b)

64 3177 217 3217 Phronus
230 3183 301 3229 ejus
304 3180 455 3235 flammae
472 3183 582 3234 Ignis,
609 3192 691 3218 rota
713 3183 784 3229 ejus
806 3184 899 3233 {gnis
927 3179 1092 3226 accensus.
1122 3182 1213 3217 Dan.
1239 3195 1275 3229 7.
1311 3185 1346 3218 6.
1401 3185 1457 3229 (c)
1485 3181 1686 3232 P1·j.«t‘?qumn
1706 3185 1869 3235 incipias,

64 3230 239 3278 confidito,
257 3233 302 3276 ὠ·
320 3234 379 3273 ubi
392 3234 593 3282 confirmeris
606 3251 617 3272 .·
642 3244 785 3272 mature
789 3235 896 3286 saffo
920 3245 1021 3288 opu5;
1045 3236 1103 3271 ita
1124 3243 1309 3287 utrumque
1316 3243 1382 3286 per
1396 3233 1435 3279 fi
1448 3233 1623 3286 affiigens.
1649 3234 1803 3273 alterum
1819 3237 1871 3274 al·

68 3287 181 3323 terius
203 3287 338 3324 auxilio
353 3290 468 3341 vzget.
496 3288 631 3326 Sallust.
