2132 3730
233 244 320 288 314
658 232 1007 275 DJDAC]
1066 232 1595 285 SAAVEDRAE

1732 302 1735 307 ¹
1774 305 2028 321 Ἣ

657 427 1296 506 SYMBOLUM
1337 414 1589 509 LXXI.

216 1921 467 2066 QUID
487 1941 568 1970 non
589 1929 712 1971 vincit
730 1928 840 1971 labor
849 1927 1048 1984 improbus
1064 1930 1085 1970 ?
1115 1928 1247 1971 domat
1263 1929 1428 1982 ferrum,
1457 1929 1606 1973 emollit
1624 1944 1674 1974 aes
1690 1963 1702 1983 ,
1733 1943 1866 1973 aurum
1882 1933 1919 1974 in
1939 1931 2025 1973 sub-·
2089 1948 2096 1955 ⁵

394 1990 568 2029 tilissirnas
600 1989 706 2030 ducit
733 1990 982 2040 laminas,'&
1022 1990 1249 2032 duriffirnum
1283 1992 1415 2032 incidit
1444 1991 1699 2036 adamantem.
1723 2011 1726 2016 ¹
1758 1992 1894 2032 Mollis
1924 1992 2026 2032 funis

395 2059 525 2090 motus
552 2049 800 2091 diuturnitate
824 2058 1074 2090 marmoream
1108 2054 1222 2091 etiam
1251 2052 1359 2104 putei
1382 2052 1589 2104 marginem
1610 2050 1743 2092 senfim
1767 2053 1921 2098 atter-im
1951 2063 2027 2103 qua

216 2109 523 2150 consideratione
539 2108 576 2149 S.
599 2109 784 2159 Isidorus,
815 2109 903 2150 curn
923 2111 1039 2150 literis
1066 2110 1171 2151 daret
1194 2120 1376 2164 operam,
1405 2112 1544 2163 ingenii
1565 2111 1619 2150 sui
1639 2110 1854 2150 tarditatem
1871 2109 2027 2163 supera.

215 2171 287 2210 vit.
348 2167 471 2222 Quod
495 2178 664 2221 unquam
685 2170 964 2210 munimentum
984 2171 1221 2221 excogitavit
1256 2169 1489 2210 defensionis
1525 2180 1655 2219 amor,
1687 2169 1794 2220 quod
1823 2168 2026 2210 obfirmata
2088 2208 2091 2217 ,

213 2229 422 2282 pertinacia
441 2238 521 2268 non
540 2229 763 2282 expugnet?
792 2228 934 2269 Muros
953 2226 1064 2269 etiarn
1091 2228 1320 2269 densissirnos
1348 2227 1667 2281 validiffimosque
1693 2229 1837 2269 subruit
1860 2228 2027 2270 obstina-
2091 2220 2099 2258 ’ἶ

216 2297 278 2329 tus
300 2290 466 2341 impetus
488 2287 637 2329 ferratae
673 2289 820 2338 trabis,
852 2301 963 2341 quam
997 2291 1167 2330 Arietem
1197 2289 1341 2340 antiqui
1376 2289 1680 2340 nuncupabant,
1711 2287 1733 2328 a
1763 2288 1888 2329 forma
1917 2284 2025 2330 nimi-
2094 2309 2102 2327 J

213 2360 299 2389 rum
323 2349 467 2388 arietini
500 2349 655 2400 capitis,
677 2360 790 2400 quarn
808 2343 1012 2389 referebat.
1074 2346 1243 2387 Castrum
1261 2346 1447 2388 fulmineo
1466 2345 1658 2399 glandium
1673 2348 1796 2387 imbre
1813 2350 2023 2399 munitum,

215 2408 363 2460 septum
396 2408 537 2455 muriS‚
568 2410 893 2461 propugnaculis,
932 2406 969 2447 δι
1002 2406 1132 2456 foffiS‚
1162 2408 1257 2459 palae
1279 2405 1433 2447 tandem
1464 2408 1644 2460 acligoni
1663 2406 1778 2447 cedit.
1837 2409 2024 2449 Animum
2092 2412 2095 2415 *

215 2466 452 2507 constantem
476 2467 576 2506 nulla
603 2475 771 2507 moratur
797 2467 1007 2507 difficultas
1071 2460 1276 2535 Templum
1303 2467 1431 2519 gloria>
1449 2478 1531 2508 non
1557 2467 1596 2508 in
1620 2463 1765 2507 arnoenfi
1790 2468 1889 2508 valle
1907 2467 2036 2510 situm.

214 2527 270 2567 est
287 2555 300 2576 ‚
329 2538 457 2579 neque
476 2527 514 2566 in
540 2526 710 2567 delitiosa
737 2528 860 2579 aliqua
877 2528 1062 2579 planitie,
1093 2524 1210 2567 sedin
1231 2528 1379 2566 vertice
1402 2528 1545 2567 montis
1561 2554 1574 2577 ,
1607 2526 1685 2579 quo
1698 2526 1933 2568 subeundum
1950 2538 2023 2580 per
2131 2559 2132 2567 ,

215 2588 361 2640 asperas
380 2587 557 2636 semitas,
586 2594 725 2639 vepres
747 2587 846 2628 inter
874 2587 911 2627 &
933 2587 1068 2639 spinas.
1127 2585 1224 2626 Non
1252 2585 1435 2638 producit
1461 2586 1607 2640 palmas
1625 2586 1744 2628 solum
1771 2588 1889 2627 molle
1906 2599 1951 2628 ac
1967 2596 2024 2630 te„-

213 2658 362 2691 netum.
422 2645 585 2699 Templa
602 2645 821 2698 Minervae,
850 2644 992 2696 Marti,
1023 2645 1060 2687 &
1080 2643 1240 2686 Herculi
1260 2645 1379 2700 <Diis
1406 2646 1458 2686 ob
1475 2647 1657 2687 virtutem
1687 2647 1789 2687 suam
1815 2645 2023 2701 gloriosis>

215 2708 434 2747 consecrata
451 2718 532 2747 non
549 2717 670 2759 opere
688 2705 891 2747 Corinthio
909 2706 974 2747 seu
1005 2707 1171 2758 topiario
1185 2736 1197 2755 ‚
1227 2707 1339 2746 variis
1362 2705 1400 2746 δι
1426 2704 1661 2760 elegantibus
1682 2707 1864 2747 caelaturis
1887 2706 2020 2760 insigni
2085 2695 2100 2765 ἱ.

215 2764 431 2806 constructa
460 2775 568 2806 erant
585 2792 597 2816 ,
625 2765 721 2807 sicut
752 2765 927 2807 dedicata
947 2764 1068 2806 Florae
1091 2765 1287 2806 &Veneri
1303 2795 1317 2815 ‚
1345 2763 1409 2805 sed
1441 2777 1563 2819 opere
1590 2765 1741 2807 Dorico
1768 2767 1948 2820 impolito
1975 2777 2021 2806 ac
2090 2781 2093 2785 ·

214 2825 300 2866 rudi
315 2825 459 2876 absque
473 2827 553 2865 ullo
589 2827 790 2867 oculorum
818 2823 1123 2866 oblectamento:
1154 2837 1226 2866 nec
1250 2824 1351 2866 aliud
1370 2826 1582 2867 eorundem
1606 2825 1812 2867 coronides
1833 2823 2018 2868 testaban-
2099 2835 2101 2844 ’

215 2895 277 2926 tur
303 2896 347 2924 ac
371 2885 564 2937 zephori,
593 2884 708 2937 quam
732 2883 754 2926 ὲ
773 2886 905 2927 labore
927 2887 989 2926 illa
1022 2885 1130 2926 fuisse
1154 2884 1330 2935 aedificia,
1361 2897 1442 2926 non
1474 2899 1496 2926 a
1524 2885 1667 2927 deliciis
1698 2894 1764 2926 aut
1792 2888 1887 2926 otio.
1945 2884 2019 2926 Ar·-

214 2956 285 2998 gos
307 2945 416 2985 navis
455 2945 552 2984 inter
586 2944 704 2986 fidera
722 2947 898 2986 translata
927 2957 1007 2986 non
1030 2944 1125 2994 fuit,
1156 2945 1335 2998 quamdiu
1352 2947 1449 2986 intra
1463 2946 1612 2986 navalia
1632 2945 1809 2986 conclusa
1829 2942 2015 2992 substitit;

215 3001 280 3045 sed
293 3000 503 3057 postquam
520 3002 645 3045 ventis
659 3000 890 3046 &fluctibus
911 3005 987 3045 sese
1016 2976 1219 3058 objiciens,
1248 2999 1494 3063 tempestates
1522 3015 1566 3045 ac
1579 3002 1747 3064 pericula
1764 3013 1910 3044 eventu
1935 3003 2022 3045 feli-

217 3066 251 3103 ci
268 3062 448 3104 sustinuit.
507 3061 649 3104 Nullus
671 3074 837 3118 unquam
857 3056 1038 3118 Princeps
1060 3063 1188 3118 plures
1206 3059 1368 3118 adeptus
1396 3064 1450 3106 est
1473 3063 1667 3115 Coronas,
1697 3065 1760 3116 qui
1779 3063 1862 3104 otio
1889 3062 1928 3104 δι
1950 3063 2019 3104 de·

215 3125 308 3163 liciis
337 3123 412 3163 sese
437 3121 593 3163 dedidit.
656 3122 845 3165 Omnibus
876 3127 1034 3166 omnino
1062 3125 1279 3165 hominibus
1307 3126 1414 3166 labor
1441 3119 1496 3166 est
1515 3119 1766 3172 neceffariuS,
1789 3120 2010 3176 cumprimis

216 3182 313 3223 vero
333 3183 514 3236 Principi:
544 3193 593 3224 ex
609 3184 688 3223 aliis
707 3186 808 3224 enim
830 3187 990 3238 quisque
1013 3185 1080 3225 fibi
1106 3195 1215 3224 natus
1236 3183 1291 3225 est
1316 3185 1457 3233 solum,
1489 3185 1669 3236 Princeps
1705 3184 1903 3234 omnibus,
1934 3184 2012 3224 Re-

215 3249 331 3297 gnare
342 3254 422 3295 non
433 3244 571 3297 quietis
590 3242 757 3285 officium
773 3242 839 3290 est.
897 3244 1058 3292 Erants
1072 3246 1138 3298 qui
1152 3256 1281 3286 coram
1302 3244 1500 3297 Alphonso
1518 3244 1625 3297 Rege
1641 3243 1836 3297 Aragonio
1853 3243 1891 3285 &
1903 3242 2012 3285 Nea-

1936 3313 2012 3358 1³0:
