2132 3730
239 176 270 204 2
680 158 722 200 D
754 158 780 200 I
804 159 847 200 D
874 158 1030 200 Aes]
1060 156 1115 199 ‘S
1139 157 1389 202 A‘AvVE
1417 157 1461 200 D
1490 158 1529 200 R
1558 157 1620 201 AE

237 241 360 284 reniss'.
424 239 691 293 Hispaniarum
707 241 834 281 Infans
853 241 1074 282 Serenitatis
1106 241 1144 280 V
1147 242 1252 282 estrae
1278 232 1459 291 Patruus,
1483 233 1747 296 gloriofiffimae
1768 236 2052 293 meirioriae‘J&

237 303 315 356 jam
341 313 424 343 tum
439 297 552 342 norat
567 300 778 354 prudenter
799 301 989 353 mandata?
1004 301 1117 352 dare,
1137 302 1175 342 &
1193 315 1303 355 agere
1328 303 1493 342 fortiter.

671 359 803 411 ‘L’eta
820 358 1057 430 preco(,lb‚‚
1071 380 1093 412 e
1111 358 1433 429 laspeianzm
1469 381 1491 413 e
1495 360 1640 432 presti

431 468 434 472 ·
685 430 941 483 Pareano·=2
955 433 1063 501 fior
1079 464 1094 486 ‚
1122 433 1321 501 quando
1341 431 1563 502 n'ustiro,
1583 437 1603 484 i
1602 430 1779 501 frueti.

328 558 330 562 ,
477 498 809 571 Spemstmul‚
834 516 978 575 atque
995 522 1147 554 annos
1160 514 1472 573 praevertens,
1485 501 1634 570 fudit
1654 509 1859 576 opimos,

362 641 364 644 y
482 571 611 624 Cum
619 568 772 645 flores
796 572 1164 643 aetassp‘onderet
1189 574 1435 643 primula,
1445 573 1658 637 frted't'us,

364 650 367 655 '
406 640 533 692 Cyrus
560 643 770 685 admodum
793 642 909 697 puer,
932 647 979 686 ὅτ’
998 645 1018 685 a
1039 646 1244 686 coaetaneis'
1270 645 1422 686 electus·
1445 649 1483 686 in
1505 647 1678 701 Regem,
1711 649 1748 686 in
1770 643 1819 686 ea
1834 641 1988 685 aetatulz'i
2012 643 2052 683 ὅτ,

240 701 404 754 imperio
423 703 559 755 puerili
589 714 668 744 tam
700 707 879 756 praeclara
907 705 1027 746 edidit
1054 705 1246 755 facinora,
1274 716 1317 745 ut
1340 707 1523 746 latentem
1548 707 1847 761 magnitudinem
1875 705 1986 744 animi
2011 704 2051 743 &

235 761 407 801 indolem
427 764 567 816 regiam
585 763 669 803 satis
687 763 919 807 ostenderet.
951 792 956 797 -
980 765 1133 819 Egregii
1153 767 1297 806 scilicet⁴
1314 775 1456 806 naturae
1475 777 1628 819 partus,
1646 767 1717 820 ipsi
1734 767 1810 806 sese
1828 765 1962 816 suopte
1980 775 2051 802 nu-

238 831 283 862 tu
306 821 489 874 produnt.
548 822 584 862 E
617 824 701 863 rudi
727 828 843 865 etiam
866 825 911 865 «ὅτ
938 825 1113 867 nondum
1134 836 1343 879 expurgata
1360 828 1603 868 metallorum
1628 825 1742 868 maffa
1770 825 1941 865 scintillat
1964 822 2049 862 ada-

240 894 342 930 mas,
362 881 400 922 &
426 882 642 935 resplendet
665 895 812 924 aurum.
874 883 1097 925 Leunculus
1121 885 1230 926 simul
1269 899 1314 926 ac
1344 888 1471 926 lucem
1494 886 1644 939 aspicit,
1676 887 1763 926 suos
1784 887 1960 937 explorat
1983 894 2051 921 un-

241 954 359 996 gues,
394 942 430 982 &
447 944 591 995 regium
611 944 720 982 velut
740 943 935 984 ostentans
959 946 1125 986 animum
1148 946 1367 986 adhucdum
1383 947 1588 986 humentes
1608 948 1695 985 colli
1717 946 1827 997 jubas
1854 943 2051 992 concutit,

240 1001 470 1053 &praeludit
488 1014 638 1054 pugnae.
699 1002 823 1043 Lusus
843 1003 1061 1057 Principum
1086 1008 1275 1057 puerileS,
1301 1006 1350 1046 ad
1374 1018 1471 1058 quos
1498 1017 1641 1046 naturae
1676 1005 1852 1046 feruntur
1881 1006 2052 1055 impetu,

241 1061 435 1101 actionum
457 1063 707 1103 maturiorum
726 1062 827 1116 figna
846 1063 930 1104 sunt
946 1094 959 1114 ,
993 1064 1032 1104 ἃ.
1054 1065 1310 1119 prognostica.
1371 1065 1524 1106 Natura
1555 1077 1751 1117 nunquam
1780 1064 1920 1115 absque
1944 1063 2051 1101 omni

235 1122 396 1174 negotio
417 1121 495 1171 est,
523 1133 574 1162 ne
602 1123 649 1162 ad
666 1133 908 1163 momentum
930 1123 1108 1176 quidem3
1140 1127 1231 1177 quin
1250 1127 1296 1165 ab
1322 1126 1405 1177 ipso
1428 1128 1548 1178 prolis
1578 1135 1718 1166 exortu
1746 1124 1923 1165 solertem
1949 1121 2054 1160 adhi-

236 1181 304 1221 bet
325 1193 510 1234 operam,
533 1191 577 1221 ut
598 1195 740 1235 corpus
761 1182 836 1223 una
855 1194 971 1235 atque
993 1186 1140 1225 animus
1168 1185 1385 1225 formentur
1407 1183 1545 1237 probe.
1603 1185 1661 1225 Ea
1685 1196 1727 1224 re
1756 1195 1926 1223 amorem
1947 1183 2053 1221 illum

238 1250 315 1282 tam
336 1242 589 1282 vehementer
608 1244 833 1296 parentibus
850 1244 1010 1293 indidit,
1037 1246 1102 1297 qui
1121 1257 1251 1286 curam
1270 1255 1382 1285 acuat
1398 1246 1540 1285 liberos
1567 1244 1672 1286 reete
1691 1242 1929 1294 honesteque
1961 1241 2054 1280 edu·

236 1301 370 1347 candi-3
387 1314 437 1342 ne
458 1301 554 1342 vero
572 1303 663 1355 ipsi,
682 1303 790 1356 quod
806 1302 888 1344 fieri
920 1316 1200 1357 nonnunquam
1226 1305 1344 1355 solet,
1368 1304 1478 1345 simul
1504 1318 1593 1346 cum
1617 1306 1774 1345 nutricis
1798 1305 1927 1343 alienae
1950 1300 2050 1341 lacte

234 1363 330 1403 vitia
347 1363 460 1401 etiam
486 1361 524 1402 δι
540 1375 670 1403 mores
694 1364 894 1416 improbos
911 1365 1166 1415 imbiberent,
1187 1375 1329 1406 matres
1354 1365 1448 1417 ipsas
1468 1365 1603 1406 eadem
1618 1364 1782 1418 provida
1805 1361 2048 1414 dispensatrix

234 1432 368 1462 natura
393 1421 536 1474 duplici
564 1423 667 1474 quasi
691 1423 865 1463 instruxit
881 1423 993 1464 fonte
1012 1425 1241 1465 candidioris
1258 1426 1465 1478 sanguinis,
1485 1426 1590 1466 unde
1609 1427 1786 1465 alimenta
1802 1423 2050 1474 suppeterent

236 1481 359 1523 foetui.
413 1483 466 1521 At
481 1483 614 1522 inertia
631 1513 643 1531 ,
669 1492 734 1523 aut
754 1483 890 1523 formae
914 1485 1133 1524 amittendae
1155 1495 1281 1525 metus
1303 1497 1383 1525 non
1406 1485 1490 1526 raro
1516 1488 1552 1525 in
1579 1484 1701 1525 caussa
1725 1483 1797 1533 est,
1822 1495 1889 1523 cur
1907 1490 2049 1521 matres

233 1554 316 1582 non
336 1541 476 1592 absque
503 1543 634 1595 insigni
657 1543 897 1595 Reipublicae
920 1545 1154 1584 detrimento
1181 1545 1248 1584 suo
1274 1544 1381 1597 fungi
1406 1547 1530 1586 nolint
1550 1546 1698 1594 officio,
1724 1544 1762 1585 &
1786 1544 1904 1595 prolis
1931 1539 2045 1580 lacta-

236 1603 384 1641 tionem
403 1603 647 1642 committant
680 1604 771 1643 aliis.
832 1604 914 1656 Qui
932 1605 1070 1644 abusus
1087 1618 1174 1648 cum
1194 1606 1245 1645 ita
1271 1603 1385 1645 facile
1408 1606 1545 1658 corrigi
1572 1614 1764 1657 nequeat,
1789 1601 1912 1642 danda
1938 1600 2046 1640 mini-

235 1661 341 1702 mum
364 1660 419 1699 est
438 1673 579 1712 opera,
607 1671 652 1701 ut
675 1674 834 1713 magnus
852 1663 897 1702 ea
913 1665 951 1703 in
969 1676 1010 1704 re
1031 1665 1217 1704 habeatur
1244 1664 1429 1704 delectus.
1491 1663 1579 1718 Esto
1605 1678 1641 1705 es
1664 1663 1817 1719 (verba
1844 1663 1926 1701 sunt
1952 1660 2046 1712 sapi-

236 1720 408 1761 entrffirni
425 1720 541 1772 Regis
561 1720 772 1773 Alphonsl‚
792 1723 856 1773 qui
879 1730 988 1761 terrae
1014 1725 1188 1774 caeloque
1217 1724 1442 1774 praescripslt
1458 1724 1596 1776 leges)
1622 1737 1663 1763 en
1684 1722 1797 1763 darles
1819 1722 1932 1763 Amas
1939 1716 2048 1771 sanas

227 1793 254 1834 y
268 1779 344 1820 bien
359 1777 656 1833 acastumhradas,
677 1794 694 1819 e
718 1780 759 1820 de
781 1781 867 1820 lmen
890 1781 1009 1831 linaie,
1026 1795 1067 1821 ca
1090 1782 1165 1821 bien
1184 1781 1235 1833 asi
1247 1794 1332 1821 como
1348 1781 1378 1820 el
1392 1778 1538 1832 ninnoso
1551 1784 1739 1835 govierna‚
1764 1794 1782 1820 e
1799 1777 1837 1832 se
1857 1782 1930 1820 cria
1949 1791 1990 1819 en
2018 1777 2051 1819 el

231 1847 350 1890 cuerpo
370 1837 411 1877 de
435 1838 468 1877 la
490 1837 629 1888 madre,
643 1835 748 1891 fasta
764 1851 828 1892 que
845 1851 948 1888 noce,
967 1836 1109 1891 otrofift’
1125 1842 1313 1891 govierna,
1333 1853 1352 1879 e
1359 1836 1399 1890 fi’
1413 1843 1487 1880 cria
1501 1839 1555 1878 del
1571 1841 1687 1888 Ama,
1711 1837 1805 1891 destie
1819 1852 1883 1892 que
1898 1838 1926 1878 le
1945 1837 1992 1877 da
2015 1837 2050 1877 la

231 1906 326 1949 teta,
340 1894 444 1949 fasta
463 1911 526 1951 que
544 1898 620 1950 gela
639 1902 757 1948 tuere,
781 1912 799 1937 e
810 1907 940 1952 porque
955 1899 985 1938 el
998 1901 1118 1950 tienzjm
1135 1897 1176 1938 de
1192 1899 1226 1939 la
1247 1900 1412 1949 crianza,
1433 1913 1468 1938 es
1494 1912 1567 1939 mas
1586 1899 1715 1951 luengo,
1733 1911 1797 1952 que
1812 1899 1843 1937 el
1851 1898 1892 1937 de
1909 1898 1942 1937 Ia
1961 1896 2047 1936 Ma·

232 1958 315 2008 dre,
321 1966 389 2010 por
400 1956 482 1998 ende
494 1970 536 1997 no
543 1956 654 2008 potede
663 1955 741 2008 fer,
770 1971 885 2010 queuo
903 1958 1022 1998 riceba
1042 1959 1156 1999 inacho
1179 1958 1232 1998 del
1250 1958 1537 2008 contenente,ede
1558 1958 1609 1997 las
1631 1956 1832 2013 ostumbres
1855 1956 1910 1997 del
1938 1956 2050 2000 Ama.

233 2019 414 2061 Nimirum
429 2019 577 2058 nutrices
596 2017 744 2072 prolibus
748 2017 846 2068 Jcmae
858 2048 870 2068 ,
890 2018 970 2057 hene
984 2026 1124 2057 moratae
1137 2049 1150 2067 .,
1166 2031 1207 2057 ac
1226 2019 1287 2058 loco
1306 2017 1435 2067 honesto
1451 2026 1542 2058 natae
1550 2016 1798 2069 constituantur
1806 2022 1942 2068 oportet.
1985 2018 2051 2057 Uti

232 2080 370 2119 enimin
399 2079 522 2118 matris
549 2085 663 2126 utero,
693 2076 792 2117 donec
808 2079 844 2116 in
869 2077 970 2117 lucem
997 2077 1165 2129 prodeat,
1177 2076 1360 2129 formatur
1380 2077 1497 2118 infans
1519 2085 1622 2130 atque
1646 2077 1772 2126 alitur,
1796 2079 1847 2116 ita
1877 2090 1902 2117 a
1918 2079 2048 2118 matrice

232 2137 372 2186 deinde,
395 2136 556 2190 quamdiu
581 2133 719 2191 effusdem
733 2135 878 2188 fruitur
899 2138 1003 2186 leffe,
1025 2144 1181 2177 rautrztur
1202 2136 1253 2182 &⁹
1269 2137 1442 2178 educatur.
1506 2137 1589 2177 Cum
1614 2138 1730 2190 itaque
1753 2136 1885 2190 longiori
1903 2143 2048 2188 tempore

233 2212 258 2239 a
276 2200 430 2247 nutrice,
447 2210 587 2251 quamn
605 2204 715 2238 matre
727 2194 912 2249 pascatur,
927 2194 1014 2249 fieri
1030 2200 1165 2252 nequit,
1190 2200 1272 2251 quin
1295 2200 1437 2238 nutricis
1457 2210 1705 2252 qctoquenzores
1723 2205 1827 2250 atque
1851 2195 1988 2237 indolem
2011 2198 2050 2235 in

224 2256 275 2310 se*
279 2255 479 2311 plerumque
505 2258 685 2308 exprimat.
1392 2276 1393 2279 =

373 2338 375 2341 ν
387 2317 423 2368 §.
455 2318 586 2358 Altera
609 2326 813 2370 parentum
834 2319 1018 2371 obligatio
1036 2316 1090 2358 est
1108 2315 1534 2367 institutioliberorum,
1558 2315 1596 2357 &
1611 2315 1815 2368 disciplina.
1875 2312 1946 2371 (a)
1964 2315 2047 2356 Vix

237 2379 358 2419 ullum
381 2376 437 2418 est
452 2379 620 2429 reperire
637 2379 772 2417 animal
792 2378 899 2429 quod
920 2378 1054 2418 foeturn
1078 2379 1185 2418 suum
1206 2376 1294 2417 ante
1316 2376 1518 2426 destituat,
1534 2375 1648 2429 quam
1663 2376 1746 2417 satis
1763 2373 1965 2415 instructus
1981 2377 2045 2415 ille

234 2438 294 2479 fit.
357 2436 450 2477 Nec
470 2438 628 2478 minoris
653 2439 840 2478 momenti
859 2436 933 2488 est,
955 2438 1062 2490 quod
1088 2439 1135 2477 ab
1164 2437 1394 2477 educatione
1417 2436 1686 2489 proficiscitur,
1720 2434 1834 2488 quam
1852 2435 1959 2486 quod
1978 2447 2044 2474 na-

236 2507 322 2538 tura
347 2498 393 2537 ab
421 2498 529 2537 initio
553 2499 738 2546 contulit,·
762 2498 1016 2550 praeterquam
1036 2497 1142 2550 quod
1165 2497 1399 2537 documenta
1432 2497 1470 2536 &
1489 2497 1752 2548 correptiones
1768 2504 1971 2546 parentum
1989 2494 2044 2534 fa-

234 2559 364 2607 cilius,
399 2556 513 2609 quam
534 2559 694 2598 aliorum
717 2557 918 2598 admittant
944 2557 1022 2598 filii.
1086 2553 1154 2613 (h)
1186 2558 1215 2596 11·
1243 2558 1483 2610 cumprimis,
1513 2557 1577 2608 qui
1608 2554 1808 2596 illustribus
1839 2556 1913 2594 orti
1941 2563 2045 2594 nata-

236 2619 338 2658 libus
357 2617 404 2657 ab
426 2616 671 2658 inferioribus
692 2618 798 2671 dirigi
817 2619 1045 2670 plerumque
1061 2625 1240 2657 renuunt.
1300 2617 1341 2657 In
1361 2617 1484 2669 prima
1508 2616 1562 2656 sui
1592 2616 1861 2668 procreatione
1888 2614 1940 2653 nil
1964 2615 2046 2665 qui-

238 2677 329 2717 dem
350 2687 490 2730 praeter
511 2690 652 2730 corpus
680 2677 700 2717 a
718 2687 826 2730 patre
848 2680 999 2730 accepit
1026 2677 1147 2724 filius;
1175 2677 1296 2716 anima
1328 2687 1496 2729 namque
1524 2676 1643 2716 solum
1674 2674 1807 2714 Deum
1840 2674 2044 2713 authorem

238 2737 357 2777 habet
371 2768 383 2787 ,
406 2742 520 2789 quam
539 2737 609 2778 nisi
629 2737 772 2779 deinde
790 2739 908 2789 magis
931 2739 1124 2792 magisque
1140 2738 1294 2777 excolat
1314 2735 1526 2776 erudiendo
1547 2745 1679 2788 pater,
1704 2733 1773 2788 (c)
1794 2735 1876 2773 veri
1895 2731 2044 2771 absolu-

238 2798 348 2849 tique
368 2799 485 2849 patris
510 2811 654 2839 nomen
678 2800 746 2838 vix
767 2798 988 2842 merebitur.
1049 2796 1140 2837 Nec
1160 2799 1199 2836 in
1220 2796 1414 2849 Scriptura
1429 2808 1578 2837 novum
1592 2826 1603 2844 ,
1630 2793 1845 2847 magistrum
1863 2792 2044 2843 appellari

233 2866 402 2910 patrem.
459 2857 568 2910 Jubal
586 2860 768 2911 exemplo
794 2858 860 2905 sit,
891 2860 956 2909 qui
974 2859 1118 2910 primus
1146 2856 1336 2896 Muficam
1355 2856 1524 2896 edocuit.
1584 2854 1660 2909 (d)
1679 2853 1731 2894 Et
1754 2853 1835 2903 quis
1861 2851 2051 2904 obsecro,

239 2917 376 2959 melius
394 2917 475 2968 ipso
495 2917 672 2970 Principe
690 2918 870 2958 erudierit
885 2917 1004 2959 filium
1018 2948 1030 2967 ,
1053 2916 1257 2970 quomodo
1273 2917 1478 2956 conciliare
1496 2923 1678 2967 oporteat
1691 2910 2053 2966 majestatem‚o;uo-

1966 2986 2052 3015 mo-

1792 3051 1874 3060 —-

348 3078 406 3119 (a)
433 3073 513 3110 Filii
526 3070 713 3118 tibistmt?
729 3074 831 3110 erudi
845 3074 927 3111 illos.
956 3074 1049 3111 Eccl.
1068 3086 1103 3120 7.
1129 3087 1191 3118 25.
1245 3075 1306 3119 (b)
1331 3071 1482 3109 Educati
1486 3069 1658 3124 siquidem
1677 3068 1771 3106 rec‘le
1795 3067 1821 3105 ιὶ
1833 3070 2047 3123 parentibus

235 3136 301 3179 per
305 3124 448 3172 flmdhs
472 3124 518 3168 ῤ’
522 3123 633 3175 justos
650 3139 758 3162 mores
773 3128 898 3163 merito
917 3124 996 3164 boni
1016 3125 1183 3163 evadent.
1237 3124 1384 3162 Aristot.
1410 3125 1554 3161 oecon.
1576 3122 1599 3159 l.
1618 3134 1654 3158 2-
1705 3124 1764 3165 (c)
1788 3125 1970 3175 Sapientia
1972 3124 2051 3175 fili-

242 3181 275 3216 is
284 3176 361 3224 fitis
374 3180 497 3215 vitam
509 3176 671 3224 infirat.
696 3179 779 3216 Ecc.
799 3193 835 3227 4.
859 3192 915 3216 12.
1009 3179 1071 3225 (d)
1108 3184 1217 3217 Pater
1229 3178 1431 3215 canentium
1450 3172 1594 3212 cithara
1614 3171 1660 3217 ἀ·
1673 3186 1825 3227 organo„
1843 3176 1936 3215 Gen,
1956 3192 1993 3228 4,
2012 3192 2048 3216 2.

242 3231 418 3281 Torquat.
438 3231 526 3268 Tass.
548 3189 649 3267 gofr.
1904 3249 1910 3251 -
